3488 5361
235 134 459 183 Nr. 16830
838 138 1116 186 Wien, Samstag
1532 141 2119 185 Neue Freie Presse.
2520 145 2758 188 1. Juli 1911
3176 143 3357 187 Seite 25
331 416 1498 666 Amerikanisches
1972 421 3251 668 Schuhwarenhaus
530 793 1275 999 BERTHOLD
2326 792 2884 1000 FASSEL
458 1092 1158 1179 Verkauf der Marken:
330 1261 1282 1424 Walk-Over
320 1509 1281 1755 Edwin Clapp & Son
418 1829 1188 1968 Sorosis.
2506 1080 3035 1167 Verkaufsstellen:
2435 1252 2974 1365 Budapest
2440 1386 2747 1483 Prag
2444 1504 2795 1609 Triest
2431 1626 2975 1734 Karlsbad
2444 1747 2931 1854 Lemberg
2436 1866 3046 1974 Innsbruck.
1342 1963 1757 2027 TRADE MARK REG. US. PAT. OFF.
1917 1958 2200 2024 GEO. E. KEITH COMPANY
333 2061 3244 2238 Wien, I., Tegetthoffstrasse Nr. 5
1097 2253 2467 2332 (zwischen Oper und Neuer Markt).
319 2389 3242 2567 Filiale: Wien, VI., Mariahilferstr. 51.
271 2803 1143 2894 Landwirtſchaftliche Zeitung.
265 2931 1155 2996 Neues auf dem Gebiete der Zucker-
562 2996 840 3056 fabrikation.
384 3071 1005 3118 Vom k. k. Regierungsrat A. Stift.
268 3139 1220 3183 Wenn man den Inhalt der Fachpreſſe objektiv ver⸗
188 3184 1217 3225 folgt, ſo gewinnt man zweifellos den Eindruck, daß in
190 3229 1217 3273 der letzten Zeit, namentlich auf dem techniſchen Gebiete
187 3274 1214 3317 der Zuckerfabrikation, eine Art Stagnation eingetreten iſt.
190 3317 1216 3361 Es herrſcht eine gewiſſe Ruhe wie nach einem großen
187 3363 1215 3406 Sturm, eine Situtation, die aber ganz leicht begreiflich
187 3407 1215 3452 erſcheint, wenn man ſich die Kämpfe vergegenwärtigt, die
186 3452 1215 3496 vor einigen Jahren noch über den Wert der verſchiedenen
185 3498 1215 3541 neuen Saftgewinnungsverfahren getobt haben. Nach dieſen
187 3541 1215 3585 Kämpfen kam dann die Zeit der Klärung und der ein⸗
188 3586 1213 3629 gehenden Prüfung, die auch jetzt noch fortdauert. Auch
187 3632 1214 3672 auf dieſem Gebiet zeigte es ſich wieder einmal ganz
187 3674 1213 3717 deutlich, daß das Alte noch lange nicht ſchlecht zu ſein
186 3720 1214 3761 braucht und keineswegs verdient, einfach als überholt bei⸗
186 3763 1211 3808 ſeite geſchoben zu werden. Gerade das Alte hat vielfach
187 3808 1211 3853 neuerdings ſiegreich den Kampf beſtanden und deutlich
183 3853 1212 3896 vor Augen geführt, daß es oft ein vergebliches, ja un⸗
182 3897 1212 3942 nützes Beginnen iſt, an einem feſtgefügten Bau leichthin
183 3941 1213 3984 rütteln zu wollen, und daß auch für Neuerungen erſt die
184 3986 1211 4031 Bahn geebnet werden muß. Die Zeiten, daß ein neues
185 4030 1210 4074 Verfahren baldigſt einen Siegszug antritt, ſind vorbei,
185 4073 1211 4117 wir ſehen dies deutlich aus den Ergebniſſen der letzten
183 4117 1212 4160 Jahre. Langſam und manchmal ſchon ſehr langſam geht
185 4159 1213 4205 es vorwärts, und in demſelben Maße mögen wohl auch die
180 4203 1212 4249 Hoffnungen mancher Erfinder ſinken. Dabei zeigt ſich aber
184 4249 1210 4292 auch die Tatſache, daß vielfach die lokalen Verhältniſſe
184 4294 1210 4338 eine ganz gewichtige Rolle ſpielen und unter Umſtänden
183 4338 1209 4383 von ganz beſonderem Einfluß auf die Einführung eines
181 4383 1210 4428 beſtimmten Verfahrens ſein können. Hat ſich ja doch der
181 4425 1209 4473 Fall ereignet, daß ein Verfahren aufgegeben werden
178 4471 1210 4517 mußte, da eine befriedigende Durchführung desſelben mit
182 4515 1208 4560 dem Rübenmaterial der betreffenden Gegend ſich einfach
180 4560 1209 4606 als eine Unmöglichkeit herausſtellte! Wenn nun eingangs
180 4604 1209 4650 von einer Stagnation geſprochen wurde, ſo darf aber
178 4648 1209 4695 dieſes Wort nicht mißverſtanden und gleichſam als „Still⸗
181 4693 1205 4736 ſtand“ aufgefaßt werden. Davon iſt natürlich keine Rede,
181 4735 1207 4782 da nach wie vor die Technik redlich bemüht iſt, an dem
179 4780 1205 4827 mächtigen Gebäude der Zuckerfabrikation weiter zu bauen,
179 4823 1207 4873 beziehungsweiſe die neueren Verfahren einer genauen
179 4867 1206 4917 Prüfung zu unterziehen. Vorbei einſtweilen ſind nur die
180 4911 1211 4962 Zeiten der überſchwenglichen Hoffnungen und Er⸗
179 4967 368 5006 wartungen.
261 5007 1207 5054 Immer weitaus ruhiger, wie auch in der Natur der
176 5052 1205 5101 Sachlage liegend, ſind die praktiſchen und wiſſenſchaftlichen
177 5098 1206 5145 Arbeiten ſowie die Züchtungsbeſtrebungen auf dem Ge⸗
178 5143 1203 5186 biete der Rübenkultur und zucht ihren Weg gegangen.
180 5187 1205 5234 Man hat hier vielfach die ungeahnten und großartigen
1267 2772 2294 2815 Fortſchritte und Erfolge ganz ruhig und beinahe als
1265 2816 2292 2860 ſelbſtverſtändlich in der Entwicklung liegend hingenommen.
1269 2860 2294 2904 Je mehr ſich aber Wiſſenſchaft und Praxis mit der
1267 2905 2293 2949 Zuckerrübe beſchäftigen, um ſo mehr läßt ſich erſehen,
1269 2949 2291 2992 wie ſehr hier noch ein großes Arbeitsfeld offen iſt, das
1267 2993 2294 3036 der Bearbeitung ſpäterer Bebauer harrt. Es treten
1267 3037 2293 3080 immer wieder neue Fragen auf, die intereſſante Geſichts⸗
1266 3080 2292 3124 punkte eröffnen und zu weiteren Forſchungen Anlaß
1265 3126 2293 3172 geben. Es wird daher auch auf dieſem Gebiete emſig
1266 3170 2296 3214 weiter gearbeitet und es werden immer neue Steine zum
1264 3217 1720 3258 Weiterbau herbeigeſchaffen.
1347 3259 2295 3302 Nach dieſer allgemeinen Orientierung wollen wir nun
1268 3303 2294 3346 auf verſchiedene Arbeiten zu ſprechen kommen, die in
1266 3347 2294 3390 letzter Zeit erſchienen ſind und die gegenwärtigen neueren
1265 3391 2293 3432 Beſtrebungen kennzeichnen. Eine überaus intereſſante
1265 3434 2293 3477 Studie über die Klimafeſtigkeit des Zuckergehaltes der
1263 3478 2292 3522 jetzigen Hochzuchtzuckerrübe hat Strohmer veröffentlicht,
1266 3523 2294 3567 die uns zeigt, welch feſtes Gefüge, wenn man ſo ſagen
1264 3567 2293 3608 darf, die moderne Hochzuchtzuckerrübe beſitzt. Es iſt eine
1264 3610 2294 3655 längſt bekannte Tatſache, daß für die Zuckerrübe die
1264 3652 2291 3700 klimatiſchen Verhältniſſe, unter denen ſie erwachſen iſt,
1264 3699 2293 3743 nicht gleichgiltig ſind. Da nun bei manchen Pflanzen⸗
1264 3739 2292 3786 formen ein Klimawechſel ſogenannte „Rückſchläge“ in die
1263 3786 2293 3829 Urform (Atavismus) herbeiführt, ſo erſcheint es nicht
1264 3829 2294 3874 ausgeſchloſſen, daß auch bei der Zuckerrübe durch klima⸗
1262 3875 2290 3917 tiſche Beeinfluſſung Rückſchläge, reſpektive Veränderungen,
1264 3918 2290 3960 namentlich bezüglich des angezüchteten Zuckergehalts
1263 3962 2292 4007 herbeigeführt werden können. Um dieſe Frage nun zu
1261 4003 2292 4049 ſtudieren, hat Strohmer Hochzuchtmutterrüben, die im
1264 4049 2293 4095 Zuckergehalt von 20·0 bis 20·6 Prozent ſchwankten, in
1263 4093 2294 4137 Steinach am Brenner (Tirol) in einer Seehöhe von 1050
1261 4136 2292 4181 Metern, alſo in ausgeſprochen alpinem Klima, auf einer
1259 4180 2291 4225 Feldparzelle, die dem Gemüſebau diente, in üblicher
1260 4222 2291 4268 Weiſe ausgeſetzt. Da in der ganzen Gegend naturgemäß
1260 4267 2293 4312 kein Futterrübenbau getrieben wird, ſo war eine Fremd⸗
1260 4310 2289 4355 befruchtung zur Zeit der Blüte ausgeſchloſſen. Die
1259 4355 2289 4399 Pflanzen entwickelten ſich ganz normal und lieferten
1258 4398 2290 4442 Rübenſamen, die, wie ſich aus den meteorologiſchen Auf⸗
1259 4440 2291 4484 zeichnungen ergibt, unter weſentlich verſchiedenen klima⸗
1260 4482 2288 4528 tiſchen Verhältniſſen erhalten wurden als die Samen,
1260 4529 2290 4571 aus denen die verwendeten Mutterrüben ſtammten. Dazu
1259 4573 2288 4617 kamen auch noch die verſchiedenen Bodenverhältniſſe, die
1259 4617 2288 4659 aber, wie Strohmer früher nachgewieſen hat, von weit
1260 4658 2289 4705 geringerem Einfluß auf die Qualität und Quantität der
1256 4703 2287 4745 Rübenſamenernte ſind als individuelle Anlage und
1254 4744 2290 4791 Klima. Die geernteten Rübenſamen, die kleinknäulig
1257 4786 2288 4834 waren und in Bezug auf ihre Keimfähigkeit weit hinter
1258 4829 2287 4879 derjenigen des Normalſamens zurückblieben, kamen im
1254 4876 2286 4921 Jahre 1910 in Groß⸗Zinkendorf (Oedenburger Komitat) und
1257 4918 2288 4965 in Dürnkrut (niederöſterreichiſches Marchfeld), alſo in zwei
1256 4962 2287 5007 weſentlich voneinander verſchiedenen Lagen, zum ver⸗
1257 5005 2283 5052 gleichenden Anbau. An den genannten Orten wurde auch
1256 5050 2285 5096 derjenige Normalſamen angebaut, der in derſelben
1255 5093 2285 5138 Gegend (Böhmen) erwachſen war, woher die am Brenner
1256 5139 2286 5186 ausgeſetzten Mutterrüben ſtammten. Die Unterſuchung der
1253 5181 2289 5234 hiebei erhaltenen Nachkommen ſollte dartun, ob das
2344 2774 3377 2817 alpine Höhenklima derart eingewirkt hat, daß die Ver⸗
2344 2818 3377 2861 erbbarkeit anerzogener wertvoller Eigenſchaften darunter
2344 2862 3375 2907 litt oder, anders ausgedrückt, ob die durch Zucht er⸗
2342 2906 3375 2950 worbenen wertvollen Eigenſchaften in dieſer Richtung
2343 2950 3375 2991 auch klimafeſt waren. Was nun zunächſt die Erntereſultate
2341 2993 3374 3037 anbetrifft, ſo war die Form der an beiden Verſuchsorten
2343 3037 3373 3080 erhaltenen Rüben keine andere als diejenige bei den
2342 3080 3373 3125 normalen Rüben, wie ferner auch in Bezug auf Farbe
2343 3124 3373 3168 und Form der Blätter keinerlei Unterſchiede zu beob⸗
2343 3167 3374 3212 achten waren. Des weiteren war im Zuckergehalt kein
2341 3213 3372 3255 bemerkenswerter Unterſchied zwiſchen den aus den
2341 3254 3373 3300 Brennerſamen und den aus Normalſamen von Böhmen
2342 3300 3372 3343 erzogenen Rüben zu bemerken, woraus folgt, daß der
2342 3344 3371 3387 Zuckergehalt ſohin bei der auf Individualausleſe be⸗
2340 3387 3370 3432 ruhenden Familienzucht tatſächlich ein „ererbt Erbliches“
2341 3431 3372 3476 geworden iſt, unabhängig von Standortsverhältniſſen,
2343 3476 3367 3521 Düngung u. ſ. w. und auch durch einmalige weitgehende
2343 3521 3371 3563 klimatiſche Einflüſſe auf eine Zwiſchengeneration nicht ge⸗
2342 3564 3369 3609 ändert wird. Da ſich auch keine weſentlichen Unterſchiede
2340 3607 3369 3653 im Aſchen⸗, Stickſtoff⸗, Kali⸗ und Phosphorſäuregehalt
2340 3653 3367 3697 zwiſchen Normal⸗ und Brennerrüben ergaben, ſo iſt der
2342 3695 3369 3742 Schluß gerechtfertigt, daß auch die außer Zucker den Wert
2341 3740 3369 3786 der Zuckerrüben bedingenden anderen Faktoren nicht nur
2341 3782 3366 3830 durch die moderne Hochzucht anerzogen, ſondern auch
2340 3829 3368 3874 klimafeſt geworden ſind. Aus den Beobachtungen läßt ſich
2341 3874 3366 3919 ferner der Schluß ziehen, daß Mutterrüben von hohem
2340 3917 3367 3964 Zuckergehalt, aber von geringer Wachstumsenergie auch
2339 3962 3368 4008 Knäule von geringerer Größe und geringerer Keimkraft
2338 4005 3366 4052 ergeben, daß aber dieſelben trotzdem befähigt ſind, unter
2339 4047 3367 4095 ihren Nachkommen Rüben beſter Qualität zu liefern. Da
2340 4094 3367 4137 aber die Samen von zuckerreichen Mutterrüben eine
2339 4136 3366 4181 ſchwächere Wachstumsenergie und eine geringere Keim⸗
2339 4182 3365 4225 kraft beſitzen, ſo ſollten, trotzdem ihre Nachkommen beſte
2344 4224 3366 4271 Qualitäten und Erträge aufweiſen können, zur Zucht nur
2338 4270 3366 4313 zuckerreiche Samenrüben größter Wachstumsenergie ver⸗
2337 4313 3369 4356 wendet werden, da nur dieſe Rüben einen Samen liefern,
2337 4357 3377 4403 der unter gewöhnlichen Anbauverhältniſſen einen ge⸗
2337 4401 3376 4447 ſchloſſenen Stand der Nachkommen gewährleiſtet. Obwohl,
2336 4445 3375 4488 wie bereits bemerkt, der von den Brennerrüben erhaltene
2337 4489 3362 4534 Samen kleinknäulig war, ſo kann er doch, wie die Ver⸗
2336 4532 3364 4578 ſuche gezeigt haben, ebenſo wie Rübenſamen von Normal⸗
2335 4576 3363 4623 rüben Rüben liefern, die in Bezug auf Zuckergehalt,
2337 4621 3364 4666 Gewicht und alle anderen Eigenſchaften einer guten Zucker⸗
2335 4665 3362 4710 rübe entſprechen. Nachdem aber ſolch kleinknäuliger Samen
2336 4707 3365 4754 eine geringere relative Keimkraft beſitzt, ſo kann
2335 4750 3361 4795 letztere in dem Falle, als nicht die entſprechende Mehr⸗
2335 4795 3362 4842 menge zum Anbau kommt, einen lückenhaften Beſtand
2334 4840 3361 4885 der aufgegangenen Pflanzen bedingen. Da, privaten Mit⸗
2334 4885 3359 4927 teilungen zufolge, Strohmer ſeine Verſuche fortzuſetzen
2329 4927 3366 4970 gedenkt, dürften noch ſehr intereſſante Ergebniſſe zu er⸗
2324 4971 2541 5028 warten ſein.
2409 5047 3359 5094 Weiterhin hat ſich Strohmer, in Verbindung mit
2331 5091 3363 5138 Briem und Fallada, mit dem Einfluß der Belichtung
2332 5135 3356 5182 auf die Zuſammenſetzung der Zuckerrübe beſchäftigt, bei
2330 5181 3356 5227 dem es ſich darum handelte, einmal etwas über die Ab⸗
