2746 3589
627 178 993 224 Seite 2. Nr. 4130.
1373 179 1891 221 Illuſtrierte Kronen⸗Zeitung.
2347 175 2618 220 1. Juli 1911.
235 233 482 268 Selbständige
183 282 542 344 Existenz
175 353 545 389 ſind. ſtrebſ. Herr als
174 386 548 416 Filialhalter für größ. Be⸗
174 414 547 442 zirk. Streng reelle Sache,
173 442 547 471 paſſ. für jedermann, ganz
171 469 550 499 gleich, ob in Stadt oder
174 496 549 525 Land wohnhaft. Keinerlei
175 524 548 553 Kenntniſſe nötig. Das Ge⸗
174 552 551 580 ſchäft wird von uns kom⸗
175 579 550 608 plett eingerichtet. Große
174 607 549 635 Reklame auf unſere
177 634 550 664 Koſten. Viel Geldeingang.
176 662 549 691 Sofort groß. Umſatz und
176 690 551 719 gut. Verdienſt von Anfang
177 717 541 746 an. Riſiko ausgeſchloſſen.
179 746 553 774 Auch ohne Aufgabe des
177 772 552 802 Berufes zu betreiben. Nur
177 801 553 829 ehrliche, wenn auch ein⸗
178 828 554 856 fache Leute werden berück⸗
181 856 555 884 ſichtigt. Laden und Kapital
177 883 552 912 unnötig. Kein Abſchluß,
180 911 553 939 keine Lizenzgebühr, keine
180 938 556 968 Kaution oder dergl. Aus⸗
180 966 554 995 kunft koſtenlos. Anged.
180 994 555 1021 unter „B. 1102 D.“ an
184 1021 557 1051 Daube u. Co., Köln a. Rh.
303 1049 413 1077 erbeten.
488 1051 554 1075 1073
476 1145 539 1177 8001
301 1148 451 1189 MOLL'S
187 1191 557 1267 Franzbranntwein
412 1270 565 1340 und Salz
205 1677 549 1713 Schmerzstillende und kräftigende
197 1711 549 1762 EINREIBUNG
212 1764 554 1792 Original-Flasche K 2.—.
191 1792 564 1827 Erhältich in Apotheken u. Drogerien.
212 1872 554 1921 Dermato-Therapeut.-Institut
196 1924 567 1973 Wien, I., Rotenturmstrasse 12.
229 1971 532 1998 Staatlich autoriſiertes
242 1999 515 2029 Privatambulatorium
264 2027 488 2058 für Harn⸗ und
220 2058 547 2152 Hautkrankheiten
277 2150 499 2178 Spezialheilſtätte
212 2174 560 2209 für Salvarſan⸗Therapie.
245 2212 531 2251 (Ehrlich 606)
200 2249 572 2279 Ambulatoriſche Erledigung
280 2280 490 2307 in einem Tag.
200 2304 569 2336 Proſpekte. Tel. 21148.
256 2332 520 2362 Ord. 10—5 Uhr.
180 2399 594 2478 2 Kr. wöchentlich
199 2487 575 2600 Zähne
189 2615 593 2654 Dr. Ostiller
297 2656 491 2693 Zahnarzt
199 2698 587 2749 II., Karmelitermarkt,
186 2753 595 2785 Leopoldsgasse 51. — Teleph.
256 2789 540 2815 Nr. 8979 röm. VIII.
187 2834 563 2880 Sie sparen Geld!
187 2876 559 2907 Wer gute billige Leinen u.
182 2905 560 2932 Baumwollwaren braucht.
181 2929 560 2960 ſchreibe um Preisliſte und
181 2955 561 2986 Muſter. 40 Meter Reſte
187 2982 562 3012 Bettzeug, Hemdenoxford,
189 3008 559 3038 Hemdflanell, Kleiderzephir,
189 3035 562 3063 Weißwaren ꝛc. franko
189 3060 562 3090 K 17.25. 30 Meter Reſte.
188 3087 564 3114 prima Kleiderbarchent.
191 3114 563 3142 franko K 21.—. Jeder Reſt
191 3139 565 3167 iſt 3—8 Meter lang und
192 3166 564 3192 garantiert waſchecht. Ver⸗
191 3191 565 3219 ſand gegen Nachnahme. —
192 3215 568 3247 Nichtpaſſendes nehme retour.
211 3243 563 3269 Reſtenmuſter ſende nicht!
194 3267 564 3295 Weberei und Verſandhaus
251 3296 508 3323 Joſef Neugebauer,
194 3319 570 3347 in Sattel 12 bei Neuſtadt
200 3345 488 3375 u. Mettan, Böhmen.
499 3346 568 3370 1349
781 259 1402 347 Tagesnachrichten.
592 348 1605 419 Beraubte Opfer einer Automobil⸗Kataſtrophe.
1220 424 1562 460 Krakau, 30. Juni.
663 469 1611 517 Geſtern nachmittags hat ſich auf der Straße von
594 515 1607 563 Oswiecim nach Krakau ein ſchwerer Automobil⸗
595 562 1612 606 unfall ereignet, der von den Bewohnern der Umgebung
593 606 1613 654 dazu benützt wurde, die Opfer des Unglückes nicht nur
593 651 1613 696 in ſchändlicher Weiſe zu berauben, ſondern auch die
592 697 1614 744 Schwerverletzten hilflos liegen zu laſſen, bis
595 740 1614 789 nach mehreren qualvollen Stunden durch Zufall den Ver⸗
593 788 1615 833 unglückten Hilfe kam. Ueber den Vorfall liegen folgende
597 836 927 877 Mitteilungen vor:
688 881 1612 926 Geſtern nachmittags fuhren in einem Automobil auf der
597 919 1611 962 Straße von Oswiecim nach Krakau der Landes⸗
602 954 1610 997 ingenieur der Bezirkshauptmannſchaft Bugeiski mit dem
602 990 1609 1031 Kommiſſär der Bezirkshauptmannſchaft Kubicks und dem
602 1026 1608 1066 Landesadvokaten Dr. Schlank im raſchen Tempo dahin. In
602 1062 1612 1105 der Nähe von Alvernia fuhr das Automobil mit der⸗
602 1098 1617 1138 artiger Wucht an einen Kilometerſtein an, daß es ſich
602 1134 1616 1173 überſchlug, der Benzinbehälter explodierte
602 1169 1611 1210 und die Inſaſſen in weitem Bogen hinausgeſchleudert wurden.
692 1205 1617 1245 Landesingenieur Bugeiski blieb mit zerſchmet⸗
604 1246 1193 1281 tertem Schädel tot liegen.
713 1276 1614 1316 Dr. Schlank erlitt einen mehrfachen Schädel⸗
604 1310 1401 1348 bruch und eine Gehirnerſchütterung.
698 1347 1613 1387 Kommiſſär Kubicki erlitt mehrfache Fuß⸗ und
604 1388 849 1422 Armbrüche.
690 1418 1622 1458 Obwohl ſich das Unglück bereits um 3 Uhr nachmittags
611 1452 1622 1495 ereignete, wurden die Verletzten erſt durch Zufall von einem
610 1486 1617 1530 vorbeifahrenden Radfahrer bemerkt. Der Radfahrer
610 1523 1618 1567 requirierte ſofort die Rettungsgeſellſchaft aus Krakau,
610 1557 1617 1601 welche den Verunglückten ärztliche Hilfe zu teil werden ließ
608 1596 1618 1636 und ſie in das Spital überführte. Die Leiche des Landes⸗
606 1628 1619 1675 ingenieurs Bugeiski wurde in die Totenkammer gebracht.
612 1666 1547 1704 An dem Aufkommen der Schwerverletzten wird gezweifelt.
696 1703 1619 1744 In der Zwiſchenzeit, während ſich das Unglück ereignete
612 1738 1619 1778 und der Auffindung der Schwerverletzten, waren die Verun⸗
612 1771 1620 1814 glückten von Bewohnern der Umgebung in der ſchamloſeſten
614 1807 1621 1849 und brutalſten Weiſe beraubt worden. Die Straßenräuber
615 1841 1620 1885 hatten dem Toten und den Verletzten nicht nur die
614 1877 1628 1921 Uhren, Ringe, Geldbeträge u.ſ.w. geſtohlen, ſon⸗
614 1915 1622 1957 dern auch den Opfern der Kataſtrophe die Kleidungs⸗
613 1945 1624 1992 ſtücke entwendet und die Beraubten dann ihrem Schick⸗
618 1991 858 2030 ſale überlaſſen.
708 2020 1623 2062 Es wurde eine ſtrenge Unterſuchung eingeleitet.
838 2102 1404 2171 Unbekannte Selbſtmörder.
932 2182 1308 2221 Der Tote im Walde.
700 2238 1628 2279 Am Montag nachmittags wurde beim Ortseingange
617 2273 1627 2318 nach Dürnbach im Gemeindegebiete von Peiſching im
617 2310 1628 2350 Walde die Leiche eines 30⸗ bis 40 jährigen
617 2346 1628 2385 Mannes an einem Baume hängend aufgefun⸗
619 2381 1629 2422 den. Der Tod dürfte vor etwa drei Wochen eingetreten
619 2415 1631 2458 ſein. Zu dieſer Zeit iſt auch ein kleiner, ſchwächlicher
620 2447 1630 2493 Mann, blond, angeblich aus Wien nach Dürnbach ge⸗
620 2483 1631 2529 kommen und erzählte in den dortigen Arbeiterhäuſern der
622 2522 1631 2566 Frau Pottner, daß er aus dem Spital komme, kein Geld habe
623 2558 1633 2598 und weder Arbeit noch Unterkunft finden könne.
623 2593 1633 2634 Frau Pottner erkannte in dem Selbſtmörder jenen Mann.
626 2627 1632 2674 Er hatte keine Dokumente bei ſich, trug graugeſtreiften Stoff⸗
623 2663 1633 2705 anzug, ſchwarzen weichen Hut, Stiefletten und weiße Wäſche
626 2697 1634 2740 ohne Märke. Er war klein und hatte eine Geldbörſe mit
627 2734 1634 2774 90 Heller und einen Wäſchezettel der Feinputzerei Erneſtine
627 2771 1633 2811 Geher, 2. Bezirk, Aſperngaſſe 5, bei ſich. Die Schuhe ſind von
627 2808 1462 2847 der Firma Anton Schwarz, Wien, Nußdorferſtraße.
955 2860 1306 2902 „Franz Leibetzeder“.
722 2910 1637 2949 Am 20. Juni wurde im Gemeindegebiete Zeillern
629 2945 1643 2985 ein Mann von etwa 50 Jahren mit durchſchoſſener
628 2979 1641 3023 Schläfe tot aufgefunden. Er war mittelgroß, unter⸗
631 3015 1641 3062 ſetzt, trug ſchwarzen weichen Hut, bläulichen, ſchwarzgeſtreiften
629 3049 1641 3094 Saccoanzug, faſt neue Schnürſchuhe, braune Socken mit gelben
629 3084 1642 3129 Streifen, weiße Unterhoſe, weißes Hemd der Firma Eduard
633 3119 1643 3166 Fiſcher in Linz. Neben der Leiche lag ein brauner Stock mit
632 3155 1644 3200 Hirſchhorngriff und ein fünfläufiger Revolver. Er hatte eine
632 3190 1645 3236 Remontoiruhr aus Silber mit Doppelmantel bei ſich, der
632 3223 1645 3272 vordere Mantel trägt den Namen „Franz Leibetzeder“.
636 3262 1646 3306 Ein Sacktuch hat die Märke „F. L.“. In einem ſchwarzledernen
635 3297 1646 3342 Geldtäſchchen hatte er 11 K 41 h. Der Tote dürfte den beſſeren
635 3343 1034 3379 Ständen angehört haben.
1694 284 2613 374 Großer Brand in Berlin.
1639 392 2654 439 Mehr als zwanzig Familien in Lebensgefahr. — Ein
2049 436 2260 478 Todesopfer.
1724 501 2661 541 Ein verheerender Brand hat vorgeſtern früh in der
1640 539 2664 585 ehemaligen Alexander⸗Kaferne in Berlin ge⸗
1640 584 2664 630 wütet. Mehr als zwanzig Familien ſchwebten in
1640 630 2664 674 Lebensgefahr und konnten nur mit großer Mühe
1641 676 2663 719 von der Feuerwehr über Leitern in Sicherheit gebracht
1640 719 2667 761 werden. Eine alte Frau iſt hierbei vor Schrecken
1643 767 1885 806 geſtorben.
1737 820 2661 861 Die ehemalige Alexanderkaſerne in der Alexanderſtraße
1647 857 2664 898 iſt ein altes Gebäude, das ſchon ſeit 1880 nicht mehr als
1647 894 2665 934 Kaſerne benützt wird. Sie iſt Eigentum des Fiskus und wird
1646 925 2662 968 zur Zeit von einem Generalpächter verwaltet. Das Erdgeſchoß
1649 964 2661 1003 und die erſte Etage ſind zum größten Teil zu Fabriks⸗ und
1649 1001 2660 1041 Lagerräumen hergerichtet, in den beiden oberen Etagen wohnen
1648 1037 2659 1077 nahezu fünfzig kleine Familien, die meiſt nur ein
1644 1070 2659 1112 oder zwei Zimmer, die früheren Mannſchaftszimmer, gemietet
1649 1107 2660 1147 haben. Die einzelnen Räume ſind noch von alter Zeit her fort⸗
1652 1141 2664 1181 laufend numeriert und münden alle auf einen gemein⸗
1650 1174 2661 1218 ſchaftlichen breiten Korridor, der ſich vom Seiten⸗
1643 1216 2300 1256 flügel nach dem Vorderhaus herumzieht.
1647 1267 2670 1311 Verqualmung der Korridore. — Gewaltige Stichflammen.
1742 1319 2667 1358 Gegen 7 Uhr morgens entdeckten die Bewohner, als ſie
1649 1351 2665 1398 die Türen öffneten, daß die langen düſteren Korri⸗
1653 1390 2665 1431 dore in allen Etagen völlig verqualmt waren. Die
1654 1425 2664 1466 Urſache war, wie ſich bald herausſtellte, ein Brand im
1652 1461 2664 1503 Treppenhaus des Seitenflügels. Von dort her
1651 1494 2666 1539 wälzten ſich ſchwarze beißende Rauchſchwaden die Korridore ent⸗
1650 1531 2667 1575 lang und bald folgten gewaltige Stichflammen, die
1650 1567 2670 1608 eine Länge von 20 bis 30 Metern erreichten. Schon
1654 1599 2670 1642 fingen in den oberen Etagen die Wohnungstüren zu glimmen
1658 1637 2669 1678 an. Die Bewohner wurden vom Schrecken ergriffen und
1655 1673 2669 1714 ſtürzten in ihrer Verzweiflung, die meiſten notdürftig be⸗
1660 1708 2613 1749 kleidet, an die Fenſter nach dem Hof und der Straße zu.
1844 1762 2487 1805 36 Perſonen über Leitern gerettet.
1749 1813 2671 1855 Bereits wenige Minuten ſpäter war die Feuerwehr zur
1659 1845 2672 1890 Stelle. Die Bewohner machten zum Teil auch ſchon Anſtalten,
1660 1884 2671 1926 auf die Straße zu ſpringen. Die Feuerwehr leiſtete wahre
1662 1918 2672 1959 Wunder der Umſicht, Energie und Unerſchrockenheit. Mit
1660 1954 2674 1996 großer Mühe gelang es den zweihundert an der Brandſtätte
1663 1990 2672 2031 tätigen Feuerwehrleuten, 36 Perſonen über Leitern
1665 2025 2674 2065 und mit anderen Rettungsgeräten in Sicherheit zu
1664 2071 1849 2104 bringen.
1760 2097 2674 2138 Eine 70 jährige Frau ſtarb nach der Rettung
1663 2130 2480 2177 an den Folgen der überſtandenen Aufregung.
1874 2183 2466 2234 Schreckensſzenen an den Fenſtern.
1752 2238 2675 2280 In die lauten Hilferufe der Männer und Frauen miſchte
1667 2275 2675 2316 ſich das entſetzliche Geſchrei der zahlreichen
1667 2309 2677 2350 kleinen Kinder, die von ihren Müttern in Decken ge⸗
1668 2344 2676 2385 wickelt aus den Fenſtern gehalten wurden, um ſie aus dem er⸗
1670 2381 2677 2422 ſtickenden Qualm zu befreien. Aus allen Häuſern der an⸗
1669 2415 2678 2457 grenzenden Straßen eilten Hunderte von Menſchen herbei, die
1668 2451 2679 2493 aber keine Retkung bringen konnten, da inzwiſchen der ganze
1670 2486 2680 2529 Hof und die Alexanderſtraße auf eine lange Strecke hin durch
1671 2522 2680 2563 dicke ſchwarze Rauchwolken verfinſtert wurden. Man hörte
1671 2556 2682 2599 wohl die verzweifelten Hilferufe der Un⸗
1671 2590 2681 2635 glücklichen, konnte dieſe aber ſelbſt nicht
1673 2638 1800 2673 ſehen.
1970 2666 2372 2707 24 Leitern aufgeſtellt.
1762 2715 2685 2761 Die Feuerwehr richtete ſofort die großen mechaniſchen
1670 2753 2685 2798 Leitern auf, nachdem den Leuten zugerufen worden war, ſie
1671 2787 2685 2835 ſollten nicht herunterſpringen. Im ganzen waren nicht weniger
1668 2823 2688 2869 als 24 Leitern aufgeſtellt worden. Außerdem
1671 2854 2690 2906 arbeitete die Feuerwehrmannſchaft mit Fangleinen, Säcken
1673 2902 2200 2938 und anderen Rettungsapparaten.
1768 2924 2688 2975 Es gelang den Feuerwehrleuten, die mit wahrer Todes⸗
1677 2963 2691 3014 verachtung an ihr Werk gingen, eine Perſon nach der anderen
1675 3012 2094 3047 in Sicherheit zu bringen.
1866 3056 2504 3103 Das Bravourſtück eines Dachdeckers.
1773 3106 2701 3151 Ein Bravourſtück vollbrachte ein Dachdecker, der
1680 3141 2696 3183 im dritten Stock in unmittelbarer Nähe des Brandherdes
1681 3178 2694 3221 wohnte. Er hatte zufällig eine große Wäſcheleine im Hauſe
1682 3210 2697 3254 und ließ zuerſt ſeine Frau und dann ſich ſelbſt
1680 3246 2696 3290 an der Leine in den Hof hinab. Vorher hatte er ſein
1681 3277 2699 3330 Hündchen, von dem er ſich nicht trennen wollte, in eine Decke
1684 3316 2699 3363 gehüllt und in das Sprungtuch der Feuerwehrleute hinab⸗
1680 3352 2701 3404 geworfen. Er ſelbſt und ſeine Frau erreichten mit Hilfe der
