3488 5345
232 137 373 181 Seite 4
994 140 1283 195 Wien, Samstag
1528 147 2117 196 Neue Freie Presse.
2361 150 2599 196 6. Juli 1895
3127 163 3330 205 Nr. 11085
191 219 1222 271 haben unſeren Soldaten nicht einmal genießbares Kochwaſſer
187 264 1219 313 zu ſichern gewußt, und die rieſige Zahl von Erkrankungen
188 306 1217 357 rührt von dem Sumpfwaſſer her, das man ſie trinken laſſen
184 349 1219 399 mußte, weil man anderes nicht hatte. Die in Majunga in⸗
188 392 1217 442 ſtallirten Deſtillations⸗Apparate waren in ſchlechtem Zuſtande
188 435 1225 485 oder unfertig und nicht aufgeſtellt, und da man von den
187 478 1223 528 Waſſerfiltern, die jedem Soldaten zugetheilt werden ſollten,
186 521 1220 571 nichts mehr hört, ſo hat man wahrſcheinlich darauf ver⸗
182 564 1223 613 zichtet, unſere Soldaten damit zu belaſten oder. . . ſie
181 607 534 652 irgendwo vergeſſen.“
269 657 1216 709 Der in der Mitte ſeines 86. Lebensjahres ſtehende
186 701 1214 752 Gladſtone hat eigentlich erſt mit dem bereits erwähnten
187 745 1214 796 Abſchiedsbriefe an ſeine Midlothian⸗Wähler, welcher
189 787 1212 838 vorgeſtern in der liberalen Vereinigung zu Edinburgh verleſen
185 832 1214 882 wurde, definitiv auf die politiſche Thätigkeit verzichtet.
184 875 606 918 Dieſes Schreiben lautet:
254 922 1211 972 Die bevorſtehende Auflöſung des Parlaments bringt das in
183 963 1211 1012 Ausſicht geſtellte Lebewohl, welches ich im vorigen Jahre an die
174 1002 1217 1050 Wähler von Midlothian richtete, in praktiſche und endgiltige
183 1040 1209 1088 Form. Ich wiederhole es jetzt mit den Gefühlen der Dankbarkeit
182 1079 1209 1127 und Zuneigung für das Entgegenkommen, welche ich fünfzehn
180 1117 1211 1165 Jahre, die niemals ausgelöſcht werden können, erfahren habe.
176 1157 1215 1202 Letztes Jahr erlaubte ich mir, meine guten Wünſche für den aus⸗
174 1197 1209 1243 gezeichneten Candidaten auszuſprechen, welcher den Wahlkreis auf
179 1236 1209 1281 Grundlage der Kundgebung von 1880 und der folgenden Jahre
178 1273 1206 1321 zu vertreten wünſcht. Obgleich in den öffentlichen Angelegenheiten
175 1311 1209 1358 viele Dinge ſtreitig ſind, ſo gibt es doch einige, welche der Ge⸗
174 1352 1204 1399 ſchichte angehören und ſich außerhalb des Bereiches der Meinungen
175 1389 1211 1436 befinden. So weit ich ſehe, ſteht es zum Beiſpiel außer Frage,
175 1428 1205 1476 daß das jetzt zu Ende gehende Jahrhundert ſeit dem Schluſſe
171 1466 1209 1513 ſeines erſten Viertels eine Periode beiſpielloſer Thätigkeit in der
174 1505 1210 1553 Geſetzgebung und Verwaltung geliefert hat und die Aenderungen
175 1545 1208 1589 einen wirklichen Fortſchritt gebildet haben. Die Lage und Wohl⸗
168 1581 1202 1631 fahrt des Volkes ſind gegen früher außerordentlich fortgeſchritten.
171 1621 1208 1667 Das Meiſte davon kommt auf Rechnung des Ein⸗
174 1659 1208 1708 greifens der liberalen Partei oder von Staats⸗
171 1700 1203 1746 mänuern, wie Peel und Canning, welche bereit
172 1738 1202 1781 waren, den Haß auf ſich zu nehmen im Inter⸗
172 1776 1204 1824 eſſe des gemeinen Beſten. In allen fünfzehn Parla⸗
173 1817 1200 1862 menten hat das ſchottiſche Volk auf Seite dieſer weiſen und
171 1854 1202 1900 maßvollen Politik geſtanden. Ich hoffe, daß Midlothian auch
168 1892 1200 1941 weiter von ſeinem großen Einfluß denſelben Gebrauch wie bisher
174 1931 1203 1979 machen und beim nächſten und den zukünftigen Parlamenten die
174 1969 1018 2017 Führerrolle für das ſchottiſche Volk übernehmen wird.
255 2018 1200 2068 Dem Beiſpiele Gladſtone's folgt ein anderer Parla⸗
168 2061 1196 2112 mentarier, deſſen Beredtſamkeit in Weſtminſter zu großem
161 2105 1196 2155 Ruf gekommen, nämlich der Irländer Sexton, welcher
168 2147 1197 2197 ſich nach ſechzehnjähriger parlamentariſcher Thätigkeit zurück⸗
165 2191 1199 2240 zieht. Für die iriſchen Nationaliſten bedeutet der Abgang
166 2234 1197 2284 Sexton's, welcher bei ihnen für einen ebenſo großen Redner
167 2277 1194 2326 als Gladſtone galt, einen ſchweren Verluſt. Der große An⸗
159 2320 1193 2370 theil, welcher den liberalen Unioniſten an der
166 2364 1192 2413 neuen Regierung eingeräumt worden, wird von den Blättern
164 2407 1189 2456 lebhaft erörtert. Die gegenwärtige Anzahl der liberalen
160 2450 1198 2497 Unioniſten beträgt 49, es hat alſo jeder ſiebente liberale
162 2492 1197 2542 Unioniſt einen Platz im dritten Cabinete Salisbury ge⸗
159 2535 1196 2585 funden. Da die Conſervativen 272 Mann zählen, ſteht
164 2578 1193 2626 allerdings die Zahl der liberal⸗unioniſtiſchen Cabinetsmitglie⸗
162 2619 1189 2670 der nicht im richtigen Verhältniß zur Parlamentsſtärke ihrer
159 2663 1188 2714 Partei. Man wird übrigens annehmen können, daß gerade
160 2706 1186 2758 die liberalen Unioniſten bei den Wahlen eine namhafte Ver⸗
155 2751 599 2793 ſtärkung erfahren dürften.
244 2795 1188 2843 Ueber den Stand der ſerbiſchen Kriſe wird der
156 2836 1186 2885 Pol. Corr. aus Belgrad vom Heutigen gemeldet: Wie
156 2879 1192 2928 die Dinge momentan liegen, dürfte entweder ein fort⸗
158 2923 1190 2972 ſchrittliches Cabinet unter Novakovic gebildet
160 2964 1186 3014 oder das Cabinet Kriſtic beibehalten werden.
158 3008 1185 3059 In beiden Fällen würde die neue Regierung in der morgen
157 3052 1186 3101 beginnenden Skupſchtina für die Annahme der Karlsbader
153 3093 1186 3144 finanziellen Abmachungen eintreten. Man erwartet eine
154 3136 1192 3189 definitive Löſung der Cabinetskriſe derzeit nicht vor morgen
156 3178 1191 3229 Mittags. Der bisherige Miniſter⸗Präſident Kriſtic wird
156 3222 1192 3275 morgen die Skupſchtina begrüßen und ihrer Conſtituirung
152 3267 338 3307 beiwohnen.
238 3307 1192 3360 Der Curator des Moskauer Lehrbezirkes, Graf Paul
156 3352 1184 3403 Kapniſt, ein Bruder des ruſſiſchen Botſchafters in Wien,
152 3394 1184 3445 einer der beſten ruſſiſchen Pädagogen, iſt durch einen Ukas
157 3437 1188 3487 des Czars zum Senator ernannt worden, was die Ent⸗
149 3481 1183 3530 hebung von ſeinem jetzigen Amte bedeutet. Der Moskauer
150 3523 1189 3574 Lehrbezirk ſpielt im geiſtigen Leben Rußlands eine wichtige
149 3566 1182 3618 Rolle, denn Moskau war ſeit jeher ein Centrum geiſtiger
154 3609 1180 3660 Arbeit in Rußland. Graf Paul Kapniſt, der den Poſten
152 3652 1181 3704 eines Curators dieſes Lehrbezirkes ſeit 1880 bekleidete, war
151 3695 1185 3748 für die Hebung und Verbreitung der Volksaufklärung in
147 3738 1180 3790 dem ihm unterſtellten Gebiete ſtets eifrig thätig. Obzwar
152 3781 1178 3832 ein Anhänger des Claſſicismus, deſſen Nothwendigkeit er in
152 3824 1179 3876 ſeinem Werke: „Der Claſſicismus als Grundlage des
152 3867 1184 3917 Gymnaſial⸗Studiums“ nachzuweiſen beſtrebt war, war Graf
150 3910 1178 3962 Kapniſt dennoch kein Feind der realiſtiſchen Bildung, in
148 3952 1177 4004 welcher Katkow und Graf D. Tolſtoi den Urſprung des
145 3995 1176 4047 Nihilismus erblickten. Er unterſtützte jedes Beſtreben, welches
148 4039 1180 4090 auf die Hebung der Volksbildung gerichtet war, und die
144 4081 1180 4132 Moskauer Studenten fanden in ihm ſtets einen Freund und
147 4125 1174 4177 Fürſprecher. Das Scheiden des Grafen Kapniſt aus ſeinem
140 4168 1180 4219 Amte dürfte deßhalb bei den Freunden des geiſtigen Fort⸗
143 4211 1181 4263 ſchrittes in Rußland aufrichtiges Bedauern hervorrufen,
142 4256 1178 4308 umſomehr, als die Gründe ſeiner Amtsenthebung Nieman⸗
142 4298 447 4340 dem bekannt ſind.
255 4374 1064 4439 Mittheilungen aus dem Publicum.
336 4458 972 4505 K. k. priv. Südbahn⸗Geſellſchaft.
133 4500 1177 4549 Sonderzug Wien⸗Bruck an der Mur⸗Leoben⸗Vordern⸗
190 4542 1125 4587 berg mit Anſchluß nach Aflenz und Eiſenerz.
226 4582 1175 4630 Samſtag den 6. Juli 1895 (10 Uhr 40 Minuten Abends) verkehrt
134 4616 1175 4663 ein Sonderzug mit ermäßigten Preiſen von Wien (Südbahn) nach
134 4652 1178 4697 Vordernberg via Bruck an der Mur⸗Leoben. In Kapfenberg findet
133 4686 1177 4732 derſelbe Anſchluß nach Aflenz, wodurch mit Rückſicht auf das früh⸗
129 4719 1175 4767 zeitige Einlangen in Aflenz der Beſuch des Hochſchwabgebietes in
134 4757 1174 4801 ſeiner ganzen Ausdehnung ermöglicht iſt. Um 7 Uhr 58 Minuten
137 4789 1175 4837 Früh Anſchluß nach Prebichl und Eiſenerz. Rückfahrt am 7. Juli
136 4825 1175 4871 ab Vordernberg um 7 Uhr 40 Minuten Abends, Ankunft in Wien
130 4859 1174 4904 um 1 Uhr 50 Minuten Nachts. Näheres in den bezüglichen Placaten.
219 4892 927 4940 Fahrpreiſe von Wien (Südbahnhof) nach:
133 4983 760 5032 Mürzzuſchlag und vorgelegenen Stationen
128 5022 675 5063 Langenwang⸗Mitterdorf einſchließlich
130 5059 720 5101 Wartberg⸗Mürzthal⸗Leoben einſchließlich
134 5094 465 5132 Donawitz⸗Vordernberg
872 5036 939 5067 und
862 5069 951 5110 zurück
966 4935 1173 4966 II. CI. III. CI.
1005 4968 1137 4996 Kronen
974 5002 1171 5037 6.— 4.—
977 5039 1176 5073 7.50 5.—
979 5071 1175 5106 9.— 6.—
958 5105 1174 5146 10.50 7.—
1425 229 2136 274 K. k. priv. Eiſenbahn Wien⸗Aſpang.
1257 276 2295 320 Verkehr des Zuges 39 an Sonn⸗ und Feiertagen
1541 314 2004 352 von Aſpang bis Wien.
1344 353 2293 396 Der an Sonn⸗ und Feiertagen von Sollenau nach Wien, mit
1262 390 2296 431 Anſchluß von Gutenſtein und Hainfeld, verkehrende Perſonenzug
1259 424 2293 465 Nr. 39 wird in der Zeit vom 7. Juli bis 1. September l. J. auch
1255 457 2296 498 in der Strecke Aſpang⸗Sollenau verkehren. Abfahrt von Aſpang um
1259 493 2293 537 7 Uhr 55 Minuten Abends, Ankunft in Wien 10 Uhr 35 Minuten
1257 525 1369 569 Nachts.
1381 685 1533 731 Letzte
1378 737 1539 784 Woche.
1348 792 1575 820 Josef Schimeczek,
1360 820 1561 846 VI., Mariahilfer-
1403 847 1507 875 str. 79.
1637 658 1890 772 Kaiser-Jubiläums-
1644 775 1890 818 Kirchenbau-Lose
1674 830 1856 870 à fl. 1. —
1958 697 2160 738 Haupttreffer
1948 740 2182 794 30.000 fl.
1959 795 2174 824 A. Kohn & Comp.,
1978 822 2139 850 Kärntnerstr.
2020 848 2120 878 Nr. 29.
1255 993 1532 1147 Odol!
1619 1009 2284 1050 Wir garantiren nur dann für Echtheit
1553 1047 2284 1083 und Wohlgeschmack des Odols, wenn Ver-
1559 1082 2285 1117 schlussfaden und Plombe, welche die Ver-
1559 1118 1894 1151 packung der Patent-
1252 1147 1895 1187 flasche umgeben, unversehrt sind. Für
1247 1183 1895 1223 anders verabreichtes Odol lehnen wir jede
1247 1215 1895 1256 Verantwortung ab. Die Plombe muss diesen
1247 1250 1506 1290 Stempel tragen:
1940 1149 2052 1202 LIMGER'S
1956 1205 2039 1244 Odol.
2127 1150 2238 1211 ODOL-FABRIK
2123 1214 2241 1268 BODENBACH
1655 1351 2234 1405 Fabrik zur Erzeugung von
1642 1420 2253 1521 Kohlenspitzen für elek-
1669 1521 2232 1610 trische Bogenlampen
1376 1582 1536 1608 Trademarke.
1308 1610 2223 1688 Schiff, Jordan & Comp.
1495 1690 2020 1729 Wien, I., Lothringerstrasse 3.
1241 1783 1699 1877 Fußleidende
1705 1787 2277 1825 finden vorzügl. Beſchuhungen, 12mal
1707 1820 2275 1858 präm., bei Schreiber, I., Tuchlauben
1708 1857 2271 1892 Nr. 5, nur im Hofe. Für geſunde
1242 1887 2275 1933 Füße in richtig. eleg. Form f. Damen, Herren u. Kinder ſtets große Ausw.
1463 1986 2268 2101 Elektriſche Glühlampen
1463 2111 2274 2154 Zu allen Anlagen paſſend. Jahresabſchlüſſe auf
1546 2147 2273 2186 Brenndauer bei 2, 2 ½ und 3 Watt
1783 2183 1991 2225 Oekonomie.
1519 2228 2272 2357 Kremenezky, Mayer & Co.,
1838 2361 1956 2400 Wien.
1339 2448 2160 2529 Grand Hôtel Belle-Vue,
1234 2525 2268 2569 vorm. Back, Vöslau bei Wien. Familien⸗Hotel erſten Ranges; nächſt
1228 2563 2265 2603 der elektr. Bahn Vöslau⸗Baden⸗Helenenthal. Proſpecte gratis.
1230 2629 2261 2723 Salzburg. Elektricitäts-Hotel,
1232 2722 2263 2763 ersten Ranges. Beste Lage, nächst Theater und
1229 2755 2265 2798 Mirabellgarten. Elektrische Beleuchtung. Lift. Zimmer
1641 2797 1840 2830 von 1 fl. an.
1328 2857 2168 2950 Hôtel Bristol,
1499 2950 1997 2997 Wien, Kärntnerring Nr. 7.
1229 2997 2256 3041 ☛ Hôtel ersten Ranges. ☚ Elektrische Beleuchtung.
1226 3032 2261 3074 Restauration. Feinste französische und Wiener Küche.
1551 3070 1925 3107 Alt-Pilsenetzer Bier.
1513 3138 1936 3205 Kleine Chronik.
1976 3207 2219 3245 Wien, 5. Juli.
1301 3246 2258 3293 [Hof⸗ und Perſonal⸗Nachrichten.] Erzherzogin
1225 3285 2258 3332 Clotilde und Tochter, Erzherzogin Marie Dorothea,
1222 3321 2259 3372 ſind heute Früh aus Regensburg hier eingetroffen. Herzog Sieg⸗
1223 3362 2259 3408 fried in Bayern war zur Begrüßung auf dem Perron er⸗
1222 3401 2252 3448 ſchienen. — König Alexander von Serbien hat dem
1223 3440 2254 3485 Ober⸗Commiſſär der Wiener Polizei⸗Direction, Herrn Karl
1226 3478 2253 3520 Brzeſowsky, das Commandeurkreuz des ſerbiſchen Takowa⸗
1225 3516 2254 3564 Ordens und dem Official der Wiener Polizei⸗Direction, Herrn
1223 3555 2253 3601 Auguſt Eisler, den ſerbiſchen Takowa⸗Orden fünfter Claſſe
1223 3593 2254 3641 verliehen. — Der Bürgermeiſter von Brünn, Dr Auguſt Ritter
1225 3632 2249 3680 v. Wieſer, iſt heute aus Brünn hier angekommen und im
1222 3671 2250 3718 „Hotel Meißl & Schadn“ abgeſtiegen. — Der an einer Lungen⸗
1220 3711 2253 3755 entzündung erkrankte Ehren⸗Adjutant des Sultans, Marſchall
1223 3751 2258 3798 v. d. Goltz Paſcha, befindet ſich, wie aus Konſtantinopel ge⸗
1223 3787 2255 3835 meldet wird, bereits außer Gefahr. — Die mediciniſche Facultät
1218 3826 2247 3870 der Krakauer Univerſität hat den Sanitätsrath Dr. Wicherkie⸗
1221 3864 2250 3912 wicz in Poſen einſtimmig zum Profeſſor der Augenheilkunde
1219 3903 2252 3951 gewählt. — Der Prinz⸗Regent von Bayern hat Herrn Dr. Karl
1217 3941 2251 3989 Höffinger in Anerkennung ſeiner erſprießlichen Thätigkeit als
1221 3980 2246 4028 Curarzt in Gleichenberg den Titel eines bayriſchen Hofrathes
1219 4018 2242 4067 verliehen. — Herr Dr. Ignaz Machanek, der in juriſtiſchen
1219 4058 2242 4105 und muſikaliſchen Kreiſen allgemeiner Achtung ſich erfreut, begeht
1214 4097 2247 4142 am 23. d. die Feier ſeines 70. Geburtstages. — Der Chef⸗
1216 4135 2244 4181 Redacteur des „Fränkiſchen Courier“, Dr. Eberhard, iſt
1209 4174 2241 4221 heute Vormittags im Alter von kaum 50 Jahren nach kurzem
1211 4212 2244 4260 Leiden in Nürnberg geſtorben. Dr. Eberhard war eine der feſteſten
1217 4251 2241 4299 Stützen der freiſinnigen Partei in Bayern und nahm auch eine
1210 4290 2247 4338 hervorragende Stellung in der Parteileitung ein. Sein Tod iſt
1215 4329 1935 4372 ein ſchwerer Verluſt für die freiſinnige Sache.
1297 4375 2243 4420 [Kirchenmuſik am Sonntag den 7. Juli.] In der
1211 4410 2245 4455 Hofburgcapelle um 11 Uhr: Meſſe in C von Kempter,
1211 4444 2246 4488 Graduale („Benedictus“) von M. Haydn und Offertorium („Spiritus
1213 4479 2237 4523 meus“) von Salieri. — In der Hofpfarrkirche zu St. Auguſtin
1211 4514 2239 4557 um 11 Uhr: Meſſe von Schöpf, Graduale (Sopran⸗Solo) von J.
1209 4548 2243 4593 Stenzl und Offertorium (Bariton Solo) von Bittner. — In der
1210 4582 2240 4625 Stadtpfarrkirche Am Hof um 10 Uhr: Meſſe in C von
1207 4616 2240 4662 Bernhard Hahn, Graduale und Offertorium von F. Schöpf — In
1206 4652 2249 4696 der Votivkirche um 10 Uhr: Meſſe in D von I. Pembauer,
1207 4685 2241 4729 Graduale („Hic est, qui venit“) und Offertorium („Calix bene-
1209 4720 2243 4763 dictionis“) von F. X. Witt. — In der Dominicaner⸗Pfarr⸗
1211 4754 2238 4799 kirche um 9 Uhr: Asperges, Introitus und Communio (Choral),
1211 4788 2238 4835 Meſſe von E. Stehle, Graduale („Juravit“) von Witt und Offer⸗
1209 4824 2236 4868 torium („Justus ut palma“) von Weirich. — In der Pfarrkirche
1207 4857 2237 4902 St. Karl um 11 Uhr: Meſſe in F von Bauer, Graduale von
1208 4891 2236 4938 J. Krall und Offertorium (Baß⸗Solo) von Baronin E. Buttlar. —
1207 4927 2233 4973 In der Gumpendorfer Pfarrkirche um 11 Uhr: „Asperges
1207 4962 2237 5004 me“ von Abbé Stadler, Meſſe von F. Schöpf und Offertorium von
1210 4995 2235 5040 C. Kreutzer. Orgel: Herr Johann Deditſch. — In der Pfarr⸗
1210 5030 2235 5074 kirche zu St. Ulrich um 10 Uhr: Meſſe von Kempter,
1208 5065 2238 5110 Graduale von Seyler und Offertorium von Rotter. — In der Alt⸗
1209 5099 2239 5144 lerchenfelder Pfarrkirche um 10 Uhr: „Tantum ergo“:
1205 5133 2239 5182 von Döcker. Meſſe in F von Baronin Bruckenthaler und Offertorium
2334 234 3363 282 (Sopran⸗Solo) von Mendelsſohn, geſungen von Fräulein Schwaiger.
2330 269 3364 316 Orgel: Herr Theodor Panzer. — In der Pfarrkirche in der
2332 304 3366 349 Alſervorſtadt um 10 Uhr: Meſſe von Kempter, Graduale von
2331 337 3314 385 Wiltſchgo und Offertorium (Chor) von Klohs. Orgel: Herr Prinz.
2410 390 3365 440 [Wiener Kunſtgewerbeverein.] Erzherzog Rainer
2332 429 3364 477 hat geſtern den Vice⸗Präſidenten des Wiener Kunſtgewerbevereines,
2333 467 3363 519 kaiſerlichen Rath Laurenz Gſtettner, und das Ausſchußmitglied
2332 506 3360 556 kaiſerlichen Rath Heinrich Irmler in Audienz empfangen,
2328 543 3363 593 welche in Vertretung des Präſidenten, kaiſerlichen Rathes Ha⸗
2327 582 3364 634 nuſch, den Jahresbericht des Vereines überreichten. Der Erz⸗
2326 621 3363 671 herzog erkundigte ſich eingehend um die Verhältniſſe des Vereines
2327 660 3357 711 und betonte die Wichtigkeit der Beſchickung der Pariſer Weltaus⸗
2327 699 3361 752 ſtellung im Jahre 1900 für die öſterreichiſche Kunſtinduſtrie. Zum
2327 736 3363 789 Schluſſe ſprach Erzherzog Rainer ſeine Freude darüber aus, daß
2326 776 3360 829 Präſident Hanuſch ſich wieder ſo weit gekräftigt habe, und daß
2324 815 3157 863 deſſen Mitwirkung im Herbſte ſicher zu erwarten ſei.
2404 870 3362 923 [Der Juni.] Am Schluſſe der Witterungs⸗Ueberſicht für
2323 909 3365 960 den Mai wurde bemerkt, daß, wenn, wie heuer, April und Mai
2323 949 3363 1002 zu kühl ausfallen, in der Regel auch der Juni kühle Witterung
2322 985 3362 1038 bringt. Thatſächlich iſt der Roſenmonat 1895 mit 17 ¾ Grad
2324 1025 3360 1076 Celſius Mittelwärme um faſt einen Grad unter der Normal⸗
2321 1063 3358 1115 Temperatur geblieben. Sechzehn Tage fielen kühler aus, als dem
2322 1103 3352 1156 hundertjährigen Durchſchnitt entſprochen hätte, und eigentlicher
2326 1142 3355 1196 Sommertage, an welchen die mittlere Tages⸗Temperatur mehr
2325 1181 3352 1233 als 20 Grad Celſius beträgt, hatten wir nur drei. Ueberhaupt
2322 1219 3353 1273 brachte der Monat erſt zum Schluſſe, an den beiden Doppel⸗
2320 1259 3353 1308 feiertagen, welche auſ den 29. und 30. fielen, höhere Temperatur⸗
2322 1298 3350 1349 grade. Aber auch da erreichte die höchſte Mittagswärme im Schatten
2320 1336 3346 1386 nicht die normale von 31˙5 Grad, und nur der Umſtand, daß wir
2320 1374 3347 1424 ſeit Anfang Mai fortwährend ſehr niedrige Temperatur⸗Maxima
2317 1413 3350 1463 verzeichneten und ſozuſagen an ozeaniſch gemäßigte Frühſommer⸗Tem⸗
2318 1452 3350 1505 peraturen gewöhnt waren, ließ die vergleichsweiſe mäßige Wärme als
2317 1491 3355 1539 drückend erſcheinen. Etwas anders verhielt es ſich mit dem Nieder⸗
2320 1529 3350 1583 ſchlag. Dieſer erreichte ebenfalls nicht ganz die normale Menge,
2318 1567 3351 1619 die Zahl der Niederſchlagstage aber (17) überſchritt die normale
2316 1608 3346 1659 (12˙7) weſentlich, d. h. es regnete oft, aber ſelten ausgiebig, und
2313 1646 3351 1693 ſelbſt die Gewitter traten mit geringer Heftigkeit auf. Die Ge⸗
2314 1684 3344 1735 witterperiode zu Ende der erſten Juni⸗Woche z. B., welche im
2313 1723 3344 1773 Südoſten Niederöſterreichs, in einzelnen Bezirken Croatiens und
2313 1763 3347 1813 andernorts ſtarke Verheerungen anrichtete, zeichnete ſich in Wien
2314 1801 3349 1851 nicht durch Stärke, ſondern blos durch das meteorologiſch eigen⸗
2311 1840 3348 1891 thümliche Gewitter am 5. aus, welches an dieſer Stelle ſeinerzeit
2313 1879 3342 1930 beſchrieben wurde. Im Allgemeinen wird die Juni⸗Witterung faſt
2312 1917 3345 1968 im ganzen Bereich der Monarchie als eine ungemein fruchtbare
2311 1956 3343 2005 bezeichnet, welche, ſoweit es überhaupt möglich war, die Wetter⸗
2310 1995 3340 2046 und ſonſtige Schäden des ſchneereichen Winters gutmachte. Die
2312 2033 3345 2086 Saaten ſtehen prächtig und haben gerade zur rechten Zeit
2310 2073 3341 2121 — nahe dem Schnitt — die Hitze, die früher fehlte; die Weiden
2305 2112 3341 2161 grünen reichlich, der Touriſt erfreut ſich der beſonderen Friſche aller
2310 2149 3342 2203 Wälder und trifft im Hochgebirge, wo ſich große Schneemengen
2310 2189 3343 2239 heuer abnorm lang erhalten haben, überall reichlich ſprudelnde
2310 2228 3341 2276 Schneewaſſerquellen. Auch ein anderes Phänomen iſt bemerkens⸗
2307 2267 3339 2317 werth. Während in der Ebene außer den Roſen ſchon die Nelken
2306 2305 3340 2357 und Lilien und Exoten, wie der Gewürznelkenbaum und der
2306 2345 3336 2394 Trompetenbaum, blühen und der Sommer bis an die Grenze der
2307 2383 3339 2433 Baumregion im Gebirge aufwärts gezogen iſt, wo ſchon die
2306 2423 3343 2472 Alpenroſe in Menge ihre purpurrothen Blüthenſträußchen ent⸗
2307 2462 3340 2510 faltet, verſchwinden in der oberen Alpenregion, von 1600 bis
2305 2498 3338 2547 2000 Meter, erſt die Schneefelder, und hier blühen daher auch
2304 2538 3335 2589 noch in Schattenlagen die Eriken, die Veilchen, die Primeln, ja
2302 2577 3336 2628 ſogar die Schneeroſen. Aber bald wird dieſer Frühlingsflor der
2301 2615 3339 2663 Höhen dahinwelken. Denn die Abnahme der negativen Tem⸗
2301 2654 3334 2703 peratur⸗Anomalie vom Mai zum Juni läßt erwarten, daß der
2302 2692 3340 2742 Juli wo nicht beſondere, ſo doch wenigſtens normale Hitze
2303 2731 3292 2779 bringen werde. r. e. p.
2374 2780 3335 2828 [Donaufahrten in die Wachau.] Es gibt noch
2300 2818 3333 2867 heute Wiener und Wienerinnen in höherem Lebensalter, welche
2300 2857 3333 2905 niemals in ihrem Leben über die alten, geſchweige über die neuen
2302 2896 3338 2942 Grenzen des Wiener Gebietes hinausgekommen ſind. Als ein
2300 2935 3331 2983 um ſo erfreulicheres Zeichen für das Erwachen und Erſtarken des
2303 2971 3330 3021 Sinnes für Naturſchönheiten muß es betrachtet werden, daß der
2302 3010 3326 3060 Beſuch der Umgebung Wiens und namentlich jener der ſchönen
2299 3049 3333 3099 und pittoresken Wachau in ſteter Zunahme begriffen iſt. Freilich
2297 3090 3329 3138 tragen Bahn⸗ und Schiffsverbindungen das Ihrige hiezu bei. Was
2296 3127 3331 3177 die herrliche Wachau anbelangt, deren Naturſchönheiten, hiſtoriſche
2299 3165 3333 3214 Denkmale und freundliche, mittelalterliche Städtchen, Märkte
2296 3204 3327 3253 und Dörfer in früheren Jahren faſt nur von Künſtlern und
2299 3244 3324 3291 Forſchern beſucht wurden, ſo vergeht nun kein Sonntag, der nicht
2295 3281 3326 3331 Hunderte von Wienern, zumeiſt Vereine und größere Geſellſchaften
2294 3322 3324 3370 in ihre Berge und Thäler bringt. Namentlich iſt es durch die
2292 3360 3330 3407 Einführung der Nachtfahrten von Seite der Donau⸗Dampf⸗
2293 3399 3329 3447 ſchifffahrt⸗Geſellſchaft Vielen, die durch ihre Stellung und ihren
2296 3436 3325 3484 Beruf die Woche hindurch an die Stadt gebunden ſind,
2293 3475 3326 3523 möglich geworden, noch Samſtag Abends eine Fahrt in die
2291 3513 3325 3561 Wachau anzutreten, die Nacht durch auf dem Schiffe zu ſchlafen
2294 3552 3331 3601 und des Morgens in herrlicher Gegend zu erwachen. Mit Tages⸗
2288 3592 3323 3639 anbruch zeigen ſich dem Auge das hochgelegene Wetterkreuz,
2289 3628 3322 3679 Hollenburg, bald darauf die Thürme und Mauern des alten
2287 3670 3317 3717 Kloſters Göttweig und der Städte Krems und Stein. An der
2287 3708 3320 3756 alten, halbabgebrochenen, hölzernen und unter der neuen eiſernen
2290 3746 3321 3794 Brücke durch ſetzt man die Fahrt fort zwiſchen Weingärten, male⸗
2286 3785 3324 3833 riſchen Felsformationen, alten burgähnlichen Gebäuden und
2286 3823 3324 3870 gothiſchen Kirchlein auf der einen und üppigen Wald⸗ und Feld⸗
2281 3863 3324 3908 partien, aus denen dort und da ein freundliches Dörfchen heraus⸗
2285 3902 3322 3949 ragt, auf der andern Seite. Bald erſcheint zur Rechten die
2284 3939 3320 3986 hiſtoriſch und maleriſch intereſſante Ruine Dürrenſtein, dieſes alte
2285 3977 3317 4026 Raubneſt der Kuenringer, das gleichnamige Städtchen mit ſeinen
2287 4017 3317 4065 verfallenen Stadtmauern und den mit Epheu dicht umrankten
2288 4055 3319 4102 Ruinen ſeiner alten Abtei, zur Linken das anmuthige Roſſatz
2284 4094 3319 4143 mitten im Grün üppig wuchernder Bäume. Das Schiff
2282 4133 3317 4182 folgt nun dem Bogen, den die Donau oberhalb Dürrenſteins
2284 4171 3312 4220 beſchreibt. Wie ein großer Bergſee zwiſchen grünen Wäldern
2287 4210 3314 4259 und pittoresken Felspartien liegt an dieſem Punkte die Donau
2286 4250 3315 4298 da, auch gegen Weſten ſcheinbar durch Berge abgeſchloſſen. Und
2281 4291 3339 4335 nun beginnen zur Rechten ausgebreitete Rebgelände, auf terraſſen⸗
2280 4327 3316 4375 förmigem felſigem Boden angelegt, abwechſelnd mit überhängenden
2280 4365 3315 4414 Steinformationen, in denen das von Malern ſo gerne aufgeſuchte
2278 4404 3315 4451 Weißenkirchen mit ſeinen alten Häuſern, den engen Straßen, der
2280 4443 3311 4491 mittelalterlichen Bauart und vor Allem der ſchönen, befeſtigten
2278 4481 3313 4528 Kirche liegt; das freundliche Joching, das uralte Weſendorf und
2281 4520 3315 4567 St. Michael mit ſeinem berühmten Beinhauſe, ſeinem wol acht⸗
2280 4559 3314 4608 hundertjährigen alten gothiſchen Kirchlein und ſeiner neueren
2279 4597 3314 4647 Kirche mit dem merkwürdigen, unvollendeten Thurme und den
2278 4636 3315 4685 Thierfiguren auf dem ſpitzwinkligen Dache treten an uns heran,
2275 4678 3318 4723 und dem Auge zeigt ſich ein weiter Bogen, in dem der Markt
2276 4713 3318 4760 Spitz liegt, rund um einen mit Reben bepflanzten Berg, den
2277 4751 3316 4797 „Tiſch, der 1000 Eimer Wein trägt“, wie der Volkswitz be⸗
2277 4792 3315 4836 hauptet, und ſeiner prächtigen Ruine Hinterhaus. Links er⸗
2273 4829 3313 4878 hebt ſich das Schloß des Grafen Strachwitz, ſtromaufwärts der
2271 4868 3311 4918 Jauerling, der höchſte unter den an der Donau gelegenen
2274 4908 3308 4956 Bergen. Wir erblicken die Teufelsmauer, ein Werk des Teufels,
2278 4945 3312 4993 wenn wir der Sage Glauben ſchenken wollen, das alte Schwallen⸗
2272 4985 3305 5032 bach, die vielen „Arnsdorf“ zur Rechten und Linken, zwiſchen
2277 5023 3304 5071 Felſen und Mulden, und zur Linken die wie ein Falkenneſt an
2269 5062 3302 5111 einen Felszacken geklebte ſchöne Ruine Aggſtein, ein altes
2266 5101 3305 5150 Raubneſt, deſſen ſich längſt die Sage bemächtigt hat. Blutige
2272 5141 3302 5189 Geſchichten ſind es, die ſich das Volk von der alten Burg und
