1536 2288
97 48 1442 111 die Vorübergehenden beſchädigt werden könnten. Ebenſo iſt das Ausſchütteln von
96 94 1442 159 Staub⸗ und Abwiſchtüchern, Teppichen u. dgl. verboten. Auch darf an Straßen
94 142 1441 209 vor Fenſtern, Erkern und dergleichen Etwas ausgeſtellt oder ausgehängt werden,
95 192 1441 253 ohne es vorher vor dem Herabfallen hinreichend zu ſichern. Schilder, Tafeln
95 239 1440 298 und andere Gewerbszeichen dürfen nur flach an der Mauer oder auf den Gewölbs⸗
95 288 1439 345 thüren, nicht aber in der Art angebracht werden, daß ſie in die Straße hinaus⸗
94 337 1440 396 ragen, wodurch leicht die körperliche Sicherheit gefährdet und die Paſſage beirrt
94 384 1443 443 werden kann. Lampen und Laternen dürfen vor den Gewölben nur in einer Höhe
94 430 1440 491 von mindeſtens 7 Fuß über dem Erdboden angebracht und müſſen ſo befeſtigt
93 477 1439 541 werden, daß keine Gefahr des Herabfallens und der Beſchädigung der Paſſanten
93 524 1440 588 entſteht. Die Flügel der gegen die Straße ſich öffnenden Gewölbethüren, ſowie
92 572 1438 636 die Fenſterläden in den Erdgeſchoſſen der Häuſer ſind dergeſtalt an der Wand zu
91 619 1437 680 befeſtigen, daß ſie nicht vom Winde hin und her getrieben werden können; auch dürfen
91 667 1435 726 die hierzu etwa verwendeten Haken nicht ſo angebracht ſein, daß ſich die Vorüber⸗
91 715 1299 773 gehenden daran beſchädigen können. (Verdient allerwärts Nachahmung!)
173 763 1438 824 Am 29. Juni ſind abermals 10 däniſche Kriegsgefangene, da dieſe Schleswiger
92 808 1435 868 ſind, von Wien in ihre Heimath abgegangen. Ein Oberlieutenant vom k. k.
91 858 1440 918 Platzkommando begleitete die aus der Gefangenſchaft Entlaſſenen bis auf den
91 905 366 949 Nordbahnhof. —
172 952 1433 1013 Die Spitze des Stephansdomes zu Wien hat ihre eigene Geſchichte.
91 998 1435 1057 Die erſte Spitze des Stephansdomes war ein Thurmknopf (1433); bei dem erſten
90 1045 1435 1108 Reparationsbau (1514) wurde vom Steinmetz Gregor Hauſer und ſeinem Bruder
89 1095 1433 1154 dem kaiſerlicher Jäger Leonhard Hauſer die gewagte Aufgabe unternommen, den
90 1142 1432 1202 Gipfel des Thurmes in kleine Stücke zu zerſtemmen und die durch einen Blitzſchlag
89 1190 1432 1252 gekrümmte Eiſenſtange des oberen Theiles wieder gerade zu biegen, was durch ein
89 1236 1430 1300 fortwährend unterhaltendes Kohlenfeuer nach langer Zeit gelang. In der erſten
87 1284 1430 1344 türkiſchen Belagerung (1529) litt die hohe Spitze des Thurmes durch die feindlichen
87 1331 1430 1391 Kugeln bedeutend, ein Erdbeben (1590) beugte noch mehr den oberen Theil und
88 1378 1429 1439 ſo geſchah abermals ein Reparationsbau, bei welchem der ſteinerne Knopf beſeitigt,
85 1426 1429 1486 und ein kupferner (36 Eimer faſſend) mit Halbmond und Stern hinaufgeſetzt
84 1473 1430 1536 wurde. Nach abermaliger Beſchädigung bei der zweiten türkiſchen Belagerung
84 1521 1428 1580 (1683) ließ Kaiſer Leopold I. ſtatt des Halbmondes ein Kreuz auf den Thurm
84 1570 1427 1630 ſetzen, welche Rieſenarbeit der gewandte Ziegeldecker Reſſytko aus Troppau unter⸗
84 1619 1428 1675 nahm. Der von ihm dazu verwendete Kletterapparat koſtete 11 fl.! Er erhielt
86 1664 1427 1723 1000 fl. und ein neues Gewand für ſich und ſeine Kinder. 1687 wurde ein
83 1711 1426 1772 Doppeladler ſammt Kreuz aufgeſetzt, 1809 beſchädigte das Bombardement der
82 1758 1426 1818 Franzoſen den Thurm, was 1810 einen Reparationsbau durch den Hofarchitekten
81 1804 1429 1868 Aman zur Folge hatte. 1842 wurde wegen abermaliger Gefahr an einer Herſtellung
80 1852 1425 1916 gearbeitet, der Adler mit dem Kreuze abgenommen und durch einen neuen erſetzt.
80 1899 1425 1961 Dieſer Letztere, im Juli 1860 abermals herabgenommen, wiegt 280 Pfund, hat
80 1946 1424 2010 eine Höhe von 10 Fuß 5 Zoll, eine Breite von 4 Fuß 10 Zoll, und iſt um volle
79 1994 1423 2056 3 Fuß 2 Zoll höher als der vorige. Die alten Inſchriften ſind auf den neuen
79 2042 1423 2102 Adler übertragen worden. Die Wiederaufſetzung des Adlers und des Kreuzes iſt
79 2090 554 2137 bereits in Angriff genommen.
