3488 5358
163 182 331 224 Seite 20
766 181 1042 222 Wien, Samstag
1463 162 2048 209 Neue Freie Presse.
2448 151 2685 194 1. Juli 1911
3066 143 3273 187 Nr. 16830
121 250 1164 380 Restaurations-Palast Dreher
247 383 1037 444 Borsa Vecchia TRIEST Börsenplatz.
352 454 940 495 Sehenswürdigkeit Triests.
130 506 574 555 19 Restaurationslokalitäten.
680 503 1168 548 2000 Personen Fassungsraum.
167 553 1136 603 Amerikanischer Dachgarten, durch Lift bequem erreichbar.
133 602 1169 650 Grandioser Ueberblick über das Meer und ganz Triest.
166 648 1138 701 Elegante Speisesäle im 1. Stock. Chambres particulieres, separierte Spielsäle.
132 708 379 755 Dreher-Bier.
471 698 1172 750 Vorzügliche Wiener und italienische Küche.
293 752 1019 799 Rendezvous aller Fremden und Einheimischen.
644 805 1140 848 Carl Wieninger, Restaurateur.
132 874 1174 929 und Benützung jedes, auch Eilſchiffes dieſer Unternehmungen
134 913 1176 971 berechtigen. Und dieſe Einführung findet bei den Fremden be⸗
137 953 1175 1011 rechtigten Beifall, da ſie bis zu 30 Tagen Giltigkeit haben —
137 991 1176 1045 die Logements und Verpflegung für zwei Tage im „Hotel
135 1030 1175 1087 Imperial“ in Raguſa und die Schlafſtelle auf dem Schiffe noch
137 1069 1176 1128 einſchließen. Man berührt dabei Zara, Spalato, Gravoſa und
138 1109 1175 1169 Raguſa, macht Ausflüge auf die Inſel Lacroma, nach Cannoſa,
138 1148 1178 1205 zum berühmten Ombla⸗Urſprung und beſichtigt dieſe intereſſanten
139 1190 1178 1242 Städte und kann auch von Cattaro eine Tour nach der monte⸗
139 1228 873 1286 negriniſchen Hauptſtadt Cettinje unternehmen.
343 1321 970 1368 Die Fremden im Marienbadrevier.
204 1362 1176 1419 Auf mehrere Anfragen betreffend das Paſſieren des Revieres
137 1401 1180 1459 und Parkes Königswart bei Marienbad, ſei folgendes im In⸗
136 1440 1180 1499 tereſſe des Fremdenverkehres mitgeteilt. Die Behauptung, als ſei
138 1481 1179 1539 für dieſes Jahr der Durchgang durch das nächſt Marienbad ge⸗
139 1520 1180 1579 legene Schanzer Revier — dem einſtigen Tiergarten — ſowie
140 1559 1182 1619 der Beſuch des Parkes und des Muſeums im Schloß Königs⸗
139 1596 1183 1656 wart nicht mehr geſtattet, iſt unrichtig. Bis auf Widerruf
140 1637 1183 1691 kommt man auch in dieſem Jahre den fremden Gäſten auf
142 1676 1182 1734 das weiteſte entgegen, jedoch darf beim Paſſieren des Thier⸗
141 1714 1183 1774 gartens nur die Hauptallee, die Schoberallee und die Kohl⸗
143 1755 1185 1808 bauallee benützt werden und iſt den Aviſotafeln Folge zu
141 1794 1184 1851 leiſten. Von dem Jägerhaus gelangt man zum hochintereſſanten
142 1830 1184 1890 Moorlager. Der Weg von der Jägerſtraße führt durch den Wald
143 1870 1185 1928 mit den herrlichen Partien und dem Waldſtein⸗Monumente.
144 1909 1185 1964 Leider bricht dort der Beckenweg ab, der durch ſchattige
144 1948 1187 2008 Waldgründe zur Talſperre führt. Der von der Sägemühle im
146 1987 1187 2045 Maxtale ausmündende Schwarzenbergweg zwiſchen der
144 2025 1189 2085 Friedrich Wilhelm⸗ und Stephanie⸗Höhe iſt
149 2074 512 2123 in allerbeſtem Stande.
206 2189 1132 2359 Wiener Reinigungswerke
448 2354 896 2403 Kaisermühlen.
179 2393 1160 2445 Chemische Reinigung von allen Arten Damengarderoben,
178 2431 1161 2482 Herrenkleidern, Möbeln in unzertrenntem Zustande, Teppichen,
247 2467 1100 2517 Vorhängen, nebst Färben derselben und Aufbewahren.
416 2507 927 2546 I. Bezirk, Spiegelgasse Nr. 8.
297 2534 1035 2575 VI. Bezirk, Gumpendorferstrasse Nr. 88a.
418 2563 921 2599 VI. Bezirk, Webgasse Nr. 43.
376 2586 969 2624 VII. Bezirk, Kirchengasse Nr. 20.
320 2610 1024 2655 VIII. Bezirk, Josefstädterstrasse Nr. 68.
180 2638 1166 2689 Abholen und Zustellen kostenlos. Provinzaufträge franko
180 2671 1170 2720 gegen franko. — Die Dampfwäscherei liefert Bügel-,
416 2700 934 2738 Wasch-, Roll- und Kilowäsche.
405 2733 944 2771 Telephon: 19294 und 22784.
1621 242 1826 282 Obertraun.
1274 296 2240 353 In einer freundlichen Talebene am Fuße des Sarſteines
1200 337 2244 392 und am Südende des Hallſtätterſees, nahe an der Grenze Steier⸗
1200 376 2245 433 marks, liegt 511 Meter hoch das idylliſch gelegene Gebirgs⸗
1201 414 2243 471 dörfchen Obertraun. Von hier aus bieten ſich dem Natur⸗
1203 454 2244 509 freunde die herrlichſten Partien (Koppenſtraße nach Auſſee, Sar⸗
1204 494 2244 550 ſtein, Schönberg, Lahnfried, Krippenſtein, Däumling, Speikberg),
1206 533 2245 590 ebenſo gelangt der Touriſt von der Ortſchaft Winkel aus auf
1205 572 2244 629 die Gejaidalpe und den Dachſtein. Beſondere Anziehungspunkte
1205 610 2245 667 ſind die Koppenprüllerhöhle mit dem Koppenprüllerloch, erſtere
1206 650 2246 701 vom Vereine „Naturfreunde“, Ortsgruppe Linz, hergerichtet,
1206 689 2246 746 dann die einzig in ihrer Art vorkommenden, weltberühmten,
1207 727 2248 782 neuentdeckten Dachſteinhöhlen mit ihren bizarren, reich⸗ und
1207 767 2249 825 mannigfaltigen in allen Größen vorhandenen Tropfſteingebilden
1209 806 2248 862 und Eisformen. Obertraun iſt Station der k. k. Staats⸗
1211 844 2250 901 bahnſtrecke Attnang ⸗ Steinach⸗Irdning (jeder Schnellzug hält(
1209 886 2249 941 und ermöglicht die Ausführung der zahlreichen, ungemein
1209 923 2250 980 lohnenden Ausflüge und Hochgebirgstouren im Gebiete des ober⸗
1210 961 2252 1018 öſterreichiſchen und ſteiriſchen Salzkammergutes. Seebad des Ver⸗
1212 1000 2254 1058 ſchönerungsvereines. Prachtvolle Spazierwege in den bewaldeten
1211 1041 2253 1097 Anlagen des eben genannten Vereines in nächſter Nähe des
1212 1080 2250 1137 Ortes. Weg zur Koppenwinkelalpe längs des Traunufers.
1210 1119 2253 1175 Poſt⸗, Telegraphen⸗ und Telephonamt. Gute Gaſthöfe, 2 Kauf⸗
1211 1157 1876 1217 geſchäfte, Fleiſchhauerei, Bergſchuhmacher.
1470 1302 2014 1347 Etwas aus Lind im Drautale.
1289 1363 2254 1422 Die Südbahnſtation Kleblach in Kärnten zeigt heuer das
1211 1406 2252 1465 Bild größter Regſamkeit und erhöhten Verkehres; ſie iſt
1214 1449 2251 1508 „Fremdenſtation“. Kleblach ſelbſt iſt jedoch nicht das Ziel ſo
1217 1491 2253 1551 vieler Reiſenden, ſondern das zehn Minuten entfernte Lind,
1218 1537 2255 1594 das in einer Höhe von 583 Metern wegen ſeiner prächtigen
1216 1582 2253 1638 Ausſichtspunkte ſo gerne aufgeſucht wird. Von Mund zu
1218 1625 2255 1680 Mund geht das Lob dieſes Ortes und mit Recht, denn der
1216 1669 2255 1725 Fremde findet dort mehr, als er von einem anderen mit
1218 1711 2254 1770 gleicher Einwohnerzahl erhoffen und vorausſetzen kann. Lind
1220 1754 2257 1813 im Drautale iſt elektriſch beleuchtet, geſund, wird mit Quellen⸗
1217 1799 2256 1857 waſſer verſorgt, ſeine Spazierwege und ſeine Ausſichtspunkte
1218 1843 2259 1902 ſind prächtig. In dem unmittelbar angrenzendem Fichten⸗
1222 1886 2260 1943 walde mit dem eingelagerten Kapellenberge und der Ruine
1226 1930 2263 1988 Lind, läßt es ſich ſo geſund und angenehm promenieren, daß
1226 1975 2264 2033 die fremden Beſucher ſich faſt als bodenſtändig fühlen und —
1222 2016 2263 2076 bleiben. Beſonders beliebt iſt der Raggnitzhof, der Ausſichts⸗
1223 2060 2265 2121 punkt „Guggehügel“, der romantiſche Kapellengraben mit der
1223 2104 2267 2163 Talſperre. Das für fremde Touriſten beſonders Bemerkens⸗
1228 2149 2263 2204 werte aber iſt die Fülle von lohnenden Bergtouren, die man
1226 2191 2263 2250 von Lind unternehmen kann und darauf ſoll auch hingewieſen
1227 2237 2264 2294 werden. Die Partie über die Fellſcharte zum Weißenſee, dann
1229 2279 2264 2338 auf die Linderalpe mit den Kriſtallquellen und weiter Aus⸗
1226 2321 2264 2384 ſicht, von hier auf den 2238 Meter hohen Latſchur mit präch⸗
1226 2367 2263 2426 tiger Ausſicht, weiter durch den pittoresken Liflitzgraben mit
1228 2409 2266 2471 mehreren Talſperren auf das Goldeck, auf den Hochſtaff mit
1228 2453 2269 2512 dem intereſſanten Staffloch, auf die Stiflitzalpe, die Wermiſch⸗
1230 2497 2266 2559 alpe, auf die St. Radelbergeralpe, auf den 2279 Meter⸗hohen
1228 2542 2265 2603 Stagor u. ſ. w. Bei ſolchen Vorbedingungen iſt es nur zu
1229 2585 2265 2646 begreiflich, daß in dem reizenden Lind der Touriſtenzuzug ſich
1231 2629 2268 2689 rapid hebt und daß Lind ſelbſt alle Anſtrengungen macht
1231 2672 2268 2733 und kein Opſee ſcheut, für die fremden Reiſenden in jeder
1231 2727 1542 2773 Weiſe vorzuſorgen.
2510 337 3084 390 Fabrik für Reit-, Fahr-
2508 392 3086 440 ◻ und Stallrequisiten ◻
2508 446 3090 493 Militärausrüstungsgegen-
2508 493 3086 542 stände nach Vorschrift
2385 601 3234 715 W. Wilhelmy
2410 716 3193 758 Lieferant Sr. k. u. k. Apost. Majestät Ober-
2411 743 3193 783 stallmeisteramtes, der Mitglieder des Aller-
2412 770 3194 807 höchsten Kaiserhauses, des k. u. k. Offiziers-
2482 798 3124 836 korps, vieler k. u. k. Militär-Institute.
2510 839 3094 892 Sattler ◻ Riemer
2515 892 3093 946 Wien, I., Führichgasse 6
2516 951 3093 988 Manufacturer of English saddles &
2518 988 3095 1024 harness and all kinds of horse
2519 1019 3097 1062 ◻ ◻ clothing whips etc. ◻ ◻
2518 1063 3100 1100 Fabricant de tons les articles de la
2518 1099 3100 1141 sellerie, barnais et pour l'écurie
2521 1145 2764 1184 Telephon 7813
2851 1142 3098 1181 Telephon 7813
3263 1136 3305 1175 11
2292 1309 2923 1472 Pension Opera
2926 1298 3330 1348 Budapest, VII.,
2927 1341 3330 1394 Andrássy-ut 21,
2927 1386 3330 1435 II. St., vis-à-vis
2928 1431 3332 1475 der kön. Oper.
2291 1482 3337 1536 ☛ Neu eröffnet. ☚
2293 1530 3334 1572 Haltestelle der Untergrundbahn, beste Kommunikation nach allen Richtungen.
2295 1556 3335 1597 Mässige Preise. Elegant eingerichtete bequeme Gassenzimmer. Vorzügliche Küche.
2296 1584 3333 1622 Elektr. Beleuchtung. Telephon 82—14. Lift. Bäder. Diner-Abonnement.
2368 1638 3266 1689 Woher die Inſchrift des Beethovenſteines auſ der
2496 1679 3139 1723 Albrechtshöhe nächſt Baden ſtammt,
2296 1715 3332 1769 dürfte den Fremden und auch manchem Einheimiſchen Wiens
2298 1754 3330 1809 nicht bekannt ſein. Die Albrechtshöhe, welche im Volksmund
2297 1794 3333 1849 den Namen „Eiſeres Tor“ führt, wegen der auf dem Wege zum
2298 1835 3337 1889 Turme aufgeſtellten auf zwei hohen eiſernen Säulen ruhenden
2298 1873 3335 1930 Aufſchriftstafel, iſt die Spitze des höchſten Berges in der Nähe des
2297 1914 3339 1965 Kurortes Baden, des Lindkogels im Kaltenburger Forſt. Dort
2299 1955 3340 2009 ließ im Jahre 1856 Baron Simon Sina aus Quaderſteinen
2301 1993 3342 2049 einen 16 Meter hohen Ausſichtsturm errichten. Die Fremden
2302 2032 3341 2087 beſuchen bekanntlich die Albrechtshöhe mit Vorliebe und der
2301 2071 3341 2128 Beethovenſtein iſt häufig das Ziel ihrer Ausflüge. Auf einem
2302 2111 3343 2168 mächtigen Felsblocke hatten in den Fünfzigerjahren über An⸗
2302 2151 3341 2206 regung des Schriftſtellers Dr. Märzroth Freunde des
2304 2189 3343 2246 heimiſchen Tondichters eine Inſchrift anbringen laſſen und
2302 2228 3344 2286 die Pietät für L. van Beethoven hat dieſen Felſen, auf deſſen
2303 2270 3341 2324 Plateau der unſterbliche Meiſter in den Jahren 1824 und
2304 2308 3344 2361 1825 mit Vorliebe zu verweilen pflegte, in einen Denkſtein
2302 2349 3346 2402 verwandelt. Im Jahre 1900 am 1. Juli wurde dieſe In⸗
2305 2387 3344 2444 ſchrift dann durch ein würdigeres in Erz hergeſtelltes Denk⸗
2303 2426 3344 2480 mal des Bildhauers Joſef Kaſſin erſetzt. Unter der Relief⸗
2305 2466 3347 2523 büſte des Tonheros iſt folgende Inſchrift zu leſen: „Beethoven.
2306 2506 3345 2562 — An dieſem Felſen verweilte oft der unſterbliche Tonmeiſter
2305 2544 3349 2601 in den Jahren 1824 und 1825.“ Die Koſten dieſes ⸗Denk⸗
2306 2582 3346 2638 males, das in der Kruppſchen Kunſtgießerei hergeſtellt wurde,
2308 2623 3349 2676 hat der Geſangsverein der Kurſtadt Baden aufgebracht. Von
2307 2662 3351 2717 Baden erreicht man den Beethovenſtein ohne Anſtrengung in
2307 2710 2694 2758 anderthalb Gehſtunden.
629 2798 972 2897 Dank.
261 2931 1253 2989 Erlaube mir, zur gefälligen Anzeige zu bringen, dass ich mein
369 2993 1252 3089 Café Neubauhof
585 3083 1022 3129 VII., Neubaugasse 64
159 3145 967 3194 an Herrn Josef Müllner käuflich übergeben habe.
258 3172 1455 3227 Für das mir durch 6 Jahre in reichem Masse bewiesene Vertrauen spreche,
161 3207 1454 3264 ich meinen verehrten Gästen und Freunden den innigsten Dank aus mit der Bitte
161 3249 981 3297 selbes an meinen Nachfolger gütigst zu übertragen.
1077 3278 1352 3323 Hochachtungsvoll
1026 3322 1400 3377 Franz Knie.
1807 2777 2682 2902 Anempfehlung.
1693 2901 2888 2955 Hiemit gestatte ich mir, ergebenst die Anzeige zu machen, dass ich das
1595 2950 1843 2987 bestrenommierte
1799 2981 2691 3081 Café Neubauhof
2021 3072 2458 3120 VII., Neubaugasse 64
1596 3116 2890 3172 von Herrn Franz Knie käuflich erworben habe und ab heutigen Tages weiterführe.
1702 3152 2891 3204 Ich werde bestrebt sein, meine geehrten Gäste durch aufmerksame Bedienung
1597 3188 2891 3242 und Verabreichung bester Qualitäten nach jeder Richtung hin zufriedenzustellen,
1598 3229 2165 3275 und bitte um zahlreichen Zuspruch.
2461 3257 2739 3299 Hochachtungsvoll
2379 3301 2838 3355 Josef Müllner.
215 3434 1922 3731 Kladderadatsch
433 3759 1920 3818 Das alte, aber ewig junge politisch-satirische Berliner Witzblatt, das jetzt im 64. Jahrgang
330 3795 1921 3855 erscheint, ist in seiner Eigenart von keinem der im Laufe der Jahre so zahlreich entstandenen Witz-
333 3829 1921 3887 blätter bis jetzt erreicht worden. — Es hat seinen Ruf, das erste und angesehenste deutsche politische
333 3863 1922 3924 Witzblatt zu sein, bis heute behauptet und darf Anspruch erheben, auch ein Blatt von literarischer
334 3898 1921 3960 Bedeutung zu sein, denn seine ernsten wie heiteren Gedichte bleiben zu nicht geringem Teil erhalten
335 3943 1216 3992 als literarisch wertvolle Denkmäler politischer Dichtung.
438 3966 1925 4026 Bestellungen nehmen alle Buchhandlungen, Zeitungsspeditionen und Postanstalten des In- und
335 4002 1926 4059 Auslandes sowie die unterzeichnete Verlagshandlung entgegen. Preis vierteljährlich 2.50 M., bei direkter
336 4038 1924 4099 Zusendung unter Kreuzband für Deutschland und Oesterreich 3.— M., für das Ausland 3.50 M.
336 4074 1715 4131 Probenummern gratis. Anzeigen finden durch den Kladderadatsch weiteste Verbreitung.
443 4157 767 4198 Berlin SW. 68.
1201 4127 1873 4188 A. Hofmann & Comp.
1247 4187 1826 4235 Verlagshandlung des Kladderadatsch.
338 4213 412 4244 14608
175 4316 1991 4443 MEIRINGEN und das Haslital
553 4438 1616 4499 im Berner Oberland, Schweiz (Brünigbahn).
175 4487 1992 4560 Prachtvolle Hochgebirgslandschaft mit Wasserfällen, Bergseen, Gletschern und Schnee-
177 4529 1991 4603 bergen. Weltberühmte Naturwunder: Aareschlucht, Alpbachschlucht, Handeggfall, Reichen-
669 4580 1500 4639 bachfälle (Drahtseilbahn), Rosenlauischlucht.
177 4643 623 4742 Meiringen,
633 4624 1993 4691 Hauptort des Haslitales. Ausgangspunkt für 5 Alpenpässe. Stand-
636 4668 1993 4737 quartier für Hochgebirgstouren u. für Vergnügungsfahrten.
308 4719 1865 4793 ☛ Abends effektvolle Beleuchtung der Aareschlucht. ☚
183 4773 1994 4836 Hotels (Bettenzahl überall in Ziffern angegeben): Wildenmann (110), Bär (80), Brünig (70), Anderegg (60), Kreuz
183 4806 1994 4872 (60), Flora (60), Garni Oberland, alkoholfrei (50), Krone (48), Post (45), Adler (45), Löwen (35), Hirschen (35), Hirschen (35),
529 4844 1657 4904 Rütli (35), Bahnhof (32), Meiringerhof (30), Bellevue (20), Viktoria (15).
182 4885 1996 4949 Brünig-Pass (Eisenbahn): Grand Hotel und Kurhaus Brünig (150). Hohfluh: Hotel Pension Bären (23).
288 4929 1227 4979 Wasserwendi Hasliberg: Kurhaus Wasserwendi (50).
183 4951 1999 5020 Grimsel-Pass (Poststrasse): Guttannen: Hotel Haslital (45), Bär (35). Handeggfall: Hotel Handegg (50).
291 5005 775 5053 Grimsel: Grimselhospiz (60).
184 5024 1999 5089 Gr. Scheidegg-Pass: Kaltenbrunnensäge Kurhaus (50). Rosenlaui Kurhaus (118). Schwarzwaldalp
292 5081 512 5121 Kurhaus (60).
187 5104 838 5156 Joch-Pass: Kurhaus Engstlenalp (70).
188 5144 858 5191 Susten-Pass: Hotel Steingletscher (50).
539 5176 1967 5234 Prospekte u. Auskünfte kostenlos durch den Verkehrsverein Meiringen und Umgebung.
1927 5105 2001 5135 13102
2075 3400 2811 3489 MOORBAD
2026 3493 2871 3713 Aibling
2078 3723 2818 3775 am Fusse der bayerischen Alpen
2065 3769 2826 3814 :: von München 1 ½ Bahnstunden. ::
2047 3813 2846 3850 Eisenhaltige Moorbäder u. Solebäder. Alle modern hygienisch.
2050 3841 2847 3877 Einrichtungen d. Balneotherapie. Prachtvolle Gebirgsaussicht.
2050 3868 2847 3902 Kurhaus mit Kurpark. Kurkapelle. Reunions, Tennisplatz.
2049 3894 2848 3929 Flussbäder. Ausgangspunkt für lohnende Gebirgstouren.
2315 3926 2581 3970 Indikationen:
2047 3969 2847 4004 Gicht, Rheumatismus, Ischias, Frauenkrankheiten,
2045 3996 2847 4033 Neuralgien, Venen-Entzündungen, Exsudate etc.
2088 4025 2724 4062 Prospekte und Wohnungsverzeichnis durch den
2402 4056 2838 4089 Kur- und Verschönerungsverein.
2001 4150 2900 4230 Solbad, klimatischer u. Terrain-Kurort
2002 4233 2477 4376 Bad Aussee
2026 4391 2455 4456 (steir. Salzkammergut)
2481 4227 2900 4264 Berühmt wegen ſeiner Fülle an
2480 4254 2901 4288 Naturſchönheiten. Herrliche Seen,
2481 4281 2901 4316 ſtundenlange Promenaden durch
2482 4308 2901 4339 Wald und Feld, große Kur- und
2481 4334 2902 4367 Badeanſtalten, Kurhaus, Theater,
2483 4360 2903 4392 Kurmuſik, Tennisplätze. Proſpekte
2480 4384 2902 4420 gratis durch die Kanzlei der Kur⸗
2477 4409 2903 4442 = kommiſſion. =
2055 4484 2851 4655 Hotel Athènes
2005 4664 2907 4703 II., Praterſtraße 36, vis-à-vis dem Carl-Theater, 3 Minuten vom
2006 4689 2906 4728 k. k. Prater und Stephansplatz, belebteſte Straße Wiens, zwiſchen Nord⸗
2006 4717 2906 4754 und Nordweſtbahnhof, elegant möblierte, luftige Gaſſenzimmer mit feinſten
2007 4743 2907 4781 Betten, mit allem Komfort, von 2 ½, K. auſwärts, elektriſches Licht,
2005 4767 2907 4806 Telephone, aufmerkſame Bedienung, empfiehlt dem reiſenden P. T. Publi⸗
2005 4797 2305 4835 kum J. Arlt, Hotelier.
2832 4800 2908 4828 14716
2054 4885 2865 4998 Orientfahrt
2057 5004 2864 5040 9. bis 30. Juli, 5. bis 26. August, am österr. Doppelschrauben-
2058 5030 2862 5066 Schnelldampfer Alice, 10.500 Tonnen, 140 Meter lang, Preis
2059 5056 2862 5095 375 M. — Triest, Cattaro, Korfu, Athen, Kon-
2059 5082 2863 5118 stantinopel, Smyrna, Jerusalem, Kairo, Kreta, Ve-
2060 5109 2863 5145 nedig, Triest. Prospekte durch Vereinigung f. Deutsche
2060 5135 2862 5171 Mittelmeerfahrten, Charlottenburg, Wallstrasse 42.
2907 2837 3343 2936 EINE ZIERDE
2907 2943 3042 3001 JEDES
2907 2927 3245 3191 GARTENS
3193 3547 3315 3608 SIND
3190 3607 3350 3658 UNSERE
2923 3762 3099 3810 BELIEBIG
2915 3806 3165 3855 VERSTELLBAREN
2916 3853 3167 3957 GARTEN-
2917 3955 3167 4039 SCHIRME
3210 3834 3353 3885 PATENT
2919 4285 3361 4330 Bester Schutz gegen
2919 4326 3361 4370 Sonne und Zugluft.
2919 4394 3360 4439 Von der einfachsten bis zur
2979 4434 3297 4472 feinsten Ausführung.
2922 4498 3363 4544 Konkurrenzlos in Preis und
3068 4538 3205 4575 Qualität.
2921 4599 3363 4672 Spezialität: Streckfauteuil
2924 4676 3368 4814 „Liebling“
2941 4836 3341 4895 Grösste Spezialfabrik
2924 4899 3376 4994 R. Jaekel's Nachf.
3014 4988 3275 5025 k. u. k. Hoflieferant
2972 5033 3319 5090 = WIEN =
2929 5096 3364 5141 VI., Mariahilferstrasse 11.
3291 4991 3374 5025 12875
