3597 5362
284 216 467 263 Nr. 178
838 214 1164 270 Wien, Samstag
1564 211 1983 270 Arbeiter-Zeitung.
2419 215 2695 260 1. Juli 1911
3098 213 3258 255 Seite 3
215 316 1232 366 ſchiedenſten Anſichten. Ein Teil der Konſervativen
219 364 1238 407 glaubt oder glaubte bis vor einigen Tagen (man muß
220 407 1233 450 ſehr behende ſein, um die Entwicklung und die ſchnell
221 450 1238 495 wechſelnden Anſichten der modernen konſervativen
219 494 1235 539 Partei verfolgen zu können), daß Neuwahlen an dem
217 538 1235 580 Stärkeverhältnis der Parteien wenig ändern würden.
218 581 1233 626 Das iſt auch die Anſicht der maßgebenden liberalen
224 623 1233 668 Blätter. Andere Konſervative rechnen mit der Nieder⸗
220 667 1237 711 geſchlagenheit, die ein Rückzug Asquiths unter den
221 709 1232 752 liberalen Wählern verbreiten würde. Wer mit den
222 752 1232 795 Arbeitern in Berührung kommt, kann wahrnehmen,
225 796 1232 839 daß man anfängt, ſich über den Kampf mit dem
224 839 1233 882 Lords, bei dem ſo viel Geräuſch gemacht
227 882 1232 925 wird und ſo wenig paſſiert, zu langweilen. Es
227 925 1232 970 beſteht die Gefahr, daß bei bald ſtattfindenden Wahlen
224 969 1234 1014 viele Wähler irgend einem Kandidaten ihre Stimme
227 1011 1233 1058 geben werden, nur um der ewigen liberalen Litanei
227 1056 1233 1099 zu entkommen. Die Liberalen legen die offenkundige
225 1098 1232 1143 Teilnahmsloſigkeit der Maſſen in der Weiſe aus, daß
225 1141 1232 1185 ſie erklären, das Volk verhalte ſich ſtill, weil es wiſſe,
228 1184 1234 1229 daß ſeine Sache in guten Händen ſei und trium⸗
227 1229 484 1273 phieren müſſe.
327 1269 1233 1315 Es iſt ſchwer, zu erkennen, welche zugkräftige
230 1313 1232 1357 Wahlparole die Liberalen ausgeben könnten, wenn es
226 1357 1232 1402 den Lords gelingen ſollte, die Krone zum Widerſtand
224 1400 1234 1444 zu bewegen. Eine republikaniſche Bewegung exiſtiert
223 1443 1238 1488 in England nirgends und es iſt auch mehr als
225 1485 1233 1532 zweifelhaft, ob ſich die Maſſe der liberalen Partei
225 1527 1234 1575 zu einer Bewegung gegen die Krone verwenden ließe.
227 1572 1234 1616 Die nächſten paar Tage werden zeigen, ob ſich der
226 1615 1232 1661 engliſche Liberalismus gegen Adel und Krone und
224 1658 1235 1702 die hinter dieſen Stehenden imperialiſtiſchen und
219 1702 1057 1748 reaktionären Mächte wird behaupten können.
614 1814 845 1848 Die Vetobill.
325 1856 1233 1895 London, 29. Juni. Die Beratung der Vetobill
225 1898 1229 1938 im Oberhauſe machte heute keine weſentlichen Fort⸗
224 1939 1239 1982 ſchritte. Schließlich wurde der § 1 mit verſchiedenen Amendements,
225 1986 1177 2024 welche die Regierung teilweiſe bekämpft hatte, angenommen.
588 2059 862 2155 Inland.
927 2153 1204 2193 Wien, 30. Juni.
414 2208 1045 2253 Das Handſchreiben an Bienerth.
331 2261 1235 2301 Aus allem ſuchen die armen, jetzt zum Raunzen
225 2300 1236 2342 verurteilten Bienerth-Offiziöſen Kapital zu ſchlagen: ſelbſt
225 2338 1234 2379 das kaiſerliche Handſchreiben mit ſeinen konventionellen
225 2377 1235 2419 Redensarten ſei „ein kennzeichnender Hinweis auf die
228 2416 1235 2458 Stetigkeit und Feſtigkeit“ des leider geweſenen Bienerthſchen
230 2455 1237 2498 Regierens. Bei denen, die dieſe Handſchreiben kennen,
229 2495 1237 2535 die jedem, ſchlechthin jedem ſcheidenden Miniſter die
227 2533 1236 2576 größten Verdienſte quittieren, wird dieſe Ausſchrotung
234 2572 1238 2613 natürlich nur Heiterkeit erregen. Wir zitieren zum Exempel
233 2610 1237 2653 das Handſchreiben an den Miniſterpräſidenten, der das
231 2651 1236 2694 bösartigſte Fiasko erlitten, das an Badeni, das folgender⸗
225 2692 579 2732 maßen gelautet hat:
363 2735 1238 2773 Seit dem Tage, an welchem Sie, meinem Rufe
258 2771 1236 2809 folgend, die Bildung eines Kabinetts übernahmen, bis zu
262 2807 1237 2843 der nunmehr erfolgten Demiſſion des Geſamtminiſteriums
263 2841 1238 2876 haben Sie unausgeſetzt bewieſen, daß Sie nur von einem
264 2875 1239 2911 Wunſche beſeelt waren, mir und dem Staatswohl mit
261 2909 1238 2946 beſtem Willen und allen Ihnen zu Gebote ſtehenden
267 2944 1240 2981 Kräften zu dienen. Für dieſe hingebungsvolle
263 2978 1238 3017 Treue in Verfolgung des hohen Zieles, Ihrer mühevollen
261 3010 1240 3052 Arbeit, für Ihren beharrlichen, opferwilligen Pflicht⸗
264 3047 1236 3084 eifer im Intereſſe des ganzen Gemeinweſens ſowie für Ihre
261 3080 1236 3120 loyale Ergebenheit und Anhänglichkeit ſpreche ich Ihnen meinen
260 3116 1232 3151 wärmſten, anerkennendſten Dank aus und verſichere Sie
260 3150 1048 3189 meines aufrichtigen, unwandelbaren Wohlwollens.
330 3191 1239 3238 Die „N. Fr. Pr.“ ſieht alſo, daß „hingebungsvoll“
229 3233 1242 3279 und „opferwillig“ keine ſeltenen ſchmückenden Beiwörter
230 3273 1241 3318 bei der Abſchätzung ſcheidender Miniſterpräſidenten ſind,
224 3312 1242 3358 obwohl noch nie einer etwas hingegeben oder etwas
225 3349 1242 3395 geopfert hat. Im übrigen möchten wir glauben, daß das
225 3391 1241 3434 Handſchreiben an Bienerth kein anderer als er ſelber verfaßt
226 3427 1242 3470 haben wird; wir glauben, das an dem ſchlechten Stil
226 3469 1239 3511 zu erkennen. Eine hingebungsvolle Haltung,
224 3508 1240 3549 eine aufopfernde Haltung, dieſe Zuſammen⸗
229 3546 1238 3589 koppelung widerſprechender Bezeichnungen bringt wirklich
235 3593 570 3628 nur er zuwege...
332 3654 1244 3699 Der Deutſche Nationalverband und die Wiener
232 3695 1242 3744 Abgeordneten. Ueber die heutige Beratung des Deutſchen
230 3740 831 3782 Nationalverbandes wird gemeldet:
371 3782 1243 3826 Heute Nachmittags trat der vom Deutſchen National⸗
267 3821 1243 3860 verband nach der Auflöſung des Abgeordnetenhauſes eingeſetzte
266 3853 1242 3894 Vollzugsausſchuß unter dem Vorſitz des Abgeordneten Dr.
268 3890 1242 3931 Sylveſter zu einer Sitzung zuſammen, um über die
268 3925 1242 3965 Modalitäten der Neukonſtituierung des Deutſchen National⸗
270 3965 614 4001 verbandes zu beraten.
373 3995 1242 4037 Es wurde beſchloſſen, alle diejenigen Abgeordneten zum
263 4030 1245 4070 Beitritt einzuladen, die auf das Programm des Deutſchen
269 4063 1243 4103 Nationalverbandes kandidiert, und weiter die, die ſich den
265 4100 1243 4142 Wählern verpflichtet haben, dem Nationalverband beizutreten.
264 4132 1243 4174 Die konſtituierende Sitzung wurde für Freitag den 7. Juli um
266 4165 1245 4207 3 Uhr Nachmittags in Ausſicht genommen. Der bisherige
268 4200 1242 4244 Vorſtand wurde mit der proviſoriſchen Weiterführung der
271 4234 1242 4280 Geſchäfte betraut. Es fand ſodann eine eingehende Debatte
271 4271 1244 4314 über die gegenwärtige politiſche Lage ſtatt, wobei einmütig
272 4307 1244 4348 die Auffaſſung zu Tage trat, daß den neuen Verhältniſſen
271 4342 1243 4384 gegenüber eine zuwartende Haltung einzunehmen
265 4374 1245 4416 ſei, da auch das Programm der Regierung und die politiſche
269 4409 1246 4450 Richtung, die ſie einzuſchlagen gedenkt, gegenwärtig noch nicht
266 4443 1245 4485 bekanntgegeben worden ſind. Der Deutſche Nationalverband
269 4478 1248 4519 muß unter allen Umſtänden an der Forderung, daß die Ver⸗
270 4511 1246 4555 waltung eine ſtreng objektive ſei, feſthalten. Hinſichtlich des
269 4549 1247 4592 Regierungsſyſtems wurde allſeits der Anſchauung Ausdruck
273 4584 1246 4634 gegeben, daß ein parlamentariſches Kabinett, das lediglich
267 4622 1002 4667 eine Perſonenkoalition darſtellt, unmöglich ſei.
347 4660 1251 4712 Es ſcheint nach dieſer unbeſtimmten Mitteilung,
240 4701 1250 4755 daß die Herren vom Nationalverband ſelbſt nicht wiſſen,
243 4740 1250 4795 wen ſie von den neugewählten Herren Abgeordneten zum
236 4792 632 4832 Beitritt laden werden.
515 4867 997 4919 Die Salzburger Wahlen.
343 4918 1083 4969 Aus Salzburg wird uns geſchrieben:
348 4954 1259 5009 Das kleine, etwa 220.000 Einwohner zählende
244 4993 1259 5056 Kronland Salzburg ſchließt die diesjährigen Reichsrats⸗
245 5030 1258 5094 wahlen für die Sozialdemokratie mit
244 5071 1262 5136 einem Zuwachs von 1677 Stimmen ab,
1277 318 2279 361 während die Chriſtlichſozialen einen Zu⸗
1276 359 2278 399 wachs von 34 Stimmen, die Deutſch⸗
1276 397 2276 438 freiheitlichen einen Verluſt von 896
1276 437 2122 477 Stimmen gegen 1907 aufweiſen.
1384 476 2279 516 Salzburg hat ſieben Wahlbezirke, wovon in den
1275 514 2278 556 vier Landgemeindenbezirken die Klerikalen derzeit noch
1278 552 2280 594 unbeſtritten herrſchen, obwohl die ſozialdemokratiſchen
1278 591 2280 634 Stimmen trotz geringer Agitationsarbeit in erfreulicher
1276 630 2279 672 Weiſe zunahmen. In den drei Städtebezirken (Salzburg⸗
1276 671 2277 709 Innere Stadt, Salzburg⸗Vorſtädte und Städte und
1275 708 2279 748 Märkte) tobt der Kampf zwiſchen den Sozialdemokraten
1277 746 2276 788 und Deutſchfreiſinnigen, während die Chriſtlichſozialen,
1276 785 2275 827 die von 15.800 für die drei großen Parteien
1273 824 2281 864 abgegebenen Stimmen nur 3300 Stimmen erhielten. in den
1277 863 2279 904 Stichwahlen den Ausſchlag geben, der in Anbetracht der
1275 901 2278 942 innigen Verſchwiſterung zwiſchen Nationalverbändlern und
1276 940 2278 979 Chriſtlichſozialen immer zu Ungunſten der Sozialdemokratie
1275 977 2279 1019 ausfällt. So war unſere Partei immer zur Erfolgloſigkeit
1275 1018 2279 1060 verurteilt, obwohl ſie 5800 gegen 6700 Stimmen der
1275 1056 2277 1098 Freiſinnigen in den drei Städtebezirken aufbringt. Bis
1276 1097 2278 1137 auf das Mandat Dr. Sylveſters in der Innern Stadt,
1275 1134 2276 1176 in welcher die Stichwahl durch Wahlmißbräuche ver⸗
1274 1174 2276 1213 hindert wird, kann der Freiſinn nur auf den Krücken
1274 1211 2276 1251 der Sozialdemokraten und der Chriſtlichſozialen ins
1275 1249 2276 1291 Parlament kommen. 1907 wurde der zweite Wahlbezirk
1275 1289 2274 1329 mit Hilfe der Chriſtlichſozialen den Sozialdemokraten
1276 1328 2277 1369 mit einer Majorität von 105 Stimmen entriſſen
1276 1366 2277 1406 und das Parlament bekam einen der widerlichſten
1276 1405 2277 1447 deutſchfreiſinnigen Politiker, Dr. Stölzel, zum Genuß. Im
1276 1443 2275 1486 dritten Wahlbezirk verhalfen die Sozialdemokraten dem
1276 1484 2022 1525 Freiſinnigen Hueber zu ſeinem Mandat.
1381 1521 2277 1563 Diesmal kamen wir im zweiten und dritten Wahl⸗
1277 1560 2278 1600 bezirk in die Stichwahl, während Dr. Sylveſter mit
1276 1599 1932 1640 knapper Mühe der Stichwahl entging.
1378 1639 2278 1679 Trotzdem Dr. Stölzel gelbe Organiſationen gegründet
1276 1677 2277 1718 und den befreundeten Klerikalen 400 Stimmen ab⸗
1277 1716 2277 1758 genommen hatte, erhielt Genoſſe Preußler in der
1277 1754 2277 1798 Hauptwahl wieder die relative Majorität und ſteigerte
1277 1795 2278 1834 ſeine Stimmen in der Hauptwahl von 2196 auf 2331,
1276 1833 2278 1873 während Dr. Stölzel mit den 400 katholiſchen Bauern⸗
1277 1871 2277 1913 bündlern und 350 gelben Arbeitern ſeine Stimmenzahl
1278 1910 2278 1952 auf 2132 (gegen 1430 im Jahre 1907) ſteigerte und der
1279 1949 2277 1991 Chriſtlichſoziale Gollackner mit 737 Stimmen (gegen 1115
1277 1987 2218 2029 im Jahre 1907) den Ausſchlag bei der Stichwahl gab.
1376 2027 2276 2066 Im dritten Wahlbezirk, in welchem wir bereits
1277 2064 2277 2107 unter beſchränktem Wahlrecht in der Landtagswahl 1909
1278 2103 2278 2146 unſere Stimmen von 1260 im Jahre 1907 auf 1700
1276 2143 2277 2184 ſteigerten, ſtiegen wir auf 2044 Stimmen! Ob⸗
1279 2182 2277 2222 wohl die Klerikalen über die Wegnahme von
1277 2220 2277 2262 400 katholiſchen Bauernbundſtimmen und über den
1279 2258 2277 2301 tückiſchen Kampf der Freiſinnigen erbittert waren
1279 2296 2278 2339 und gegen Dr. Stölzel ſtimmen wollten, gab dieſe Stich⸗
1278 2336 2278 2377 wahl den Anlaß, uns im zweiten Wahlbezirk durch eine ge⸗
1278 2375 2280 2414 ſchloſſene Front für Dr. Stölzel, der überdies die Landes⸗
1279 2414 2279 2457 regierung und alle geiſtlichen Machthaber beſtürmte, zu
1281 2454 1575 2496 Falle zu bringen.
1383 2493 2280 2532 Im zweiten Wahlbezirk wäre Preußler im erſten Wahl⸗
1278 2530 2281 2576 gang gewählt worden, wenn die Freiſinnigen nicht wie
1279 2570 2280 2610 in Böhmen und Mähren geradezu galiziſche Wahlmethoden
1278 2608 2279 2651 angewendet hätten. Schon zu Beginn des Wahlkampfes
1280 2646 2279 2691 erſchienen die Kandidaten in geſchloſſenem Zuge mit
1279 2683 2280 2728 den Anarchiſten und Gelben und der Regierungs⸗
1282 2725 2281 2767 anarchiſt Großmann leitete die Aktion durch Ver⸗
1280 2763 2281 2807 ſammlungen und Flugblätter ein. Dann zogen die
1281 2803 2280 2844 Hausbeſitzer mit einem Fragebogen von Partei zu Partei
1281 2842 2281 2883 und erprotzten den unter der Wohnungsnot leidenden
1283 2880 2279 2920 Arbeitern das Bekenntnis ihrer Stimmenabgabe.
1281 2920 2281 2960 Einige hundert Wähler wurden mit Geld, Trunk,
1280 2958 2281 3000 Eſſen und Kleidern bedacht, nachweisbare Fälle
1279 2996 2281 3040 ſind bereits erhoben und die geſamte Bevölkerung ſpricht
1283 3036 2282 3076 von dem Goldregen. Die Dienſtmänner wurden
1283 3071 2282 3116 diesmal in Zivilkleider geſteckt und mußten namentlich
1283 3113 2283 3153 bei der Stichwahl unter den Bauern die Schreckensbotſchaft
1283 3151 2281 3194 verbreiten, daß Preußler keine Religion habe und
1283 3189 2283 3233 daß er auch nicht getauft ſei. Mit dem gleichen Trick
1284 3228 2282 3274 operierte das freiſinnige „Salzburger Volksblatt“. Die
1286 3267 2281 3314 gelben Arbeiter wurden zur Einſchüchterung unſerer Ge⸗
1286 3307 2283 3350 noſſen mit Revolvern, Stockdegen und
1281 3347 2281 3388 Stiletts bewaffnet und demonſtrierten damit öffentlich
1282 3385 2283 3428 in den Gaſthäuſern. Die ſtädtiſchen Arbeiter erhielten den
1284 3423 2283 3469 Tag frei und entlohnt und mußten ſich von den Polieren
1285 3463 2281 3508 und Aufſehern zur Wahl treiben laſſen. Unternehmer und
1284 3503 2283 3545 Beamte des Gewerbeförderungsinſtituts überklebten den
1283 3542 2283 3584 Wählern, die bereits Preußler auf den Stimmzettel ver⸗
1285 3581 2283 3623 zeichnet hatten, mehr als 400 Stimmzettel
1284 3620 2284 3661 mit dem Namen Dr. Stölzels. Einige Gemeindevorſteher
1284 3657 2283 3703 zogen von Haus zu Haus und forderten unter Berufung
1285 3697 2284 3740 auf ihre amtliche Autorität und unter Verſprechung von
1282 3735 2281 3780 finanzieller Hilfe die Wähler zur Wahl Dr. Stölzels auf.
1385 3775 2285 3819 In die Stimmzettel der Gemeinde
1284 3814 2285 3858 wurden Klebezettel Dr. Stölzels gelegt.
1286 3853 2285 3896 Vor dem Stichwahltag wurden den Wählern die Stimm⸗
1282 3892 2287 3933 zettel wieder nicht zugeſtellt. Beamte der Staatsbahn
1285 3926 2286 3972 ſtellten ſich in die Nähe der Wahllokale und forderten die
1283 3969 2287 4012 ihnen mitgegebenen Arbeiter zur Wahl Dr. Stölzels auf.
1285 4005 2286 4050 Die Gelben, darunter viele Nichtwähler, erhielten tagelang
1286 4049 2287 4091 Urlaub, während man viele ſozialdemokratiſche Eiſen⸗
1287 4089 2288 4131 bahner am Wahltag in den Dienſt ſtellte und ihre
1286 4125 2286 4166 Stimmenabgabe verhinderte. Der Landespräſident erſchien
1288 4162 2286 4205 einige Tage vorher mit Dr. Stölzel und Dr. Sylveſter beim
1287 4203 2285 4246 Landeshauptmann Prälaten Winkler, um die Stichwahl⸗
1286 4240 2286 4285 hilfe der Chriſtlichſozialen durchzuſetzen. Der Bauernführer
1284 4277 2286 4326 Schoosleitner und die chriſtlichſoziale Parteileitung ſetzten
1287 4321 2286 4362 ſich mit Vehemenz für die Wahl Dr. Stölzels ein. Die
1288 4361 2288 4401 Verſammlungslokale Dr. Stölzels wurden wochenlang
1288 4396 2286 4439 durch ein großes Gendarmerie⸗ und Polizeiaufgebot um⸗
1289 4435 2284 4480 ſtellt, nachdem die erſte freie Wählerverſammlung fehlſchlug.
1395 4475 2285 4516 Am Wahltag wurden zum Schutze der Wahl⸗
1290 4512 2284 4556 ſchwindler in allen Wahlorten des zweiten Wahlbezirkes
1291 4552 2287 4599 große Abteilungen von Gendarmerie aufgeboten. Durch
1290 4587 2287 4633 Maxglan zogen an beiden Wahltagen überdies größere
1293 4631 2142 4671 Abteilungen Artillerie⸗ und Kavallerieabteilungen.
1386 4669 2286 4710 Nach vollbrachter Tat bekamen die Wahlſchwindler
1293 4708 2284 4754 Angſt. Die Garniſon hatte Bereitſchaft und die Gen⸗
1294 4750 1887 4788 darmerie wurde zuſammengezogen.
1395 4786 2286 4828 Wenn die Partei trotzdem dieſe verhältnismäßig
1299 4823 2284 4872 große Stimmenvermehrung zuſtande brachte, ſo kann
1298 4862 2284 4907 dieſe Tat als ein Wunderwerk agitatoriſcher Leiſtung an⸗
1300 4902 2284 4950 geſehen werden. Unſere Vertrauensmänner haben ihre
1298 4940 2283 4985 Pflicht voll erfüllt und ſind entſchloſſen, wieder friſch und
1302 4979 2283 5027 gehobenen Mutes an die Arbeit zu gehen, um Salzburg
1303 5017 2283 5064 endlich von dieſem im Volke verachteten und mit ſo
1301 5057 2191 5102 ſchmutzigen Wahlen befleckten „Freiſinn“ zu befreien.
2449 325 3200 370 Sammlung für den Zentralwahlfonds.
2687 378 2949 408 56. Ausweis.
2427 420 3324 457 Ein aufgeregter Narr Kronen 5.—, Ausweiſe der „Volks⸗
2322 454 3326 492 tribüne“ 70.58, Radfahrer Rohrbach an der Gölſen 20.—, Im
2322 490 3324 529 Zeichen des Fliegens 10.—, Heimarbeitergruppe XVI der
2323 524 3324 560 Drechſler 2.—, Werkſtätte Joſef Zenaly 5.10, Genoſſe Alois
2320 559 3325 595 Polazek 2.—, Rrrtſch obidraht 8.80, Herr Hauſer von der roten
2321 593 3322 631 Tiſchgeſellſchaft beim heiligen Perigrin IX 2.—, Profeſſor Dr.
2321 628 3326 663 I. H. 10.—, Oeſterreicher in Heidelberg 11.75, Südbahner der
2322 661 3323 698 Ortsgruppe X/1 63.43, Anſtreicher Rohr X 1.40, I. Bezirk des
2322 696 3237 734 Oeſterreichiſchen Arbeiterturnverbandes (vierte Rate) 11.—.
2420 782 3327 819 Lemberg, 30. Juni. (Unruhen.) In einigen Gemeinden
2318 817 3330 855 des Bezirkes Kalusz iſt es geſtern zu Unruhen gekommen, die
2320 853 3326 888 ſich größtenteils in Drohungen von Angehörigen der Ukrainiſchen
2319 887 3325 922 Partei kundgaben. In der Gemeinde Niegowice dieſes Bezirkes
2321 922 3325 958 wurden in einigen Häuſern die Fenſter eingeſchlagen, Zäune
2320 956 3325 993 und Brunnen zerſtört und ein Teil der Feldſaaten, vernichtet.
2321 990 3325 1027 Der Bezirkshauptmann von Kalusz hat an Ort und Stelle ent⸗
2321 1024 3324 1062 ſprechende Verfügungen getroffen. Zur Sicherſtellung der öffent⸗
2320 1059 3325 1095 lichen Ruhe und Ordnung wurde nach Kalusz Militäraſſiſtenz
2317 1094 3325 1130 entſendet. Es kann mit aller Beſtimmtheit angenommen werden,
2318 1128 3328 1166 daß dieſe Unruhen keine größeren Dimenſionen annehmen und
2318 1162 3331 1200 ſich bloß auf dieſe Ausſchreitungen beſchränken werden. Die in
2317 1197 3325 1234 einigen Blättern enthaltenen Nachrichten von einem Zuſammen⸗
2321 1231 3325 1269 ſtoß von Bauern mit Militär und von irgend welchen Verletzungen
2320 1267 2935 1305 entbehren jeder tatſächlichen Grundlage.
2408 1368 3250 1444 Die Vorgänge in der Türkei.
2550 1457 3087 1495 Die Lage im Maliſſorengebiet.
2417 1508 3322 1545 Konſtantinopel, 30. Juni. Wie die Blätter melden,
2320 1550 3323 1587 unterhielt geſtern der Miniſter des Aeußern während einer
2318 1590 3328 1633 gemeinſamen Beratung mit dem Kriegsminiſter einen tele⸗
2323 1635 3324 1675 graphiſchen Verkehr mit dem türkiſchen
2321 1679 3325 1718 Geſandten in Cetinje und dem Oberkommandanten
2321 1721 3143 1761 in Albanien über die Wünſche der Maliſſoren.
2420 1771 3324 1814 Der türkiſche Geſandte erklärte ſich bereit, eventuell
2316 1815 3324 1856 ſchriftlich unterbreitete, annehmbare Forderungen der Maliſſoren
2322 1860 3325 1900 der Pforte zu übermitteln, lehnte dagegen die Uebernahme
2319 1904 2939 1943 gewiſſer unannehmbaren Vorſchläge ab.
2421 1944 3326 1985 Der Oberkommandant wurde beauftragt, eine genaue
2321 1990 3326 2029 Liſte der von den Truppen zerſtörten Häuſer und Kirchen zu
2322 2031 3327 2072 überſenden und inzwiſchen ſofort mit der Wiederinſtand⸗
2320 2073 3330 2115 ſetzung der Kirchen zu beginnen. Der Ober⸗
2318 2117 3326 2157 kommandant teilte mit, daß die Bewohner des Kaſtrati⸗ und
2321 2162 3327 2201 des Srekeligebietes größtenteils treu geblieben und nur teil⸗
2320 2203 3329 2247 weiſe nach Montenegro geflüchtet ſind; ein Teil kehrte bereits
2322 2247 3326 2287 zurück. Dagegen flüchteten alle Angehörigen der Stämme Hoti,
2322 2290 3324 2328 Gruda, Selce und Klementi und beläſtigen, durch Montenegriner
2322 2330 3328 2374 unterſtützt, neuerdings die Truppen. Mehr als tauſend An⸗
2323 2374 3326 2416 gehörige der Stämme Riul, Retz. Poſtripa ſeien in der Türkei
2324 2416 3323 2460 geblieben. Mehr als dreitauſend Angehörige des Schala⸗ und
2319 2460 3325 2503 des Schuſchliſtammes verſuchten nach Montenegro zu
2320 2505 3327 2546 flüchten, wovon ſie durch Umzingelung ſeitens der Truppen ab⸗
2325 2554 2585 2589 gehalten wurden.
2501 2607 3143 2649 Die Konzeſſionen an die Maliſſoren.
2427 2651 3327 2691 Konſtantinopel, 29. Juni. Wie verlautet, beſchloß der
2325 2693 3327 2736 geſtrige Miniſterrat nach Kenntnisnahme der durch den
2325 2738 3326 2778 Geſandten in Cetinje übermittelten Wünſche der Maliſſoren
2323 2782 3326 2821 trotz Einſpruches einiger Miniſter, den Maliſſoren, welche be⸗
2325 2822 3329 2865 rufsmäßig Waffen brauchen, das Waffentragen unter
2326 2866 3332 2906 der Haftung der Dorfälteſten gegen ein entſprechendes Zeugnis
2324 2907 3329 2951 zu geſtatten. Weiterhin wird der Wiederaufbau der Kirchen
2324 2950 3329 2993 und Wohnungen zugeſtanden und den Maliſſoren unter ge⸗
2325 2992 3329 3035 wiſſen Umſtänden erlaubt werden, den Dienſt in ihren Bezirken
2326 3036 3330 3079 zu leiſten, endlich beſtimmt werden, daß die Beamten die
2322 3078 3334 3122 Landesſprache kennen. Die Maliſſorenchefs verlangten Bedenk⸗
2326 3123 3335 3165 zeit, um ſich mit den übrigen Chefs über das Angebot der
2323 3170 2606 3208 Pforte zu beraten.
2702 3204 2966 3238 Kriegsgerüchte.
2430 3245 3330 3285 Konſtantinopel, 30. Juni. Die „Sia“ dementiert die
2325 3286 3333 3330 Gerüchte über Meinungsverſchiedenheiten im
2322 3330 3338 3374 Miniſterrat, insbeſondere daß einige Miniſter den Krieg
2325 3375 3340 3418 wünſchen. Auch die Gerüchte über Veränderungen im Kabinett
2322 3420 3335 3468 ſeien unrichtig; nur ſoll der Miniſter des Innern
2325 3466 2901 3504 Bautenminiſter werden.
2429 3506 3339 3548 Dagegen verzeichnet der konſervative „Schehrah“ das
2323 3545 3339 3593 Gerücht, daß der Kriegsminiſter Großweſir
2323 3595 2509 3634 werden ſoll.
2580 3637 3076 3674 Zweitauſend Mann Verluſt.
2430 3679 3334 3718 London, 30. Juni. Das Reuterſche Bureau meldet aus
2326 3719 3338 3766 Hodeida vom 26. d., daß die türkiſchen Ver⸗
2327 3762 3337 3807 luſte bei dem am 17. d. gemeldeten Gefecht ſich auf mehr
2327 3811 3038 3852 als zweitauſend Mann belaufen.
2462 3899 3202 3971 Die Kämpfe in Marokko.
2609 3979 3055 4017 Spaniſche Verſtärkungen.
2428 4024 3337 4062 Paris, 29. Juni. Die Agence Havas meldet aus
2331 4063 3340 4106 Laraſch vom 27. d.: Die Spanier ſchifften hier 62 Mann
2328 4108 3341 4149 mit etwa 100 Kiſten Patronen und 60 Kiſten Geſchoßen aus,
2326 4151 2857 4193 welche für El Kſar beſtimmt ſind.
2596 4211 3072 4250 Die Vorrückung Moiniers.
2432 4256 3337 4295 Paris, 30. Juni. Die Agence Havas meldet aus Fez
2329 4300 3332 4340 vom 26. d.: General Moinier iſt in Elhajeb eingerückt,
2328 4345 2823 4383 ohne auf Widerſtand zu ſtoßen.
2578 4405 3091 4443 Der Vormarſch der Spanier.
2429 4450 3335 4487 Paris, 30. Juni. Die Agence Havas meldet ans El
2327 4491 3340 4532 Kſar vom 28. d.: Eine vom ſpaniſchen Oberſten Sylveſter
2327 4535 3343 4576 mit 200 Infanterieſoldaten und 100 Reitern gegen die Furt
2327 4577 3344 4621 Sebbah unternommene Rekognoſzierung endete damit, daß die
2326 4622 3346 4663 Truppen auf das linke Ufer des Lekkons⸗
2327 4660 3340 4711 fluſſes zurückkehrten, welches die Spanier als zur
2328 4707 3333 4757 franzöſiſchen Einflußſphäre gehörig betrachten. Dieſe Bewegung
2331 4753 3336 4801 gilt als Einleitung zum Marſche nach Uezzan, welcher unmittel⸗
2330 4796 3338 4842 bar bevorſtehen ſoll. Die Bergbewohner erklären, dem Vor⸗
2328 4838 3159 4887 marſch der Spanier Widerſtand zu leiſten.
2328 4950 2804 5081 Genoſſen!
2803 4961 3343 5033 Agitiert überall für
2806 5024 3337 5089 die Arbeiterpreſſe!
