3599 5366
304 194 459 245 Seite 8
871 194 1187 257 Wien, Samstag
1590 194 2013 264 Arbeiter-Zeitung.
2455 214 2727 256 1. Juli 1911
3114 218 3288 254 Nr. 178
246 307 1264 346 herunterſpringen ſollten. Immer neue Hilfsmann⸗
246 347 1263 387 ſchaften der Feuerwehr trafen ein und machten ſich ſofort
243 385 429 419 ans Werk.
346 424 1264 463 Im ganzen waren ſchließlich nicht weniger als vier⸗
243 463 1264 503 undzwanzig Leitergänge errichtet. Außerdem arbeiteten die
241 502 1263 541 Mannſchaften mit Fangleinen, Säcken und anderen
244 538 1263 581 Rettungsapparaten. Selbſt gewöhnliche Malerleitern, die
246 580 1262 621 im Hofe umherſtanden, wurden bei dem Rettungswerk
245 619 1263 659 verwendet. Die Hauptgefahr lag im Seitenflügel. Hier
246 658 1262 699 entwickelte die Feuerwehr eine fieberhafte Tätigkeit und
245 697 1264 735 mit wahrer Todesverachtung ſtiegen die Feuerwehrleute
246 736 1263 776 immer wieder durch die ſchwarzen Rauchwolken empor.
248 776 1263 815 So gelang es ihnen, eine Perſon nach der anderen in
247 813 1262 855 Sicherheit zu bringen. Die Frauen und die Kinder waren
247 853 1262 892 vor Angſt ſchon halb ohnmächtig, da ſie glaubten, daß
244 891 1265 931 das Feuer ſchon dicht hinter ihnen ſei. Ein Bravourſtück
247 931 1262 971 vollbrachte ein Dachdecker, der im dritten Stocke in un⸗
247 969 1261 1009 mittelbarer Nähe des Brandherdes wohnte. Er hatte zu⸗
246 1007 1262 1048 fällig eine große Waſchleine im Hauſe und ließ zuerſt
246 1049 1263 1087 ſeine Frau und dann ſich ſelbſt an der Leine in den Hof
246 1085 1264 1125 hinab. Vorher hatte er ſein Hündchen, von dem er ſich
245 1126 1264 1164 nicht trennen wollte, in eine Decke gehüllt und in das
248 1163 1261 1203 Sprungtuch der Feuerwehrleute hinabgeworfen. Er ſelbſt
245 1201 1260 1243 und ſeine Frau erreichten mit Hilfe der Feuerwehr
250 1242 1260 1284 glücklich den Hof. Sein Zimmer war inzwiſchen total
253 1281 471 1320 ausgebrannt.
349 1319 1265 1359 Auch an der Front nach der Alexanderſtraße zu
246 1358 1264 1398 ſpielten ſich aufregende Szenen beim Rettungs⸗
246 1398 1266 1436 werk ab. Einzelne Frauen und alte Männer
247 1437 1265 1478 mußten mit den Fangleinen zuſammen⸗
247 1477 1264 1516 gebunden werden, da ſie nicht mehr im⸗
243 1515 1265 1554 ſtande waren, mit eigener Kraft über
247 1552 1265 1592 die Leitern zu gehen. Widerſtandslos ließen ſie
247 1591 1265 1632 ſich von den Feuerwehrleuten packen und hinunter ſchaffen.
248 1631 1264 1673 So gelang es der Feuerwehr im Zeitraum von wenigen
249 1669 1265 1708 Minuten, an der Straßenfront ſiebzehn Perſonen
251 1708 1264 1746 und an der Hofſeite neunzehn Perſonen in
248 1744 1264 1786 Sicherheit zu bringen. Niemand hat,
250 1784 1265 1825 ſoweit ſich bisher feſtſtellen ließ, Brandwunden er⸗
249 1823 1264 1863 litten. Nur eine Frau, die erſt vor einigen Tagen aus
250 1861 1266 1901 dem Krankenhauſe nach einer Typhuserkrankung entlaſſen
249 1899 1265 1939 war, mußte mit ihrem vierjährigen Sohn nach dem
249 1939 1266 1979 Krankenhaus gebracht werden, da beide unter der Ein⸗
252 1978 1265 2019 wirkung des Rauches gelitten hatten. Eine ſiebzigjährige
249 2018 1266 2059 Frau, die wie alle anderen Perſonen unverletzt ins Freie
251 2058 1264 2096 geſchafft worden war, erkrankte ſpäter auf dem Hofe und
251 2095 1266 2134 mußte ſchleunigſt nach dem Krankenhauſe transportiert
252 2135 1265 2175 werden. Dort ſtarb ſie aber bald nach der Einlieferung,
249 2172 891 2213 vermutlich infolge von Herzſchwäche.
352 2211 1267 2251 Viel Mühe machte den Feuerwehrleuten die Rettung
248 2249 1266 2291 der zahlreichen Hunde, Katzen und Vögel, die in den
250 2289 1266 2329 einzelnen Wohnungen gehalten wurden. Auch hier konnten
248 2328 1266 2366 die Mannſchaften erfolgreich eingreifen und ſchließlich einen
250 2367 1265 2406 ganzen Tierpark in Sicherheit bringen. Nur ein Hund
252 2405 1267 2444 büßte das Leben ein. Das Tier war in einem Zimmer
252 2445 1265 2484 eingeſchloſſen und ſprang in ſeiner Angſt aus dem dritten
252 2483 759 2523 Stockwerk in den Hof hinab.
354 2522 1267 2560 Hand in Hand mit dem Rettungswerk war die Ab⸗
251 2560 1268 2602 löſchung des Feuers gegangen, das ſchließlich das ganze
253 2600 1267 2639 Treppenhaus des Seitenflügels von oben bis unten erfaßt
252 2638 1267 2678 hatte. Im erſten Stock hatte ſich der Brand auch auf ein
254 2676 1268 2716 Möbellager einer Speditionsfirma ausgedehnt. Nach zwei⸗
254 2715 1266 2755 ſtündiger Löſcharbeit der Feuerwehr war die Hauptgefahr
254 2753 400 2793 beſeitigt.
355 2794 1269 2835 Eine genaue Beſichtigung der Brandſtelle zeigte, in
246 2833 1268 2872 welcher Gefahr die Mieter, beſonders im Seitenflügel der
248 2871 1269 2910 Kaſerne, geſchwebt haben. Dort ſind faſt ſämtliche Wohnungs⸗
249 2910 1270 2950 türen zu beiden Seiten des breiten Korridors entweder
249 2949 1269 2987 völlig verbrannt oder ſtark verkohlt. Dies alles wurde
250 2988 1268 3027 durch gewaltige Stichflammen hervorgerufen, die ſich von
251 3027 1267 3066 dem weit entfernt gelegenen und ſogar durch eine Brand⸗
251 3065 1269 3104 mauer getrennten Brandherd auf die langen Gänge fort⸗
251 3105 1267 3145 pflanzten. Die Wohnungen der Mieter ſind durch die un⸗
251 3143 1268 3183 geheuren Waſſermaſſen, die in die Flammen geſchleudert
255 3182 1108 3221 wurden, ſtark in Mitleidenſchaft gezogen worden.
352 3220 1270 3261 Eine beſondere Abteilung der Mannſchaften ſuchte
248 3260 1269 3299 alle Räume ab, um feſtzuſtellen, ob etwa doch Perſonen
249 3299 1269 3338 bei dem Brande ums Leben gekommen ſeien. Bis zu den
247 3338 1268 3378 Mittagsſtunden wurde jedoch niemand gefunden und man
248 3376 1267 3416 kann annehmen, daß ſämtliche Inſaſſen gerettet worden
248 3414 1266 3455 ſind. Die Urſache des Feuers ließ ſich vorläufig
248 3454 1268 3496 noch nicht mit Beſtimmtheit feſtſtellen, doch wird ange⸗
251 3492 1267 3531 nommen, daß einige Kiſten mit Holzwolle, die
252 3531 1268 3569 im Erdgeſchoß unter der Treppe ſtanden, durch
255 3567 1081 3607 Selbſtentzündung in Brand gerieten.
352 3607 1267 3647 Nur durch die veraltete Bauart mit den langen
253 3646 1267 3686 durchgehenden Korridoren und den unzureichenden Holz⸗
251 3685 1268 3725 treppen konnte das an ſich nicht bedrohliche Feuer eine
254 3724 1267 3764 derartige Ausdehnung annehmen und ſo viel Menſchen in
254 3763 1266 3805 ſchwere Lebensgefahr bringen. Wie die Feſtſtellungen der
254 3803 1267 3848 Feuerwehr ergaben, waren die langen Korridore nur mit
255 3843 1267 3888 ganz kleinen Lampen erleuchtet, und die Mannſchaften
256 3883 1268 3923 mußten, um überhaupt den Weg zu finden, ihre Magneſium⸗
257 3922 1271 3965 fackeln in Tätigkeit ſetzen. Lediglich der Aufopferung und
256 3961 1269 4000 Tapferkeit der Feuerwehr iſt es zu danken, daß eine
259 3999 1036 4039 ſchreckliche Kataſtrophe vermieden worden iſt.
412 4067 1111 4160 Theater und Kunſt.
358 4170 1273 4210 Burgtheater. Geſtern nahm die ſchöne Erika
251 4215 1276 4257 v. Wagner als Julia Abſchied von Wien. Die ſeelenvollſte,
248 4261 1276 4300 die leidenſchaftlichſte unter allen jungen Schauſpielerinnen des
252 4302 1275 4344 Burgtheaters, die den Wuchs und inneren Ernſt zur großen
252 4343 1273 4387 Tragödin mitbrachte, läßt Herr v. Berger ziehen, wiewohl
253 4388 1276 4429 wir wahrhaftig an eigentlichen Tragöden im Burgtheater ganz
258 4431 1278 4477 arm geworden ſind. Fräulein v. Wagner iſt über die ſechzehn
256 4474 1278 4520 Jahre der Julia hinaus, ſie hätte die edelſte Hero, die künftige
259 4521 1278 4567 Iphigenie, die geborne Prinzeſſin im „Taſſo“ ſein können, weil
260 4565 1277 4613 ſie natürlichen Adel hat. Da redet man uns fortwährend vom
261 4610 1282 4656 Wiederaufbau des Enſembles, der wahrſcheinlich mit Frau
263 4652 1279 4702 Lewinsky und Fräulein Hönigsvald begonnen werden ſoll, und
262 4694 1282 4747 Dieſe Verheißung läßt man ziehen... Ueberhaupt dieſe Auf⸗
262 4736 1282 4797 führung von „Romeo und Julia“! Dieſe Herren Pittſchau,
265 4780 1282 4838 Seydelmann, Löwe, Geraſch! Herr Treßler als Mercurio
266 4818 1284 4881 war die Erholung des Abends. Die Aufführung iſt noch von
276 4865 1286 4928 Schlenther übrig. Aber noch nicht ein Stäubchen iſt weg⸗
270 4930 418 4972 geblaſen!
1200 4907 1250 4948 gr.
370 4950 1287 5012 „Urania“. Heute Samstag um ½ 8 Uhr Abends findet
270 4992 1289 5056 in der „Urania“ der Vortrag „Alt⸗Wien“ von Adam Müller⸗
271 5053 694 5094 Guttenbrunn ſtatt.
1421 308 2197 396 Parteiangelegenheiten.
1333 405 1526 442 Mariahilf.
1397 449 2312 487 Heute Samstag um ½ 8 Uhr Abends im großen Saale
1297 483 2316 520 des Verbandsheims Feſtfeier aus Anlaß des Wahlſieges. Für
1298 519 2314 555 das Programm ſind hervorragende Künſtler gewonnen. Zur
1297 552 2316 589 Aufführung gelangen Chöre, ernſte und heitere Vorträge, Rezita⸗
1297 588 2315 624 tion, Geſang, alte Wiener Muſik. Die beiden Abgeordneten des
1296 622 2314 659 Bezirkes, Karl Leuthner und Franz Reifmüller,
1297 657 1725 696 werden Anſprachen halten.
1332 701 1554 737 Simmering.
1398 736 2312 772 Morgen Sonntag um ½ 9 Uhr Vormittags im Arbeiter⸗
1296 770 2313 807 heim, Schmidgunſtgaſſe Nr. 52, Vertrauensmännerver⸗
1296 805 1472 840 ſammlung.
1329 845 1491 883 Hietzing.
1397 881 2313 918 Heute Abends um 7 Uhr im Amalienpark, Hütteldorf,
1295 915 2313 955 Linzerſtraße Nr. 403, große Siegesfeier. Um 6 Uhr Abends Zu⸗
1297 954 2311 988 ſammenkunft in Pliſchkes Gaſthaus, Hütteldorferſtraße Nr. 127,
1294 986 2311 1025 von dort Abmarſch mit Muſikbegleitung durch den Bezirk zum
1295 1020 1440 1058 Feſtplatz.
1518 1082 2095 1127 Vereine und Verſammlungen.
1293 1131 2313 1178 Bund der techniſchen Beamten Oeſterreichs. Ortsgruppe
1359 1159 2313 1185 Stockerau. Morgen Sonntag gemeinſamer Familien⸗
1296 1183 2313 1212 ausflug der Zentralleitung des Bundes und aller
1296 1211 2312 1240 niederöſterreichiſchen Ortsgruppen zum Beſuch des
1297 1237 2312 1265 Gartenfeſtes der Ortsgruppe Stockerau. Gemeinſame Ab⸗
1296 1263 2313 1290 fahrt um 2 Uhr 20 Minuten Nachmittags von Wien, Nordweſtbahnhof. Ankunft
1296 1290 2312 1318 in Stockerau um 3 Uhr 7 Minuten Nachmittags. Abmarſch auf den Feſtplatz
1294 1315 2313 1343 (Hartmanns Reſtauration, Pragerſtraße), Begrüßung, Feſtrede (Ingenieur
1295 1341 1508 1368 Joſef Hoorn).
1551 1391 2071 1438 Nachtrag zur Sportrubrik.
1374 1443 2236 1489 Verband der Arbeiterradfahrer Oeſterreichs,
1681 1489 1935 1531 Kreis Wien.
1611 1538 1997 1576 VI/2, Millergaſſe Nr. 3.
1301 1579 2307 1613 Kanzleiſtunden von Dienstag bis Freitag täglich von 6 bis 8 Uhr Abends.
1402 1616 2316 1644 Auskünfte in allen Unfall⸗ und Rechtsſchutzangelegenheiten ſowie Erledi⸗
1301 1643 1953 1671 gung geſchäftlicher Dinge nur Dienstag und Freitag.
1399 1669 2313 1696 Die perſönliche Abwicklung irgend welcher Geſchäfte an den übrigen Tagen
1299 1692 1945 1721 iſt nur im Falle der äußerſten Dringlichkeit zuläſſig.
1400 1725 2317 1758 Kreisvertretung der Arbeiterradfahrervereine Wiens. —
1301 1752 2314 1783 Sämtliche Zuſchriften ſind an den Kreisſchriftführer Alois Smolar,
1304 1780 1763 1810 VI/2, Haydngaſſe Nr. 21, zu richten.
1459 1841 2156 1877 Ankündigungen der Verbandsvereine,
1297 1882 2315 1920 deren Mitglieder die Begünſtigungen des Verbandes genießen:
1399 1925 2315 1954 I. A.-R.-Kl. Landſtraße. Klublokal: III. Barichgaſſe Nr. 8.
1300 1952 2315 1978 Jeden Mittwoch Klubabend. — Morgen Sonntag Tagespartie nach Hof an
1299 1979 2316 2006 der Leitha. Abfahrt um 5 Uhr Früh vom Stangler. Schwimmhoſe mitnehmen!
1298 2004 2080 2032 Vormittagspartie und Nachmittagspartie nach Uebereinkommen.
1403 2033 2315 2059 Sonntag den 9. d. Tagespartie nach Oedenburg. Anmeldungen
1296 2054 2029 2084 bei Kollegen Balzer wegen der Verpflegung notwendig.
1402 2085 2318 2116 A.⸗R.⸗Kl. „Rote Nelke“. Klublokal: XVIII/1, Hildebrandgaſſe
1301 2115 2313 2143 Nr. 6, Ipsmillers Gaſthaus. — Klubcafé Weſely, XVIII. Thereſiengaſſe Nr. 12.
1300 2142 2314 2170 — Klubabend jeden Mittwoch von 8 bis ½ 10 Uhr. — Morgen Sonntag
1299 2169 2313 2195 Tagespartie durchs Kreuttal. Abfahrt um 6 Uhr Früh vom Klubcafé. — Nach⸗
1300 2194 2136 2222 mittagspartie nach Sebarn. Abfahrt um 1 Uhr vom Klublokal.
1402 2226 2313 2256 I. A.⸗R.⸗V. Döhling. Klublokal: Wihards Gaſthaus, XIX. Heiligen⸗
1301 2254 2316 2281 ſtädterſtraße Nr. 131. — Jeden Dienstag Einzahlungen und Mitgliederaufnahme
1302 2280 2315 2308 von ½ 8 bis 10 Uhr Abends. Jeden letzten Dienstag im Monat Vereinsabend
1301 2306 2314 2333 im Klublokal. — Morgen Sonntag Tagespartie nach Neuſiedl am
1301 2332 2315 2359 See. Abfahrt um 3 Uhr Früh. — Nachmittagspartie nach Schwadorf.
1301 2358 1756 2383 Abfahrt um ½ 2 Uhr vom Klublokal.
1404 2383 2143 2411 Dienstag den 4. d. Monatsverſammlung.
1401 2417 2316 2443 A.⸗R.⸗V. Schwechat. Vereinslokal in Steinharts Gaſthaus, Haupt⸗
1301 2443 2315 2469 platz Nr. 2. Jeden Mittwoch Klubabend. — Morgen Sonntag Vormittags
1300 2469 2314 2497 Agitationspartie. Zuſammenkunft präziſe 6 Uhr Früh. — Nachmittags
1302 2496 1929 2524 Comitéſitzung. Zuſammenkunft um 2 Uhr.
1546 2631 2067 2686 Jeder Parteigenosse, der
1548 2692 2069 2740 den Wert unserer wirt⸗
1549 2750 2068 2808 schaftlichen Organisation
1547 2814 2067 2871 würdigt, fördere dieselbe
1550 2874 2067 2932 durch ständigen Bezug
1770 2959 1849 2999 von
1370 3054 2255 3266 Hammer
1588 3306 2042 3537 Brot
1546 3777 2072 3829 Verkaufsstellen sind
1552 3840 2074 3891 durch unsere bekann-
1551 3903 2072 3951 ten Schilder erkenntlich
1591 4045 2032 4136 Gerichtsſaal.
1307 4185 2318 4230 Die Gelben eine „Klaſſe der bürgerlichen Geſellſchaft“.
1906 4237 2284 4275 Salzburg, 29. Juni.
1411 4279 2320 4315 Zu welchen Tollheiten der Haß gegen die Sozialdemokratie
1309 4322 2321 4359 führt, erkennt man an einem Urteil des hieſigen Bezirksrichters
1309 4362 2320 4402 Dr. Haſſak. Am 13. Juni ſoll Genoſſe Joſef Witternigg
1310 4407 2321 4446 in Maxglan, das zu dem Bezirk gehört, in dem Herr Dr.
1310 4450 2320 4489 Stölzel einen ſo traurigen „Sieg“ errungen hat, zu einer
1312 4494 2321 4533 Gruppe von Sozialdemokraten und Mitgliedern der „deutſchen
1311 4537 2320 4576 Arbeiterpartei“, beſſer unter dem Namen Gelbe bekannt, die
1311 4582 2320 4621 in einem Streite begriffen waren, getreten ſein und gerufen
1312 4626 2320 4667 haben: „Was iſt da los, ihr gelben Schufte, ihr gelben Falloten,
1313 4669 2321 4709 jeder Deutſchnationale iſt ein Gauner, ihr ſeid Falloten und
1314 4709 2319 4750 Streikbrecher!“ Ein Herr Joſef Noiſternigg bezog dieſe
1316 4752 2319 4792 angeblich gefallenen Ausdrücke auf ſich und klagte wegen Be⸗
1315 4796 2319 4837 ſchimpfung. Genoſſe Witternigg führte ſechzehn Zeugen dafür,
1318 4838 2317 4880 daß er geſagt habe: „Genoſſen, laßt die gelben Schufte in Ruhe,
1318 4882 2318 4923 ſtraft ſie mit Verachtung, die Verräter!“ und daß er natürlich
1318 4927 2320 4965 den Herrn Noiſternigg als einzelnen nicht perſönlich habe ver⸗
1318 4972 1529 5007 letzen wollen.
1420 5009 2317 5052 Der Richter nahm aber an, daß Witternigg den
1320 5054 2317 5094 Noiſternigg beleidigt habe, und verurteilte ihn zu der ungeheuer⸗
2348 311 3364 351 lichen Strafe von acht Tagen ſtrengen Arreſts.
2349 355 3363 395 Aus der Dauer der Strafe und aus der Verhängung des
2348 400 3362 438 ſtrengen Arreſts erkennt man die Triebfeder, die den Richter
2349 444 3364 481 geleitet hat. Um den ſtrengen Arreſt zu verhängen, bedurfte es
2347 486 3364 524 eines ganz beſonderen Umſtandes. Ihn fand der Richter, indem
2347 528 3361 568 er erklärte, das Betragen Witterniggs habe „abſichtliche Gering⸗
2347 571 3363 611 ſchätzung gegen ganze Klaſſen oder Stände der
2346 615 3365 655 bürgerlichen Geſellſchaft an den Tag gelegt“.
2346 659 3364 697 Die Gelben ſind alſo eine „Klaſſe der bürger⸗
2345 703 3366 741 lichen Geſellſchaft“! Solche Ausgeburten zeitigt eine
2347 747 3364 785 Juſtiz, die getrieben iſt vom Haſſe gegen eine Partei. Wenn der
2346 790 3365 827 Richter Haſſak bei der Logik bleibt, wird er nächſtens auch für
2345 832 3364 870 das Wort „Trottel“ ſtrengen Arreſt verhängen müſſen, denn
2347 875 3364 915 ebenſo wie die Gelben ſind auch die Dummköpfe eine Klaſſe
2347 917 2791 956 der bürgerlichen Geſellſchaft.
2446 962 3364 1000 Herr Kunſchak iſt neulich wegen in zwei Gemeinderats⸗
2348 1006 3363 1043 ſitzungen verübter Beſchimpfung von Gemeinderäten mit den
2346 1048 3364 1086 Worten „Schuft“ und „Lausbub“ zu drei Tagen einfachen Arreſts
2344 1093 3366 1129 verurteilt worden. Dieſe drei Tage und die acht Tage für den
2346 1136 3221 1173 Sozialdemokraten zeigen, wie die Juſtiz entarten kann.
2395 1215 3307 1258 Die Sittlichkeit des chriſtlichſozialen Landtags⸗
2721 1260 2996 1306 abgeordneten.
2923 1311 3329 1346 Salzburg, 29. Juni.
2448 1352 3367 1389 Vor dem hieſigen Landesgericht hatte ſich der klerikale
2346 1395 3368 1433 Landtagsabgeordnete Georg Brötzner, der von Großgrund⸗
2346 1438 3366 1476 beſitzern gewählt und auch Gemeindevorſteher in Siezenheim iſt,
2346 1482 3366 1520 wegen Verbrechens der Verführung einer ihm als Haushaltungs⸗
2345 1525 3366 1562 vorſtand anvertrauten Minderjährigen, nämlich eines fünfzehn⸗
2345 1567 3364 1605 jährigen Kindermädchens, zu verantworten. Das Mädchen
2347 1610 3363 1649 hatte ſich aus Furcht vor Entlaſſung nichts zu ſagen getraut und
2349 1655 3367 1693 erſt als ſie ſchwanger war, machte ſie ihrer Mutter Mitteilung.
2347 1697 3366 1735 Als Brötzner hievon erfuhr, ſchickte er dem Mädchen fünfzig Kronen.
2350 1741 3369 1781 Die Vaterſchaft beſtritt er. Der Gerichtshof verurteilte ihn zu
2347 1784 3369 1820 ſechs Wochen ſchweren Kerkers. Brötzner iſt eben ein
2347 1827 3369 1863 würdiger Vertreter der chriſtlichſozialen Frömmigkeit. Die Ver⸗
2347 1869 3367 1907 führung des fünfzehnjährigen Dienſtmädchens iſt offenbar die
2348 1913 3365 1950 Bekundung des Patriarchalismus, den die Chriſtlichſozialen als
2348 1957 3364 1993 das wünſchenswerte Verhältnis zwiſchen Dienſtmädchen und
2349 2000 2649 2035 „Herrn“ ausgeben.
2639 2101 3080 2194 Sozialpolitik.
2414 2230 3302 2308 Der Verbandstag der Konſum⸗
2749 2308 2979 2370 vereine.
2453 2391 3365 2433 Im Favoritener Arbeiterheim tagte der achte Ver⸗
2350 2431 2863 2471 bandstag der Konſumvereine.
2451 2469 3369 2511 Der Verbandstag wird von Genoſſen Exner mit
2350 2509 3368 2548 einer Begrüßung der erſchienenen Gäſte, darunter die Ge⸗
2349 2548 3367 2588 noſſen Lorenz, Geſchäftsführer der Großeinkaufsgeſell⸗
2349 2586 3364 2627 ſchaft deutſcher Konſumvereine in Hamburg, und Aß⸗
2350 2625 3361 2666 mann aus Braunſchweig eröffnet. Im ganzen waren
2350 2664 3357 2705 67 Vereine durch 75 Delegierte vertreten. Ueberdies ſind
2350 2703 3357 2743 außer den bereits Genannten noch 22 Gäſte anweſend,
2348 2742 3360 2783 unter ihnen die Abgeordneten Reumann, Dr. Renner,
2350 2781 3364 2821 Seliger und Forſtner. Der Vorſitzende Exner be⸗
2348 2821 3363 2862 merkte, daß der Verbandstag zwar keine große, aber doch
2347 2859 3367 2899 eine wichtige Tagesordnung zu erledigen habe. Vor dem
2348 2897 3363 2939 Eingehen in die Tagesordnung beantragt Dr. Kar⸗
2347 2937 3365 2976 peles als einen weiteren Punkt den korporativen
2346 2975 3368 3016 Beitritt der Verbandsgenoſſenſchaften zum Internationalen
2349 3015 2720 3055 Genoſſenſchaftsbund.
2449 3060 3370 3100 Lorenz (Hamburg) berichtete über die Fortſchritte der
2347 3097 3367 3133 Genoſſenſchaftsbewegung in Deutſchland. Die Zahl der dem
2349 3131 3373 3168 Zentralverband angeſchloſſenen Vereine beträgt 1109 mit
2348 3167 3370 3203 1,171.763 Mitgliedern. Der Umſatz im eigenen Geſchäft beziffert
2348 3201 3366 3236 ſich auf 306,931.612 Mark, in der Eigenproduktion auf
2349 3234 3369 3272 53,342.684 Mark. Die Großeinkaufsgeſellſchaft hat für 88,670.000
2350 3269 3371 3306 Mark Waren abgegeben. Der Redner iſt überzeugt, daß die öſter⸗
2349 3304 3371 3342 reichiſchen Genoſſenſchaften beſtrebt ſeien, ihre Bewegung mit
2350 3338 2746 3374 allen Kräften zu fördern.
2452 3373 3366 3411 Genoſſe Suchanek begrüßt den Verbandstag namens
2348 3407 3368 3446 der Gewerkſchaftskommiſſion; er macht auf die Gleichartigkeit
2347 3442 3372 3480 der Intereſſen bei Gewerkſchafts⸗ und Konſumvereinen aufmerkſam.
2452 3477 3363 3514 Hierauf erſtattet der Verbandsſekretär Wilhelm den
2348 3509 3360 3547 Tätigkeitsbericht des Vorſtandes und des Sekretariats. Aus dem
2348 3544 3362 3583 Bericht iſt zu entnehmen, daß in Oeſterreich das Genoſſenſchafts⸗
2346 3580 3367 3618 weſen ebenfalls im allgemeinen in erfreulichem Aufſchwung be⸗
2351 3615 3367 3653 griffen iſt. Die Mitgliederbewegung in dem Zentralverband im
2351 3650 3114 3687 Jahre 1910 iſt aus folgender Tabelle erſichtlich:
2851 3695 3243 3724 Genoſſenſchaften
2852 3724 3243 3725 Genoſſenſchaften
2721 3728 3374 3760 deutſche tſchech. poln. ital. ſlov. rum. Summe
2353 3758 2690 3797 Stand am 1. Jänner
2386 3797 2470 3828 1910
2354 3830 2694 3868 Beigetreten im Jahre
2385 3867 2482 3901 1910
2352 3902 2625 3937 Ausgeſchieden im
2384 3938 2576 3973 Jahre 1910
2352 3979 2638 4011 Stand Ende 1910
2754 3800 2814 3829 335
2767 3866 2823 3910 27
2778 3942 2819 3974 2
2855 3801 2900 3827 92
2853 3860 2907 3911 11
2853 3942 2906 3974 14
2942 3802 2987 3831 30
2944 3861 2988 3908 2
2947 3943 2988 3974 2
3029 3802 3074 3833 17
3026 3864 3077 3908 2
3027 3927 3078 3974 —
3119 3800 3162 3835 10
3114 3864 3171 3909 3
3114 3932 3171 3972 —
3193 3796 3251 3834 1
3196 3869 3248 3902 —
3194 3940 3251 3974 —
3292 3802 3354 3836 485
3293 3863 3354 3909 45
3291 3945 3353 3976 18
2755 3985 2812 4014 360
2856 3986 2901 4017 89
2943 3988 2987 4015 30
3031 3988 3075 4016 19
3115 3986 3159 4017 13
3216 3989 3249 4016 1
3287 3988 3347 4013 512
2453 4019 3367 4060 Sie verteilen ſich auf die einzelnen Diſtriktsverbände
2351 4056 3367 4093 wie folgt: Der Diſtriktsverband in Nordböhmen zählt 85, in
2354 4090 3367 4128 Weſtböhmen 64, der deutſchen Konſumvereine in Mähren und
2353 4123 3368 4163 Schleſien 77, der Alpenländer 42, der tſchechiſchen Konſum⸗
2352 4160 3369 4197 vereine in Mähren 63, der polniſchen Konſumvereine 35, in
2353 4194 3373 4235 Niederöſterreich 67; außerhalb der Diſtriktsverbände ſtehen
2353 4230 2673 4267 79 Genoſſenſchaften.
2456 4266 3376 4301 Die vom Zentralverband der öſterreichiſchen Konſum⸗
2354 4298 3375 4337 vereine herausgegebenen Genoſſenſchaftsblätter haben gleichzeitig
2355 4334 3375 4370 einen erfreulichen Zuwachs zu verzeichnen. Die Auflage des
2356 4365 3376 4407 „Konſumverein“ iſt auf 4650 Exemplare, des „Pionier“ auf
2351 4400 3373 4442 77.000 Exemplare geſtiegen. Das tſchechiſche Verbandsorgan,
2354 4436 3370 4478 der „Potravici Spolek“, hatte mit Jahresſchluß eine Auflage von
2355 4472 3372 4516 1250 Exemplaren, während der „Rozvoj“ monatlich in 12.000
2355 4507 3374 4551 Exemplaren erſcheint. Der „Zespolenic“, der im erſten Jahr⸗
2356 4542 3375 4589 gang ſtand, zählte am Schluß des Jahres eine Auflage von
2354 4577 2635 4614 2800 Exemplaren.
2449 4614 3373 4657 Von den Verbandsreviſoren wurden 1910 224 geſetzliche
2355 4649 3372 4695 Reviſionen durchgeführt. Nicht inbegriffen ſind jene Interven⸗
2355 4683 3371 4729 tionen, Anlagen von Büchern, Aufſtellung von Jahresrechnungs⸗
2350 4720 3371 4767 abſchlüſſen ꝛc., die auf Verlangen der Vereine durchgeführt
2354 4755 3369 4804 wurden. Die im Jahre 1910 errichtete Verſicherungsabteilung
2350 4784 3370 4841 hat für die verbandsangehörigen Genoſſenſchaften 220 Polizzen
2354 4823 3367 4879 gegen Feuer⸗ und 89 Polizzen gegen Einbruchſchäden mit einer
2351 4857 3367 4910 Geſamtprämienſumme von 6855 Kronen abgeſchloſſen. In einigen
2350 4893 3365 4950 Schadensfällen konnte der Zentralverband wiederholt zu Gunſten
2347 4928 3367 4983 der Genoſſenſchaften bei Liquidierung der Schadensſumme inter⸗
2349 4964 3371 5020 venieren. In mehreren Fällen wurde den geſchädigten Genoſſen⸗
2347 4997 3368 5053 ſchaften durch die Intervention des Zentralverbandes eine
2349 5030 3367 5087 weſentlich höhere Schadensſumme zugeſprochen, als dies ſonſt
2350 5064 2727 5108 der Fall geweſen wäre.
