1536 2275
155 37 1419 93 Am 28. Juni iſt in Prag Herr Johann Wania, der als Direktor der Kladnoer
73 83 1418 145 Bergwerke einen weithin begründeten Ruf genoß, in Folge einer Operation geſtorben.
74 130 1418 190 Er war ein Mann von etwa fünfzig Jahren. Wania hatte ſich vom einfachen
74 179 1417 242 Bergmann zu einer der anerkannteſten Autoritäten des Landes im Bergbau empor⸗
75 225 1420 290 geſchwungen und zwar ganz als Autodidakt. Sohn eines Bergſteigers aus Felabka
75 276 1420 338 bei Horowic, daher geborner Bergmann, dabei von der Natur mit viel Unter⸗
75 321 1418 387 nehmungsgeiſt begabt, war er der eigentliche Entdecker der Kladnoer Kohlenwerke.
76 367 1420 428 Er hatte nämlich im März 1845 in der Kladnoer Gegend, von deren wahrſchein⸗
76 416 1422 478 lichem Kohlenreichthum ſchon längſt eine dunkle Sage ging, mit noch einem Gefährten
78 464 1420 526 auf eigene Fauſt auf Kohlen eingeſchlagen. Als ſie etwa zehn Klafter tief gegraben
78 509 1423 575 hatten und immer nichts fanden, verlor ſein Gefährte den Muth, Wania aber
79 557 1422 620 harrte aus und ſiehe da, kaum hatte er zwei Klafter tiefer gegraben, ſo ſtieß er
78 604 1421 670 auf ein mehrere Fuß mächtiges Kohlenlager. Nun aber entſtand eine neue Ver⸗
78 655 1424 717 legenheit; ohne Geld ließ ſich dieſe Kohle nicht zu Tage fördern, und Wania hatte
80 700 1425 763 kein Geld. Er wandte ſich an den Beſitzer der Sophieninſel in Prag, Herrn
81 751 1426 812 Wenzel Nowotny, dieſer übernahm die Kohlengrube und Wania trat bei ihm als
81 797 1427 861 Bergſteiger ein. Es wurden Förderungsmaſchinen angeſchafft und ſo entſtand der
82 844 1428 907 St. Joſef⸗ und Katharina⸗Schacht. Bald traten die Herren Adalbert Lanna und
84 891 1427 951 Gebrüder Klein mit Nowotny in Kompagnie und der Grund zu den großartigen
82 938 1431 1001 Kladnoer Etabliſſements war gelegt. Wania aber, deſſen praktiſchen Sinn und
83 986 1429 1050 bergmänniſches Genie die Beſitzer dieſer Werke erkannten, und der durch eifriges
84 1033 1427 1096 Selbſtſtudium die wiſſenſchaftliche Bildung, die ihm gefehlt hatte, nachzuholen be⸗
84 1079 1431 1144 ſtrebt war, ſtieg von Stufe zu Stufe, bis er Oberdirektor der Kladnoer Berg⸗
85 1146 296 1182 werke wurde.
168 1173 1433 1238 Stuttgart, 26. Juni. König Wilhelm hat im Jahre 1814 dem Geheimenraths⸗
86 1221 1431 1288 Präſidium ein verſiegeltes Packet überſendet, welches von der Hand des Königs
86 1272 1431 1332 überſchrieben war: Dem Geheimenraths⸗Präſident zu übergeben, um im Fall meines
87 1324 1179 1378 Todes im Geheimen Rath geöffnet zu werden. (gez.) Wilhelm.
169 1365 1434 1430 Auf Befehl des Königs Karl fand heute die Eröffnung des Packets im kgl.
89 1411 1434 1476 Geheimen Rath ſtatt und, es fand ſich darin nachſtehende Urkunde: „Geſchrieben
88 1458 1435 1523 den 20. April 1844. 1. Sowie meine Seele meinen Körper verlaſſen hat, wünſche
86 1506 1437 1571 ich außer meiner Familie, wenn ſie es verlangt, nur noch von den Aerzten und
86 1555 1440 1621 dem dienenden Perſonal geſehen zu werden. 2. Wenn die Aerzte es für nützlich
89 1600 1439 1665 halten, ſo kann die Obduktion meines Leichnams ſtattfinden. 3 Da mir während
90 1647 1442 1716 meinem Leben nichts widerwärtiger war, als Ceremonien und Etikette, ſo wünſche
90 1699 1438 1764 ich weder feierlich ausgeſtellt zu werden noch ein Gepränge bei meinem Leichenbe⸗
92 1746 1441 1810 gängniß; die mich kannten werden dies natürlich finden, die Neugierigen werden mir
90 1794 1441 1855 aber verzeihen, ſie um das Begaffen eitler Ceremonien gebracht zu haben. 4. Mein
92 1841 1442 1905 Leichnam ſoll in nächtlicher Stille das Schloß verlaſſen, nur begleitet von dem
92 1888 1440 1953 Hofprediger, dem Hofmarſchall und einem dienſtthuenden Adjutanten, außerdem
94 1934 1445 1999 wird mir meine Garde den letzten Liebesdienſt erweiſen, meinen Leichnam zu
97 1981 1443 2047 ſeiner Ruheſtätte zu begleiten. 5. Ich wünſche, daß die Fahrt ſo eingerichtet werde,
96 2031 1447 2097 daß ich mit dem erſten Sonnenſtrahl auf dem Rothenberg ankomme; ein einziger
97 2079 1442 2142 Kanonenſchuß ſoll das Ende des Begräbniſſes andeuten, nur ein kurzes Gebet
