2763 3576
140 203 402 245 1. Juli 1911.
900 205 1414 251 Illuſtrierte Kronen⸗Zeitung.
1764 211 2131 253 Nr. 4130. Seite 5.
673 309 1592 379 Das Automobilunglück bei Leobersdorf.
1790 336 2137 548 IGNAZ TERSCH
181 1666 1109 1709 Bei Leobersdorf hat ſich am Donnerstag, wie be⸗
92 1703 1108 1745 reits berichtet, ein ſchweres Automobilunglück ereignet. Das
93 1735 1106 1780 Automobil des Wiener Fabrikanten Hans Prym, das von
91 1774 1108 1817 dieſem ſelbſt geſteuert wurde, rannte gegen einen Poſtwagen
87 1811 1106 1850 und ſtürzte um. Der Fabrikant Prym wurde ſchwer ver⸗
1145 1674 2157 1716 letzt, ſein neben ihm ſitzender Chauffeur Ignaz Terſch erlitt
1150 1709 2161 1751 derart ſchwere Verletzungen, daß er bald danach ſtarb. Unſere
1149 1748 2157 1787 Bilder zeigen den getöteten Chauffeur Terſch ſowie das ver⸗
1149 1785 1486 1822 unglückte Automobil.
85 1909 1111 1949 zig bereits vormittags um 9 Uhr 8 Minuten auf dem Flug⸗
91 1945 1106 1987 platze in Johannistal bei Berlin mit ſeinem Paſſagier, dem
90 1985 478 2024 Fabrikanten Dirlam.
180 2030 1111 2068 Hirth gewann mit dieſem Fluge den Kathreiner⸗
90 2067 1106 2107 Preis von 50.000 Mark. Der ganze Flug dauerte ins⸗
88 2103 438 2140 geſamt 5 ¾ Stunden.
89 2193 1112 2239 Verhaftung öſterreichiſcher Luftſchiffer
466 2239 730 2281 in Italien.
178 2301 1110 2339 Der Luftballon „Tirol“ des Vereines für Luftſchiff⸗
85 2337 1106 2376 fahrt in Innsbruck iſt Donnerstag um 1 Uhr nachmittags
89 2374 1106 2413 unter Führung des Oberleutnants Eugen Sarley des
82 2410 1105 2454 4. Tiroler Kaiſerjägerregiments mit drei Mitfahrern aufge⸗
84 2448 1107 2487 ſtiegen, um eine neue Alpenüberquerung zu verſuchen. Geſtern
89 2484 1109 2522 vormittags traf aus Belluno in Italien die telegraphiſche
89 2520 1106 2559 Nachricht ein, daß der Ballon in Galeriano in Venezien
85 2558 1104 2595 gelandet iſt. Bei der Landung wurden die vier Inſaſſen,
86 2594 1108 2634 Oberleutnant Sarley, kaiſerlicher Rat Fritz Heigl, Kauf⸗
84 2629 1108 2666 mann Schweighofer und Fabrikant Waldl von herbei⸗
83 2667 1108 2707 geeilten italieniſchen Berſaglieri wegen Ver⸗
84 2702 1106 2741 dachtes der Spionage für verhaftet erklärt und in die
86 2739 1106 2781 Kaſerne von Belluno gebracht. Der Ballon ſamt den mitge⸗
85 2777 1107 2817 führten Inſtrumenten, photographiſchen Apparaten, Land⸗
87 2814 1104 2855 karten, Telegrammen uſw., wurde von den italieniſchen Be⸗
86 2850 1105 2891 hörden beſchlagnahmt. Der Luftballon „Tirol“ iſt be⸗
86 2886 1102 2928 reits zweimal in Italien gelandet, ohne daß die Inſaſſen be⸗
90 2925 1106 2968 läſtigt wurden. Im Miniſterium des Aeußern in Wien langte
86 2962 1105 3000 von Innsbruck ein telegraphiſcher Bericht ein, mit der Bitte
89 3000 937 3038 um Intervention zur Freilaſſung der Verhafteten.
122 3086 1072 3135 Warchalowskis Rückkehr nach Wiener⸗
484 3139 706 3179 Neuſtadt.
176 3192 1105 3238 Ingenieur Adolf Warchalowski ſtieg geſtern früh
93 3232 1103 3272 um 6 Uhr 5 Minten von der Simmeringer Heide
85 3270 1102 3313 mit ſeinem Doppeldecker auf, um nach Wiener⸗Neuſtadt zu
86 3305 1104 3352 fliegen. Er nahm die Richtung über Laxenburg, Tattendorf und
81 3342 1100 3388 Thereſienfeld, wo er in einer Höhe von über 1000 Metern
86 3378 1100 3424 ſchwebte. Er überflog um halb 7 Uhr, alſo nach 25 Minuten,
1141 1914 2157 1961 zum erſtenmal das Neuſtädter Flugfeld und blieb noch
1150 1953 1921 1990 20 Minuten in der Luft, bevor er glatt landete.
1355 2026 1943 2110 „Starker Tabak.“
1448 2122 1857 2158 (Unſer Titelbild.)
1225 2174 2159 2219 Der heutige Tag wird für alle Raucher Oeſterreichs
1146 2221 2156 2265 von trauriger Denkwürdigkeit bleiben. Der 1. Juli 1911
1147 2266 2158 2309 iſt der Tag, an welchem Tabak, Zigarren und Zigaretten
1148 2309 2157 2354 in empfindlicher Weiſe verteuert werden. Dieſe „Preis⸗
1146 2354 2159 2400 regulierung“ iſt wahrlich „ſtarker Tabak“, der dem Pu⸗
1146 2401 2158 2445 blikum geboten wird, ein ſtarker, beißender Tabak, der
1146 2446 2155 2489 manchem Manne die Tränen in die Augen treiben könnte.
1240 2506 2154 2546 Man kann die neueſte Verteuerung wohl als eine der
1146 2541 2154 2582 härteſten Steuern bezeichnen, die einem großen Teile
1146 2577 2153 2617 der Bevölkerung auferlegt wird. Dieſe Steuer unterſcheidet ſich
1147 2612 2154 2651 von allen anderen Steuern dadurch, daß ſie nicht im Wege der
1148 2648 2154 2688 Geſetzgebung beſchloſſen und durchgeführt wurde. Die Volks⸗
1148 2684 2154 2724 vertreter haben dabei gar kein Wort mitzureden. Denn der
1145 2719 2154 2758 Staat hat einfach, wie irgend ein anderer Fabrikant, den Preis
1146 2755 2153 2794 ſeiner Waren erhöht. Bei anderen Waren iſt freilich die
1145 2790 2153 2829 Preisbeſtimmung durch die Konkurrenz beeinflußt. Kein Kauf⸗
1146 2826 2152 2865 mann und kein Fabrikant kann es wagen, den Preis ſeiner
1146 2861 2152 2900 Waren allzu ſehr zu erhöhen, denn er muß fürchten, daß der
1141 2896 2151 2936 Konkurrent ihm durch billigere Preiſe die Kunden wegfiſcht.
1145 2932 2151 2971 Der Fiskus aber hat keine ſolchen Beſorgniſſe. Denn er hat
1144 2968 2151 3008 keine Konkurrenz. Niemand darf es wagen, ſelbſt Tabak anzu⸗
1143 3003 2150 3042 bauen und dem Staat Konkurrenz zu machen. Ja nicht einmal
1141 3039 2150 3078 für eigenen Gebrauch darf man bekanntlich Tabak anbauen, ſo
1143 3074 2150 3114 daß jeder Raucher gezwungen iſt, den höheren Preis zu be⸗
1145 3109 1833 3147 zahlen oder — dem Rauchen zu entſagen.
1230 3161 2151 3202 Beſonders hart und drückend an dieſer Raucher⸗Steuer
1143 3197 2149 3238 iſt der Umſtand, daß gerade die ärmeren Kreiſe von
1139 3233 2150 3273 derſelben ſtärker betroffen werden als die reichen. Der Mann,
1139 3267 2149 3308 dem es ſein Einkommen geſtattete, ſich feine Zigarren und
1140 3305 2153 3346 Zigarretten zu leiſten, wird in Hinkunft etwa ein Zehntel
1143 3340 2149 3380 oder bei anderen Sorten ein Fünftel mehr für das
1140 3376 2148 3417 Rauchen ausgeben müſſen. Der Reiche, der bisher Regali⸗
2229 230 2580 303 Auskünfte.
2254 310 2615 349 Bürgermeiſter, Her⸗
2217 347 2616 381 mann B. Die Gewerbe⸗
2218 380 2616 420 ordnung iſt im Verlag
2215 414 2615 455 der Univerſitätsbuch⸗
2216 449 2613 489 handlung Georg Sze⸗
2216 484 2614 527 linski, 1. Bez., Tuch⸗
2214 521 2616 559 lauben 21, erſchienen.
2214 555 2614 591 Mit dem Wortlaut der
2213 591 2614 628 Beſtimmungen der Ge⸗
2213 628 2614 665 werbeordnung allein
2212 661 2613 700 wäre Ihnen nicht ge⸗
2213 696 2612 736 dient. Wichtig iſt ja nur,
2213 732 2612 772 wie die Beſtimmungen
2212 770 2612 804 von den Gewerbebehör⸗
2211 802 2612 841 den ausgelegt werden,
2211 841 2614 876 und da hat ſich eine
2210 872 2611 911 Praxis ausgebildet, die
2210 907 2610 949 hundertmal ſtrenger iſt,
2208 943 2611 985 als die Gewerbeordnung
2210 977 2610 1019 ſelbſt. — 2. Die Betref⸗
2210 1013 2609 1053 fenden waren nicht ver⸗
2209 1049 2309 1077 wandt.
2240 1091 2609 1132 Streithanſel. Liechten⸗
2204 1127 2609 1167 wörth, Nadelburg. Bei
2203 1163 2609 1203 Semlin iſt die Donau
2206 1201 2608 1238 1560 Meter breit und
2205 1236 2607 1276 14 Meter tief. Die
2201 1272 2607 1314 äußerſten Mündungs⸗
2199 1314 2607 1351 arme der Donau liegen
2199 1345 2604 1381 89 Kilometer von einan⸗
2200 1381 2604 1418 der entfernt. Der linke
2205 1416 2606 1460 (nördliche) Arm, mehr⸗
2201 1452 2604 1495 fach geſpalten und ſee⸗
2198 1491 2606 1531 artig erweitert, geht über.
2200 1527 2604 1567 Ismail nach 101 Kilo⸗
2199 1565 2603 1605 meter langem Laufe als
2198 1598 2605 1640 Kiliamündung mit ſieben
2199 1636 2608 1677 Armen ins Meer, dem er
2201 1673 2605 1713 63 Prozent der ganzen
2198 1709 2604 1750 Donauwaſſermaſſe zu⸗
2200 1746 2604 1786 führt. Trotzdem erreicht
2198 1781 2604 1822 ſeine Tiefe oft nicht drei
2200 1818 2603 1857 Meter und vor ſeiner
2198 1855 2604 1895 Mündung zieht ſich vier
2197 1891 2605 1925 Kilometer weit eine Un⸗
2198 1927 2602 1963 tiefe mit nur 1 Meter
2198 1964 2603 2003 Waſſer. Der rechte Arm
2197 1999 2605 2037 teilt ſich unterhalb Tul⸗
2195 2037 2598 2076 cea in den (mittleren)
2196 2068 2600 2111 Sulina⸗ und den (ſüdl.)
2194 2108 2601 2147 St. Georgsarm. Erſterer,
2196 2145 2600 2183 von der zweiten Gabe⸗
2198 2181 2606 2220 lung an noch 90 Kilo⸗
2198 2220 2606 2257 meter lang, fließt faſt
2198 2255 2606 2294 genau öſtlich, und war,
2198 2291 2604 2329 obgleich er nur 7,4 Pro⸗
2197 2325 2605 2369 zent der ganzen Waſſer⸗
2197 2366 2603 2404 menge führt, bis zur
2197 2401 2601 2440 Schiffbarmachung des
2195 2432 2603 2471 Kilia⸗Armes Ende 1900
2194 2473 2602 2512 der einzige durchweg
2194 2509 2602 2548 ſchiffbare, 100—130 Me⸗
2196 2547 2599 2578 ter breite Arm. Seine
2194 2582 2602 2621 Tiefe ſteigt bis zu 16
2193 2618 2603 2657 Meter, auf einer Barre
2194 2656 2600 2691 hat er nur 5 Meter und
2192 2694 2600 2732 vor der Mündung liegt
2192 2725 2597 2762 ebenfalls eine bedeutende
2193 2765 2598 2802 Barre. Durch einen im
2190 2801 2597 2834 Mai 1894 vollendeten
2191 2837 2597 2874 Durchſchnitt wurde eine
2189 2872 2599 2912 ſichere Einfahrt geſchaf⸗
2190 2909 2597 2945 fen. Der dritte, 6—11
2191 2946 2596 2984 Meter tiefe St. Georgs⸗
2190 2982 2595 3021 arm (türk. Khidr⸗illis)
2191 3020 2598 3058 iſt von der erſten Gabe⸗
2190 3056 2595 3095 lung an 125, von der
2191 3093 2595 3128 zweiten 110 Kilometer
2188 3128 2593 3166 lang, hat aber auf der
2189 3164 2593 3202 ſeine Mündung ſperren⸗
2190 3201 2591 3239 den Barre nicht mehr als
2189 3239 2593 3277 1,5 Meter Waſſer. Die
2186 3273 2591 3311 Donau führt durchſchnitt⸗
2186 3311 2593 3347 lich 35,219 Millionen
2186 3346 2589 3385 Kubikmeter Waſſer per
2186 3384 2568 3418 Stunde dem Meere zu.
