3488 5351
232 93 442 136 Nr. 16830
789 93 1068 141 Wien, Samstag
1481 91 2091 144 Neue Freie Presse.!
2509 100 2750 141 1. Juli 1911
3167 97 3319 144 Seite 7
195 174 1217 213 Czeczowiczka 20 K., Ignaz Föhlich 25 K. Aus anderen Orten:
193 208 1223 248 N. N. (Sulz⸗Stangau) 10 K., Johann & Moriz Brief (Ungariſch⸗
193 242 1218 282 Brod) 20 K., Leo Buchen (Karlsbad) 10 K., S. Rendi (Graz)
194 279 1219 315 200 K. Spenden aus Nachod, eingeſendet durch Herrn Max Pick:
195 313 1220 351 Rabbiner Dr. Guſtav Sicher 5 K., Jakob Pick 20 K., Guſtav Schur
193 343 1220 383 10 K., Max Pick 5 K., Hermann Hitſchmann 20 K., Lederer &
194 382 1220 421 Stransky 10 K., Ludwig Fanta 10 K., Ernſt Lewit 2 K., Max
195 416 1218 453 Pollak 10 K., Siegfried Pichl 10 K., Oskar Fränkl 5 K., Emil
195 451 1219 488 Fuchs 5 K., Direktor Stern 5 K., Julius Munk 5 K., Joſef Wilhelm
202 485 1219 525 2 K., Guſtav Pick 2 K., Hugo Horpatzky 2 K., Ungenannt 1 K.
198 520 1152 559 Zuſammen 1230 K. 2 H. und 1000 K. ungariſche Kronenrente.
272 593 1219 638 Für die an Fallſucht, Krampfanfällen, nervöſen Zu⸗
197 633 1219 677 ſtänden Leidenden iſt das Urteil des Arztes Dr. med. Schreike
200 671 1220 714 von großem Intereſſe: „Mit Epilepticon der „Schwanen“⸗
197 710 1217 753 Apotheke, Frankfurt a. M., habe ich bei einem verzweifelten
197 750 1216 792 Falle ſehr gute Erfahrungen gemacht.“ In den Apotheken
196 789 1213 832 erhältlich. Wiſſenſchaftliche Abhandlung gratis durch das
196 826 1216 873 Hauptdepot, Apotheke „zur Auſtria“, Wien, IX., Währinger⸗
195 872 383 912 ſtraße 18/1.
258 986 787 1054 Spezial-Geschäfte
497 1064 1162 1094 für nur allerbeste Herrenwäsche und
497 1101 837 1129 Herren-Modewaren
492 1127 1168 1233 BERECZ & LÖBL
498 1241 767 1261 k. u. k. Hoflieferanten
498 1265 936 1291 WIEN, I., Babenbergerstrasse Nr. 1
498 1290 1162 1318 I., Schottengasse Nr. 4 I., Kärntnerstrasse Nr. 53
499 1324 1162 1350 Stets Neuheiten von Krawatten, Taschentüchern,
499 1351 1161 1378 Handschuhen, Socken, Krägen und Manschetten etc.
307 1091 411 1225 Farbige
291 1140 377 1248 Batist-
303 1245 406 1372 Hemden
269 1491 1149 1571 Central-Hotel
526 1575 926 1657 Berlin
251 1582 472 1619 Grösstes Hotel
259 1618 466 1654 Deutschlands
997 1578 1178 1613 Glänzend
1001 1613 1175 1648 renoviert
351 1658 1070 1693 direkt am Bahnhof Friedrichstrasse.
240 1699 1180 1736 Modernster Komfort. 500 Zimmer von Mk. 3.— an.
197 1804 692 1932 Semmering
298 1926 582 1954 Hotel Panhans
720 1795 1222 1846 Höhenluftkurort
827 1871 1105 1902 ersten Ranges.
750 1907 1184 1947 3000 Fuss über dem Meere.
193 1962 1223 1994 2 Stunden von Wien, 400 Zimmer, grösster Komfort, von Norden und Westen ganz
198 1988 1224 2021 geschützte, sonnige Lage. Kuranstalt im Hause. Diät-, Mast-, Freiluftkuren-
200 2014 1221 2046 Inhalatorium, Arzt, Apotheke, Litt. Appartements mit Bad und Toilette. Dazu-
200 2040 1223 2072 gehörig: „Hotel Erzherzog Johann“, 6 Villen mit und ohne Küchen. Ganze Ver-
200 2065 1224 2099 pflegung K. 7.— oder à la carte. Zimmer von K. 3.— inklusive Service, Licht und
534 2096 895 2122 Beheizung. Auerhahnabschuss.
262 2193 441 2231 PORTO:
265 2228 436 2267 ROSE
488 2183 978 2333 Porto-
782 2331 1184 2486 Rose
333 2499 1090 2654 Palace-Kur-Hotel
246 2681 1179 2774 Eröffnung der neuen Kuranstalt.
336 2793 1168 2836 Besonders für Rheumatismus, Frauenleiden,
253 2858 839 2902 Ischias, Gicht, Skrophulose etc.
244 2929 1177 3013 Mutterlaugenbäder.
316 3024 1114 3077 Aerztlicher Leiter Dr. Felix Frisch.
217 3156 649 3250 MATTONI'S
222 3170 1133 3391 GIESSHÜBLER
995 3325 1151 3351 NATURLICHER
872 3348 1115 3376 ALKALISCHER
567 3371 1126 3420 SAUERBRUNN
246 3512 1185 3684 Citronervin
362 3734 1068 3775 glänzend bewährt bei allen, die
290 3774 896 3820 Eisenbahnfahrten
958 3770 1123 3798 schlecht
938 3798 1134 3824 vertragen.
305 3821 1137 3852 Flasche kostet 3 K. J. Pserhofers Apotheke, Wien, I., Singerstr. 15.
198 3925 1224 4009 Wasserheilanstalt Dr. C. v. Jurié
185 4028 1216 4065 Weyer, Ob.-Oest. Moderner Bau, exquiſite Verpflegung, alle
359 4072 1062 4112 bewährten Kurbehelfe. Proſpekt Nr. 11 gratis.
316 4175 1134 4281 MERCEDES
353 4933 1061 5030 Artur Kaddatz
199 5031 1214 5071 Generalvertretung der Mercedes Bureau⸗Maſchinen⸗Geſ.
189 5073 1219 5139 Wien, VI., Mariahilferſtraße 9. Tel. 5063.
1370 176 1508 240 Ohne
1263 258 2284 434 Wiktorin-Licht
1517 436 2191 515 keine Landwohnungen!
1265 531 2281 569 Wiktorin & Co., Wien, V., Margaretenſtraße 120;
1265 572 2281 613 Wien, VI., Magdalenenſtraße 6; Brünn, Liechtenſtein⸗
1418 619 2129 658 gaſſe 2; Budapeſt, VIII., Baroß⸗utcza 1.
1522 766 2042 904 Radiumkurhaus
1701 872 1822 920 A. G.
1407 881 2162 1046 St Joachimstal
1556 1045 2011 1111 bei Karlsbad
1445 1123 2133 1197 Eröffnung der Dependance im
1474 1176 2100 1239 Juni dieses Jahres. Auskunft:
1535 1221 2028 1305 Wien, I. Wipplingerstr. 28.
1393 1378 1625 1409 NIEDERLAGEN:
1434 1417 1548 1439 · WIEN ·
1396 1446 1593 1473 · BUDAPEST ·
1417 1476 1566 1502 · TRIEST ·
1416 1507 1565 1532 · PARIS ·
1395 1536 1587 1559 CHRISTIANIA
1405 1564 1589 1596 · TORONTO ·
1632 1375 1811 1410 FABRIKEN:
1648 1407 1785 1442 ·PRAG·
1632 1442 1811 1472 WINTERBERC
1650 1471 1788 1502 ·KLATTAU·
1634 1503 1750 1530 NEUERN
1400 1404 2073 1851 LÖWENMARKE
1605 1539 2012 1772 IN ALLEN CULTURSTAATEN REGISTRIERT
2047 1576 2144 1630 M·J· & L·
1791 1696 2136 1726 FÜR HERRENWÄSCHE
1681 1731 2170 1801 M·JOSS & LÖWENSTEIN
1631 1802 2164 1840 K·u·K·HOFLIEFERANTEN·PRAG·
1297 1926 2257 1977 Rückenmarks- und Nervenkrankheiten. Ataxie.
1455 1976 2105 2033 Gehstörungen und Lähmungen.
1296 2045 2260 2083 Behandlung nach Frenkel'scher Methode unter persönl. Leitung
1533 2081 2027 2112 von Dr. Frenkel-Heiden
1295 2122 2260 2157 von Mitte Juni bis Ende September in Heiden i. d. Schweiz
1542 2156 2014 2193 a. Bodensee, Kanton Appenzell.
1302 2190 2261 2228 Von Anfang Oktober im Sanatorium Quisisana, Kolonie Grune⸗
1519 2226 2035 2261 wald b. Berlin, Winklerstrasse 24.
1295 2260 2260 2299 Prospekte auf Wunsch. Freiin Frida von Münchhausen, Oberin.
1290 2384 2267 2634 A. HERZMANSKY
1316 2523 2254 2570 Kaufhäuser: Wien VII. Mariahilferstr. 26. Stiftgasse 1, 3, 5, 7.
1309 2642 1572 2712 Für Kinder:
1593 2643 2241 2682 Schürzen aus Creton, Lüster, Kloth in
1705 2678 2118 2717 allen Grössen und Farben.
1592 2775 1986 2838 Kleine Chronik.
1975 2851 2246 2885 Wien 30. Juni.
1343 2892 2279 2936 [Der Kaiſer.] Der Kaiſer hat heute vormittags in
1268 2933 2278 2973 der Villa Hermes die militäriſchen Meldungen und den Vor⸗
1266 2972 2276 3014 trag des Sektionschefs v. Daruvary entgegengenommen.
1266 3011 2274 3054 Um 11 Uhr hat der Monarch die Erzherzogin Iſabella,
1266 3051 2276 3093 Gemahlin des Erzherzogs Friedrich, in Privataudienz
1266 3091 2276 3132 empfangen. Mittags hat der Kaiſer den Marineattaché der
1265 3129 2276 3169 k. und k. Botſchaft in Rom, Ladislaus Rémy⸗Berzen⸗
1269 3168 2276 3212 covich v. Szillas in beſonderer Audienz empfangen.
1267 3208 2276 3250 Von 1 bis 2 Uhr hat der Monarch einen Spaziergang und
1268 3249 2163 3290 um 6 Uhr nach dem Diner eine Spazierfahrt gemacht.
1344 3292 2288 3335 [Hof⸗ und Perſonalnachrichten.] Erzherzog
1269 3331 2283 3373 Leopold Salvator iſt heute abends zur Inſpizierung
1265 3372 2276 3415 der Gebirgsartillerie in Brixen eingetroffen. — Königin
1268 3410 2285 3450 Viktoria von Schweden hat heute nachmittags Karls⸗
1268 3449 2285 3488 bad beſucht. — Prinz Leopold von Sachſen⸗Koburg⸗
1268 3485 2283 3529 Gotha iſt von den Krönungsfeierlichkeiten aus London
1266 3527 2279 3567 hieher zurückgekehrt. — Die Empfänge beim Leiter des
1267 3566 2284 3606 Handelsminiſteriums, Sektionschef Dr. Mataja, finden
1265 3606 2282 3645 jeden Montag und Donnerstag von 11 bis 1 Uhr ſtatt. —
1267 3644 2283 3684 Der ungariſche Miniſter für Landesverteidung FML. Hazai
1268 3683 2283 3724 iſt nach Budapeſt zurückgekehrt. — Landespräſident Freiherr
1268 3720 2282 3762 v. Hein iſt hier angekommen und im „Hotel Meißl &
1266 3760 2281 3803 Schadn“ abgeſtiegen. — Sektionschef Graf Eſterhazy iſt
1267 3797 2283 3841 von den Krönungsfeierlichkeiten in London hieher zurück⸗
1268 3835 2282 3879 gekehrt. — Der ungariſche Senatspräſident Bubla iſt hier
1266 3879 2281 3918 angekommen und im „Hotel Matſchakerhof“ abgeſtiegen. —
1267 3917 2281 3960 In Bad Nauheim iſt Expräſident Diaz zum Beſuche ſeines
1265 3956 2280 3996 früheren Privatſekretärs, der die Kur gebraucht, eingetroffen.
1261 3995 2273 4036 Diaz gedenkt längere Zeit in Deutſchland zu verweilen. —
1260 4035 2287 4075 In Karlsbad ſind angelangt: Fürſt Max Egon Fürſten⸗
1267 4070 2282 4114 berg, Baron Louis Rothſchild, Baron Geza Fejer⸗
1266 4111 2282 4153 vary und Magnat Dr. Franz Chorin aus Budapeſt. —
1265 4147 2282 4193 Der Oedenburger Advokat und Präſident der Partei der
1264 4189 2276 4231 nationalen Arbeit, Dr. v. Szilvasz, wurde vom Kaiſer
1267 4227 2281 4271 durch Verleihung der Hofratswürde ausgezeichnet. Anläßlich
1267 4267 2282 4309 dieſer Verleihung iſt ihm heute aus Konopiſcht vom Erz⸗
1265 4305 2281 4347 herzog Franz Ferdinand folgende Depeſche zuge⸗
1266 4346 2281 4385 kommen: „Meine herzlichſten Glückwünſche zur a. h. Er⸗
1266 4383 2283 4426 nennung. Erzherzog Franz Ferdinand m. p. General
1266 4423 2280 4465 der Kavallerie.“ Dr. v. Szilvasz wurde vor Jahren, als
1267 4462 2284 4504 der Erzherzog in Oedenburg beim 9. Huſarenregiment in
1265 4500 2282 4543 Garniſon war, oft empfangen und den Diners zugezogen. —
1264 4539 2281 4580 Dem Alpiniſten und Obmann des Alpinen Rettungs⸗
1266 4579 2283 4619 ausſchuſſes Heinrich Krempel in Wien wurde in Aner⸗
1265 4618 2276 4661 kennung ſeiner langjährigen verdienten Tätigkeit als Initiator
1266 4656 2281 4699 und Führer des alpinen Rettungsweſens, das goldene
1266 4694 2282 4737 Verdienſtkreuz mit der Krone verliehen. — Die Gebühren⸗
1266 4733 2281 4774 abteilung der Finanzbezirksdirektion Wien hat unter Führung
1266 4772 2282 4813 des Finanzrates v. Pelikan ihrem Vorſtand Oberfinanz⸗
1264 4810 2286 4850 rat Artur Felkl aus Anlaß der Vollendung ſeines
1266 4849 2282 4893 30. Dienſtjahres ihre Glückwünſche dargebracht. Dem Jubilar
1265 4885 2282 4931 wurde ein Ehrengeſchenk überreicht. — In der Aula der
1267 4926 2283 4969 Lemberger Univerſität wurde geſtern das dreißigjährige
1263 4965 2281 5009 Berufsjubiläum des Profeſſors der Zoologie Dr. Joſef
1263 5003 2284 5048 Nußbaum⸗Hilarowicz gefeiert. Profeſſor Doktor
1265 5042 2283 5086 Kadyi hielt an den Jubilar eine Anſprache, worauf eine
1265 5082 2286 5126 in lateiniſcher Sprache abgefaßte, von europäiſchen Natur⸗
2331 178 3359 221 forſchern und Gelehrten der Vereinigten Staaten unterfertigte
2332 217 3359 258 Feſtadreſſe ſowie zahlreiche Glückwunſchtelegramme zur Ver⸗
2331 257 3355 297 leſung gelangten. — Im „Palace⸗Kurhotel“ in Portoroſe ſind
2330 295 3359 336 eingetroffen: Fürſt Dietrichſtein, Graf Karl Trautt⸗
2330 333 3359 375 mansdorff, Graf Harrach, Graf Kolowrat, Gräfin
2332 369 3358 413 Marie Bombelles, Baron Locatelli und Herr
2331 408 3359 453 Lorand v. Jakabffy. — Fräulein Grete Tauſſig,
2329 451 3359 493 Tochter des Herrn Bankiers D. Tauſſig in Bodenbach, hat
2332 491 3059 531 ſich mit Herrn Fritz Rothſchild verlobt.
2404 536 3346 578 [Fachblatt der „Neuen Freien Preſſe“.] In
2327 575 3346 616 der vorliegenden Nummer befindet ſich auf den Seiten 25 bis 27
2329 614 3346 654 das Fachblatt: „Landwirtſchaftliche Zeitung.“
2327 652 3349 693 Inhalt: „Neues auf dem Gebiete der Zucker⸗
2344 691 3347 733 abrikation.“ Vom k. k. Regierungsrat A. Stift.
2405 738 3346 782 [Die Nathaniel Freiherr v. Rothſchild⸗
2330 778 3346 822 Stiftung zur Errichtung einer Nervenheil⸗
2332 818 3346 859 anſtalt.] Wie ſeinerzeit berichtet, hat das Kuratorium der
2330 857 3345 899 Nathaniel Freiherr v. Rothſchild⸗Stiftung zur Errichtung
2332 896 3347 937 einer großen Nervenheilanſtalt, die auf dem Roſenhügel er⸗
2330 935 3346 978 baut werden wird, das Maria Thereſia⸗Schlöſſel in Döbling
2331 974 3346 1016 erworben, um dasſelbe als Adminiſtrationsgebäude der
2329 1014 3344 1057 Stiftung zu adaptieren und in unmittelbarer Nähe davon
2330 1052 3345 1097 ein Ambulatorium zu errichten. Der Magiſtrat hat nach einem
2333 1092 3347 1136 Proteſt der Anrainer, vornehmlich einer Kloſterſchule, den
2331 1132 3347 1174 Baukonſens verweigert. Das Kuratorium der Rothſchild⸗
2332 1171 3347 1214 Stiftung hat gegen dieſen abſchlägigen Beſcheid des Magiſtrats
2332 1210 3346 1253 den Rekurs an die Baudeputation ergriffen, welche dieſem
2332 1249 3347 1293 Rekurs ſtattgegeben hat. Gegen dieſe Baubewilligung ſteht den
2333 1288 3346 1329 Anrainern noch ein Rekurs an das Miniſterium für öffent⸗
2331 1328 3345 1368 liche Arbeiten offen. Nach dem Bauplan ſoll das Maria⸗
2333 1361 3345 1409 Thereſia⸗Schlöſſel ſelbſt in ſeiner jetzigen Form erhalten
2332 1406 2447 1440 bleiben.
2397 1452 3346 1493 [Der letzte Tag des billigen Rauchens.]
2332 1490 3347 1535 Heute, am letzten Tage der alten Preiſe für Zigarren und
2333 1528 3350 1572 Zigaretten, herrſchte in ſämtlichen Wiener Trafiken ein förm⸗
2333 1566 3349 1610 licher Maſſenandrang. Der größte Teil des rauchenden Publi⸗
2334 1608 3348 1650 kums hat ſich auf zwei bis drei Monate mit Rauchmaterial
2334 1646 3348 1688 vorgeſehen, ſo daß die Verteuerung der Zigarren und
2332 1684 3349 1726 Zigaretten für dieſen Teil der Raucher wenigſtens momentan
2335 1724 3348 1766 nicht fühlbar ſein wird. In den Spezialitätentrafiken am
2333 1761 3348 1803 Kohlmarkt und in der Mariahilferſtraße herrſchte ein derartiger
2335 1799 3348 1842 Andrang, daß das Publikum oft über eine Stunde lang
2332 1838 3347 1882 warten mußte. Was insbeſondere die Erhöhung der
2333 1876 3348 1920 Zigarettenpreiſe betrifft, ſo ſcheint ein großer Teil der
2331 1916 3349 1960 Zigarettenraucher nunmehr zum Selbſtanfertigen von
2332 1953 3348 1995 Zigaretten übergehen zu wollen und hat ſich mit Zigaretten⸗
2332 1993 3348 2033 tabak verſehen. Eine beſondere Nachfrage herrſchte nach
2332 2031 3349 2075 Purſitſchan⸗ und Kyr⸗Zigarettentabak, welche beide Sorten
2330 2067 3347 2113 jedoch in den Nachmittagsſtunden überhaupt nicht mehr er⸗
2332 2108 3348 2151 hältlich waren. Abends fand in den Tabaktrafiken durch
2332 2147 3358 2189 Finanzorgane eine Inventuraufnahme ſtatt. Die Trafikanten
2331 2187 3358 2227 werden die Differenz von dem erhöhten Betrage auf den alten
2333 2224 3358 2268 Preis für die Lagerbeſtände nachzuzahlen haben. In den
2333 2262 3358 2304 Trafiken wurden heute namentlich enorme Mengen von Sport⸗
2330 2302 3347 2344 zigaretten abgeſetzt, die ſchachtelweiſe gekauft wurden. Auch
2330 2341 3348 2383 Zigarren jeder Sorte wurden ſaſt durchwegs hundertſtückweiſe
2333 2380 3358 2420 verlangt. Die Trafikanten hatten dieſen Anſturm des Publi⸗
2331 2419 3352 2460 kums vorausgeſehen und ſich mit größeren Vorräten ver⸗
2332 2458 3346 2500 ſehen, doch genügten dieſe in den meiſten Fällen den An⸗
2332 2499 3348 2539 forderungen nicht, die gangbarſten Sorten waren in zahl⸗
2331 2535 3287 2577 reichen Fällen in den Abendſtunden nicht mehr zu haben.
2406 2572 3350 2616 [Neuherſtellung denkwürdiger Me⸗
2331 2612 3349 2653 daillen.] Das k. k. Hauptmünzamt hat das Unter⸗
2330 2650 3358 2693 nehmen in Angriff genommen, aus dem reichen Schatz, den
2328 2690 3358 2731 das Münzamt in ſeiner auserleſenen Münzen⸗ und Medaillen⸗
2330 2728 3357 2769 ſammlung beſitzt, die hiſtoriſch und künſtleriſch denkwürdigen
2331 2767 3358 2808 älteren Medaillen in Neuabſchlägen wieder herzuſtellen, um
2330 2806 3357 2846 öffentlichen und privaten Sammlungen die Möglichkeit zu
2330 2845 3358 2885 bieten, ſolche Raritäten zu erwerben. Eine erſte wohlgelungene
2330 2884 3357 2924 Neuprägung liegt bereits in herrlicher Patina vor. Es iſt die
2329 2922 3357 2964 im Jahre 1759 von A. Widemann und G. Ehle ge⸗
2326 2959 3359 3005 ſchnittene ſogenannte „Nachkommenſchaftsmedaille“. Auf der
2328 2996 3357 3036 Vorderſeite ſind die einander gegenübergeſtellten Porträts des
2328 3036 3348 3081 Kaiſers Franz I. und der Kaiſerin Maria Thereſia
2329 3076 3350 3120 und auf der Rückſeite die Porträts der dreizehn Kinder des
2328 3114 3348 3160 Kaiſerpaares abgebildet; in der Mitte Erzherzog Joſef — der
2328 3152 3348 3198 nachmalige Kaiſer Joſef II. — umgeben von zwölf ovalen
2328 3190 3348 3237 Schildchen mit den Porträts der vier Brüder und acht
2329 3229 3348 3275 Schweſtern desſelben und der Jahreszahl 1759 in römiſchen
2328 3268 3346 3310 Ziffern. Dieſem ſchönen Verſuch ſollen andere folgen. Ebenſo
2329 3307 3348 3350 beabſichtigt das Münzamt hervorragende Medaillen moderner
2327 3348 2975 3392 Künſtler in Neuabſchlägen herzuſtellen.
2406 3401 3358 3446 [Alfred Ginzkey.] Aus Reichenberg wird
2331 3440 3358 3484 uns über den Großinduſtriellen Alfred Ginzkey, deſſen
2330 3478 3358 3524 plötzliches Hinſcheiden bereits gemeldet wurde, geſchrieben:
2330 3520 3358 3562 Kommerzialrat Alfred Ginzkey iſt am Dienstag abends um
2329 3559 3358 3601 6 Uhr in Dresden an den Folgen der Operation eines
2326 3598 3345 3641 Furunkels, zu der ſich Blutvergiftung geſellte, im 45. Lebens⸗
2329 3636 3345 3679 jahre geſtorben. Tiefer Schmerz ob des Hinſcheidens dieſes
2330 3672 3344 3721 wackeren Mannes wird nicht allein ſeine nächſten Angehörigen,
2330 3710 3344 3757 ſondern auch alle, die ihn kannten, erfüllen; denn Alfred
2330 3753 3344 3795 Ginzkey war ein überaus leutſeliger, infolge ſeines liebens⸗
2330 3793 3344 3834 würdigen, jovialen Weſens allgemein beliebter Menſch. Vor⸗
2331 3831 3343 3874 allem erfreute er ſich bei ſeinen Beamten und Arbeitern,
2331 3870 3344 3912 denen er ſtets ein fürſorglicher Chef und Berater war, höchſter
2330 3910 3352 3951 Wertſchätzung und größter Sympathien. Alfred Ginzkey wurde,
2331 3949 3355 3990 am 28. September 1866 in Maffersdorf als Sohn des Be⸗
2330 3987 3343 4029 gründers der Firma, Herrn Ignaz Ginzkey, geboren. Er be⸗
2329 4025 3343 4067 ſuchte die Volksſchule in Maffersdorf, ſodann eine Privatſchule
2329 4066 3343 4104 in Dresden und abſolvierte die Gymnaſialſtudien in Leipa
2325 4101 3342 4144 und Leitmeritz, wo er im Jahre 1886 maturierte. Er ging
2329 4138 3343 4184 ſodann an die Univerſität Graz, woſelbſt er ſich den juridiſchen
2328 4182 3344 4222 Studien widmete, legte ſein Einjährig⸗Freiwilligen⸗Jahr bei der
2329 4221 3343 4259 Kavallerie ab und ging dann nach England, wo er
2329 4259 3343 4300 die Textilfachſchule in Leeds beſuchte und dann in
2329 4298 3343 4339 einer großen Teppichfabrik in Halifax ſich die not⸗
2329 4336 3344 4378 wendigen praktiſchen Kenntniſſe erwarb, die er durch
2329 4376 3343 4416 ſpätere größere Reiſen in Frankreich, Amerika, dem
2326 4415 3340 4455 Orient, Aegypten und anderen Ländern erweiterte. In
2326 4454 3341 4495 ſeinem Berufe war er unermüdlich tätig und trug
2326 4494 3341 4533 nicht wenig zum Aufblühen der Firma bei, die
2326 4532 3341 4574 heute ob der Vortrefflichkeit ihrer Erzeugniſſe ſich eines
2327 4566 3346 4611 Weltrufes erfreut und deren Abſatzgebiet ſich durch die
2327 4611 3342 4652 Umſicht und Tatkraft der beiden Chefs von Jahr zu
2328 4651 3341 4690 Jahr erweiterte. Noch bei dem vor wenigen Wochen er⸗
2326 4689 3341 4730 folgten Beſuche der bosniſchen Handelskammer hatte er
2325 4729 3340 4768 in dem weitausgedehnten Betriebe mit ſichtlicher Freude
2327 4766 3341 4808 und größter Bereitwilligkeit die Führung übernommen.
2326 4806 3341 4848 Einen ſchmerzlichen Verluſt erleidet auch die Reichenberger
2322 4844 3342 4887 Handels⸗ und Gewerbekammer, deren proviſoriſcher Vorſitzender
2327 4885 3341 4924 er ſeit dem 28. Februar 1910 war und in der er zu wieder⸗
2327 4924 3340 4964 holten Malen das Wort ergriff, wobei ſich ſein tüchtiges volks⸗
2325 4964 3341 5003 wirtſchaftliches Wiſſen bekundete. Dem Ausſchuſſe des Ver⸗
2326 5001 3341 5044 bandes nordböhmiſcher Induſtrieller gehörte er ſeit deſſen Be⸗
2326 5042 3355 5082 ſtande (1900) als erſter Vizepräſident an. Außerdem war er
2324 5082 3353 5122 Mitglied der Permanenzkommiſſion für die Beſtimmung der
