3346 5257
103 147 281 198 Nr. 3184
846 145 1125 199 Wien, Samstag
1403 151 1981 196 Neue Freie Presse.
2215 143 2455 187 5. Juli 1873
3058 140 3197 183 Seite 3
66 226 1095 272 rufen: „Wir haben es gewagt“. Sie haben allerdings den Zorn
62 269 1096 307 des Pan Dobrzanski auf ſich gelenkt, und auch das hieſige „Vater⸗
63 305 1097 347 land“ und der „Volksfreund“ haben es nicht an zarten Andeu⸗
63 344 1096 385 tungen fehlen laſſen, daß das ſelbſtſtändige Vorgehen der Juden
63 381 1094 424 Galiziens das Signal zu einer Judenhetze geben könnte. Das
63 420 1094 463 jüdiſche Central⸗Wahlcomité in Lemberg hat außer dem Wahl⸗
63 460 873 501 aufruf noch folgendes Actionsprogramm entworfen:
150 502 1096 540 1. Alle größeren Orte Galiziens und namentlich auch die in
63 536 1096 575 der Gruppe der Landgemeinden als Wahlorte bezeichneten Städte
62 571 1095 609 werden zu Händen der Cultusvorſtände mittelſt Circulärs von der
61 605 1095 644 Conſtituirung unſeres Central⸗Wahlcomités verſtändigt, und hieran
61 641 1096 679 die Bitte geknüpft, auf Grund der früheren Wählerliſten für den Land⸗
61 673 1095 713 tag und Gemeinderath über die Anzahl der ſtimmberechtigten Juden
63 709 1095 747 und deren Verhältniß zur Geſammtziffer der Wähler Bericht erſtatten.
144 744 1095 781 2. Die Cultusvorſtände und die zu beſtimmenden Vertrauens⸗
59 778 1095 815 männer der in der Reichsraths⸗Wahlordnung in der Gruppe der
60 811 1095 849 Städte aufgeführten Ortſchaften werden aufgefordert, Notablen⸗
60 845 1095 883 Wahlverſammlungen der Juden einzuberufen und Mitglieder für
61 880 1095 917 unſer Central⸗Wahlcomité, und zwar in folgender Anzahl zu wählen:
61 914 1095 951 a) die Städte Krakau und Brody je fünf Mitglieder; b) Tarnow,
61 948 1097 986 Rześzow, Przemysl, Stanislau, Tarnopol, Kolomea und Drohobycz
61 982 1095 1021 je drei Mitglieder: c) Neu⸗Sandec, Bochnia, Jaroslau, Sambor,
61 1017 1095 1054 Stryj, Brzezany, Tysmienice, Buczacz und Zloczow je zwei Mitglie⸗
60 1051 1096 1089 der; d) Viala, Wieliczka, Grodek, Sniatyn je ein Mitglied. Ueber
60 1086 1096 1123 den Vollzug dieſer Wahlen iſt unter Bekanntgabe der Gewählten
60 1120 566 1156 dem Central⸗Comité zu berichten.
141 1153 1094 1191 3. Aufgabe dieſer auswärtigen Mitglieder des hieſigen Cen⸗
58 1188 1097 1225 tral⸗Wahlcomités iſt es, ebenſo in ihren Wohnſitzen, als auch in
59 1222 1096 1260 den benachbarten Wahlbezirken der Landgemeinden unſer Intereſſe
60 1256 1095 1295 im Auge zu behalten. Außerdem werden noch nach Einlangen der
61 1291 1096 1328 im erſten Punkte dieſes Programms erwähnten ſtatiſtiſchen Daten
59 1327 1095 1363 für die Wahlbezirke der Landgemeinden mit zahlreicher jüdiſcher
58 1359 1015 1397 Bevölkerung ebenfalls Mitglieder des Central⸗Comités beſtellt.
142 1394 1099 1431 4. Der Verkehr zwiſchen dem Lemberger Central⸗Wahlcomité
61 1428 1097 1466 und ſeinen auswärtigen Mitgliedern iſt zunächſt ein ſchriftlicher.
62 1462 1096 1499 Von allen wichtigeren Beſchlüſſen werden die auswärtigen Mitglie⸗
62 1496 1098 1534 der verſtändigt. Dieſelben können auch ſelbſtſtändige ſchriftliche
61 1531 1097 1569 Anträge einbringen, zu jeder Sitzung erſcheinen und Stimmrecht
61 1568 1097 1604 ausüben. In dringenden Fällen können die auswärtigen Mitglie⸗
60 1600 1096 1636 der auch zum Erſcheinen in Lemberg eingeladen werden. Ebenſo
61 1633 1096 1672 kann das Lemberger Central⸗Wahlcomité von Fall zu Fall Mitglie⸗
61 1671 515 1705 der in die Provinz entſenden.
144 1703 1094 1740 5. Die auswärtigen Mitglieder jener Orte, welche zuſammen
59 1737 1096 1775 Einen Wahlbezirk bilden, correſpondiren direct mit einander oder
58 1773 636 1810 durch das Lemberger Central⸗Comité.
138 1809 1095 1849 Die von der Gazeta Narodowa gebrachte Nachricht, daß die
61 1846 1094 1887 meiſten und hervorragendſten Mitglieder aus dem iſraelitiſchen
61 1886 1097 1925 Central⸗Wahlcomité bereits ausgetreten ſind, muß als vollſtändig
61 1924 1098 1964 erfunden bezeichnet werden. Nur Dr. Fried, deſſen Bemühungen
60 1961 1097 2004 um das Zuſtandekommen eines Compromiſſes mit dem polniſchen
61 2000 1099 2042 oſtgaliziſchen Central⸗Wahlcomité ſcheiterten, ſah ſich in Folge
61 2040 1098 2082 des Mißlingens ſeiner Beſtrebungen veranlaßt, dem Obmann
61 2077 1096 2117 Dr. Julius Koliſcher ſeinen Austritt aus dem iſraelitiſchen Co⸗
61 2116 1095 2156 mité anzuzeigen. Das Central⸗Comité wird ſich wol über dieſen
62 2154 1094 2195 nichts weniger als unerſetzbaren Verluſt zu tröſten wiſſen. Die
62 2192 1094 2233 undankbaren Glaubensgenoſſen des Herrn Dr. Fried haben bisher
61 2230 1095 2271 deſſen „Verdienſte“ nicht zu ſchätzen gewußt; vielleicht wird nun
62 2266 1096 2306 jetzt Herr Johann Dobrzanski dieſen neuen Vaterlandsretter mit
62 2307 448 2343 einem Mandat belohnen.
139 2340 1091 2383 Ueber den Gang der Wahlagitation in Dalmatien
61 2382 750 2425 wird uns aus Zara, 30. Juni, geſchrieben:
148 2423 1097 2462 Der Commis voyageur des clericalen ultra⸗nationalen Cen⸗
61 2460 1098 2500 tral⸗Wahlcomités, Dr. Klaic, iſt hieher zurückgekehrt. Gleich nach
62 2498 1098 2534 ſeiner Ankunft in Zara hielt das Central⸗Wahlcomité der Verfaſ⸗
63 2531 1098 2570 ſungsgegner eine mehrſtündige Conferenz in der hieſigen Citavnica
62 2566 1098 2604 ab, in welcher der national⸗clericale Parteiführer über die Thätig⸗
62 2600 1097 2637 keit und das Reſultat ſeiner Wahlagitations⸗Reiſe Bericht er⸗
63 2633 1096 2672 ſtattete. Da mit dem geheimen Wahlcirculär unſere Annexioniſten
63 2666 1096 2705 ein klägliches Fiasco erlebten, ſo einigten ſich die Conferenz⸗Mit⸗
63 2698 1097 2737 glieder dahin, die nationalen verfaſſungstreuen Candidaten und
63 2730 1098 2768 die italieniſchen Autonomanen energiſch zu bekämpfen und erſt nach
63 2765 1099 2801 Conſtituirung der Bezirks⸗Wahlcomités mit der Nominirung der
62 2796 1097 2835 Reichsraths⸗Candidaten vor die Wähler zu treten. Nachdem für
64 2835 1097 2871 die Candidatur des Archimandriten Gerotej Rovacevic keine An⸗
63 2868 1099 2907 hänger unter der Landbevölkerung der Bezirke Arbe, Pago, Selve,
63 2904 1097 2943 Zaravecchia, Obvodazko und Benkovac aufzutreiben waren, ſtellten
63 2941 1098 2979 unſere Wahlreform⸗Gegner für dieſen Reichswahlbezirk den Pfarrer
63 2974 1097 3013 Joſeph Kerſtic, Mitarbeiter des Narodni Liſt, als Candidaten auf.
64 3011 1099 3049 Doch wird auch dieſer nicht gegen den von der großen Majorität
62 3043 1100 3083 der Wähler getragenen Reichsraths⸗Abgeordneten Dr. Joſeph An⸗
62 3081 384 3118 tonietti durchdringen.
151 3137 1099 3178 Poisdorf, 3. Juli. [Orig.⸗Corr.] (Die Gemeinde⸗
65 3174 1100 3212 wahlen.) Die Gemeindewahlen, die am 1. Juli hier vollzogen
67 3208 1102 3246 wurden, fielen trotz der heftigſten Agitation von Seite der Clericalen
74 3243 1103 3281 u Gunſten des liberalen Bürgerthums aus. Es gab aber einen
1134 224 2168 264 heißen Kampf! Von 7 Uhr Morgens bis 5 Uhr Nachmittags ward
1135 261 2167 297 nur mit einer kleinen Zwiſchenpauſe beiderſeits gekämpft. Die Cle⸗
1135 294 2166 333 ricalen fühlten ſich ganz ſicher und betrachteten den neuen Ausſchuß
1134 329 2166 366 ſchon im vorhinein als ihre ausſchließliche Domäne. Hatte doch das
1135 362 2166 399 in Poisdorf beſtehende katholiſch⸗politiſche Caſino ſchon das vorige
1134 397 2167 435 und heurige Jahr unausgeſetzt für die Gemeindewahlen gearbeitet;
1134 432 2169 468 ja unmittelbar vor den Wahlen, nämlich Sonntag den 29. Juni,
1137 463 2166 504 kam der bekannte penſionirte Statthaltereirath Harrant hier
1137 500 2165 537 an, der ehemalige Stiftsrichter in Zwettl, welcher, eingedenk
1137 533 2166 572 der Wirkungen des weiland „Haslinger“ aus ſeiner dama⸗
1137 567 2166 606 ligen Praxis, denſelben bei einer Wählerverſammlung in
1138 601 2165 641 Zwettl als das beſte Recept für die Bauern anempfahl. Die
1135 636 2165 673 ſer Herr glaubte in Poisdorf einen beſonders ſtarken Druck auf
1137 671 2167 707 die bevorſtehenden Wahlen ausüben zu können — er wurde auch
1136 703 2166 742 ſpeciell von der hieſigen ſchwarzen Coterie dazu eingeladen — und
1138 740 2167 775 erzählte den Bauern von dem „großen Krach“, welchen die Liberalen
1139 772 2167 810 herbeigeführt hätten, daß deren Geld keinen Segen bringen konnte,
1137 807 2165 844 weil ſie nicht beten und an keinen Gott glauben und dergleichen mehr.
1137 841 2167 879 Jedoch verfingen auch dieſe Dinge nicht mehr bei den vernünftigen
1138 875 2167 911 Bauern, denn wie man bemerkte, verließ ein großer Theil derſelben
1138 909 2167 946 mit großem Unwillen und noch vor Schluß der Verſammlung den
1139 944 2167 982 Saal. Herr Harrant möge daraus ſehen, daß er ſich ein andermal
1136 979 2168 1017 dieſe Mühe erſparen kann. Es iſt trotz des hier beſtehenden katho⸗
1137 1012 2167 1049 liſchen Caſinos bereits vergebens, gegen die Liberalen anzukämpfen,
1137 1046 2165 1082 die ihren Mittelpunkt im hieſigen Club haben, welchen die Mit⸗
1139 1081 2168 1117 glieder des Miſtelbacher Deutſchen Vereins aus Poisdorf und
1139 1115 2166 1152 Wetzelsdorf bilden und an deſſen Spitze das tüchtige Vereins⸗Aus⸗
1139 1149 2168 1186 ſchußmitglied Herr Scholz ſteht. Eine beſondere Rührigkeit bei der
1138 1182 2165 1223 Wahlagitation entwickelten die beiden Doctoren der Medicin v. Campi
1138 1217 1683 1256 und Spielmann (Vereinsmitglieder).
1215 1306 2165 1350 Krakau, 3. Juli. [Orig.⸗Corr.] (Die Polen als
1136 1346 2165 1388 Volkswirthe.) Unſere polniſchen Blätter leiern faſt täglich
1139 1383 2165 1428 ein und dasſelbe Lied: daß an der in Folge der Börſenkriſis
1139 1423 2165 1466 herrſchenden Geldcalamität einzig und allein die deutſchen Cen⸗
1139 1463 2165 1505 traliſten die Schuld tragen. Bezüglich der Mittel zur Abwen⸗
1138 1501 2166 1544 dung dieſes Zuſtandes gehen ſie jedoch völlig auseinander. Die
1139 1538 2166 1583 Clericalen meinen, Oeſterreich müſſe wieder „fromm“ werden und
1139 1578 2167 1621 treu zum Unfehlbaren halten; nur durch Syllabus und Concor⸗
1137 1616 2167 1659 dat könne das Reich wieder glücklich werden. Die soi-disant
1139 1654 2168 1698 freiſinnigen polniſchen Journale behaupten ihrerſeits, daß nicht
1137 1694 2167 1735 der Ultramontanismus, ſondern der Föderalismus Oeſterreich von
1137 1732 2169 1775 dem Abgrunde, an deſſen Rand es durch die Schuld der Ver⸗
1139 1771 2167 1812 faſſungspartei ſich befinde, zu retten vermöge. Das hieſige „De⸗
1137 1810 2168 1850 mokratenblatt“ brachte dieſer Tage einen Artikel, in welchem die
1137 1848 2169 1890 Regierung aufgefordert wird, ſtatt ſich in die Börſen⸗Angelegen⸗
1137 1886 2168 1929 heiten zu mengen, lieber den bereits conceſſionirten Eiſenbahnbau
1137 1925 2169 1970 in Galizien in Angriff zu nehmen, damit dem polniſchen Land⸗
1137 1963 2168 2005 volke Arbeit verſchafft und dem in Folge von Hungersnoth und
1137 2001 2169 2046 Krankheiten in Galizien herrſchenden Elende abgeholfen werde.
1137 2041 2169 2084 Eiſenbahnen können nun bekanntlich mittelſt hochtönender Phraſen
1137 2078 2169 2122 nicht gebaut werden. Dazu bedarf es des Geldes, das gegenwär⸗
1137 2117 2168 2161 tig knapp genug iſt. Darum aber kümmern ſich die polniſchen
1136 2154 2168 2198 Volkswirthe nicht. Wozu iſt die Regierung da, wenn ſie nicht
1137 2193 2169 2237 für Galizien in den großen allgemeinen Staatsſäckel greifen
1137 2231 2171 2275 mag? An dieſem haben ja die Polen, wie männiglich bekannt,
1137 2270 2170 2315 ein rührendes Intereſſe. Wenn es gilt, die Taſchen der Wiener
1136 2307 2171 2352 Deutſchen in Anſpruch zu nehmen, ſo iſt man hierzulande immer
1135 2345 2169 2389 bereit, denn Galiziens Kapitalien thun es freilich nicht. Hat
1135 2386 2167 2428 doch der galiziſche Landesausſchuß das Anlehen von fünf Millio⸗
1137 2423 2166 2468 nen Gulden deßhalb nicht realiſiren können, weil die „Wiener“
1137 2461 2168 2507 dieſes Geſchäft aus Mißtrauen gegen die autonome Wirthſchaft
1138 2502 2169 2546 in Galizien zu machen keine Luſt hatten. Damit es aber der
1138 2540 2169 2587 Regierung ermöglicht wäre, das zum galiziſchen Eiſenbahnbau
1139 2581 2170 2622 erforderliche Conſortium aus Wiener Kapitaliſten zu ſchaffen,
1138 2619 2169 2661 muß früher der in Folge der Börſenkriſis entſtandenen Geldnoth
1139 2657 2170 2698 abgeholfen werden, und darum ſollten die Volkswirthe in Galizien
1136 2694 2171 2735 die Letzten ſein die gegen die diesbezüglichen Schritte des Finanz⸗
1137 2733 1387 2772 miniſters eifern.
1216 2800 2171 2848 Tarnopol, 2. Juli. [Orig.⸗Corr.] (Ein deutſches
1140 2841 2168 2885 Schulfeſt.) Zu Ehren des Directors der hieſigen iſraelitiſchen
1139 2882 2170 2925 Hauptſchule, Herrn Michael Perl, welcher am 13. d. M. ſeinen
1142 2920 2170 2964 ſiebzigſten Geburtstag begeht, findet hier an dem gedachten Tage
1142 2960 2170 3001 eine Schulfeierlichkeit ſtatt. Herr Perl iſt der würdige und ver⸗
1142 2998 2169 3042 dienſtvolle Sohn jenes Mannes, welcher im Jahre 1813 die erſte
1142 3037 2171 3082 deutſche Schule für Juden in Galizien hier gegründet und ſein
1143 3076 2170 3119 ganzes Leben hindurch für die Verbreitung der deutſchen Cultur
1143 3115 2170 3157 unter den galiziſchen Juden unermüdlich gewirkt hat. Den Kampf
1142 3151 2171 3196 mit der jüdiſchen Orthodoxie, den ſein Vater unerſchrocken aufge⸗
1142 3192 2168 3236 nommen, ſetzte Director Perl, der ſeit ungefähr vierzig Jahren
1142 3231 2171 3274 die iſraelitiſche Hauptſchule als Director unentgeltlich leitete, mit
2208 219 3232 262 Ausdauer fort, obwol ſeit Beginn der Goluchowski'ſchen Aera die
2209 258 3232 303 hieſigen Organe der Regierung ſtets auf Seite der Orthodoxen
2207 298 3233 338 ſtehen und die deutſchgebildeten civiliſirten Iſraeliten ihres legiti⸗
2208 337 3235 376 men Einfluſſes auf die Gemeinde⸗ und Schulverwaltung thun⸗
2208 374 3235 415 lichſt zu entkleiden ſtreben. Daher iſt es begreiflich, daß Regie⸗
2209 412 3235 455 rung und Gemeindevorſtand die deutſche Hauptſchule der Juden
2209 450 3236 493 mit nicht beſonders günſtigen Augen anſehen und daß die Schule
2209 488 3235 531 nur der Opferwilligkeit ihres Directors ihr wachſendes Gedeihen
2209 527 3236 570 und ihre Vergrößerung verdankt. Namentlich iſt die vor ungefähr
2209 565 3236 607 zehn Jahren mit ihr in Verbindung gebrachte Mädchenſchule, die
2210 605 3237 645 auch auf die materiellen Verhältniſſe der armen jüdiſchen Bevöl⸗
2209 643 3235 684 kerung wohlthätig einwirkt, weil die Mädchen in den gut bezahl⸗
2209 682 3234 722 ten feinen weiblichen Handarbeiten unterrichtet werden, ganz das
2209 720 3234 760 Werk des Directors Perl und ſeiner nunmehr verſtorbenen Gat⸗
2210 758 3235 800 tin. Wir wünſchen aufrichtig, daß der um die deutſche Bildung
2209 798 3238 837 und Aufklärung der hieſigen Judengemeinde ſo hochverdiente
2209 835 3237 875 Mann, deſſen deutſche und ſtreng verfaſſungstreue Geſinnung ſich
2210 874 3238 915 auch während der vorherrſchenden polniſchen Strömung der letzten
2209 911 3239 954 Jahre gleichgeblieben iſt und die nun immer mehr zu Ehren
2211 949 3238 990 kommt, noch lange in der bisherigen Weiſe und mit dem bisheri⸗
2209 990 2550 1030 gen Erfolge fortwirke.
2287 1066 3238 1113 Innsbruck, 1. Juli. [Orig.⸗Corr.] (Zur Lage in
2208 1108 3239 1149 Wälſchtirol.*) Sie haben in jüngſter Zeit mehrere Corre⸗
2210 1146 3240 1187 ſpondenzen aus Wälſchtirol veröffentlicht, deren Zweck es war,
2210 1187 3239 1226 von dem Beſtehen einer liberalen verfaſſungstreuen Partei dort⸗
2209 1224 3238 1265 ſelbſt, welche den Reichsrath aus Anlaß der directen Wahlen be⸗
2209 1264 3239 1304 ſchicken will, Zeugniß zu geben. Geſtatten Sie daher auch ein⸗
2208 1302 3239 1341 mal einem Manne, der Wälſchtirol aus langjähriger Anſchauung
2208 1341 3240 1382 genau zu kennen glaubt, ſeine Anſicht über die Lage der dortigen
2207 1378 2644 1420 Verhältniſſe frei darzulegen.
2285 1423 3239 1467 Die ſogenannte liberale, beſſer geſagt die national⸗italieniſche
2208 1462 3241 1503 Partei in Wälſchtirol hat ſich bisher in der Abſtinenz⸗Poli⸗
2209 1501 3241 1544 tik, das heißt der Nichtbeſchickung des Tiroler Landtages gefallen.
2210 1539 3241 1582 Sie identificirte das ehemalige geiſtliche Fürſtenthum Trient, allen ge⸗
2211 1578 3242 1620 ſchichtlichen Thatſachen zum Trotze, kühn mit dem ganzen italieni⸗
2210 1616 3243 1658 ſchen Südtirol, bezeichnete deſſen Incorporirung in Tirol als einen
2211 1656 3243 1696 landesherrlichen Gewaltact und gewöhnte ſich, Wälſchtirol als ein
2209 1693 3241 1736 rein italieniſches Land „Trentino“ zu benennen, welches nach
2210 1732 3241 1775 der herrſchenden Anſicht beſtimmt war, dem Königreiche Italien
2211 1770 3243 1813 als reife Frucht in den Schoß zu fallen. Ueber die Nordgrenzen
2209 1811 3244 1850 dieſes Trentino ließen ſich die Parteiführer öffentlich nie beſtimmt
2210 1847 3243 1891 aus; ja, wer ihnen glauben wollte, mochte annehmen, daß ſie die⸗
2210 1887 3244 1929 ſelbe an die Sprachgrenze bei Salurn verlegen und großmüthig
2210 1926 3241 1968 darüber nicht hinausgehen wollten. Deſto ungenirter legte man
2210 1964 3243 2007 den Zukunfts⸗Mitbürgern in spe im Reiche Italien die Idee
2210 2003 3243 2043 klar, daß das Trentino bis auf die Haiden von Toblach und
2208 2041 3245 2082 Mals und auf den Brenner ſich erſtrecke, wie dies erſt vor weni⸗
2210 2080 3244 2121 gen Monaten noch ſeitens eines Trientiners in Liberi's
2210 2118 3242 2160 Buche: „L'Italia esposta agli Italiani“, geſchehen iſt. Wie geſagt,
2209 2157 3245 2198 die nationalen Wälſchtiroler gefielen ſich in der Abſtinenz⸗Politik
2209 2194 3245 2237 und prieſen dieſelbe, nämlich die Nichtbeſchickung des Innsbrucker
2210 2234 3245 2275 Landtages, als die denkbar größte politiſche Weisheit, welche
2209 2272 3245 2314 jemals in der Welt exiſtirte. Vergebens blickten die in die Min⸗
2210 2311 3246 2353 derheit gedrängten liberalen deutſchtiroliſchen Landtags⸗Abgeordneten
2210 2348 3244 2389 nach den angeblich liberalen Wälſchtirolern aus, mit deren Hilfe
2209 2385 3244 2426 ſie manchen Streich der Clericalen hätten hindern oder abſchwä⸗
2210 2423 3239 2465 chen können; die nicht kamen, das waren die Liberalen Wälſchtirols
2209 2462 3247 2502 Nach ihrer Meinung mußte Oeſterreich zerfallen; wie hätten ſie
2210 2503 3248 2543 ſich dann im Parlament in Florenz darüber ſchämen müſſen, daß
2211 2542 3247 2581 ſie je mit den verhaßten Deutſchen in einer und derſelben politi⸗
2211 2581 2813 2623 ſchen Verſammlung zuſammengeſeſſen!
2287 2626 3246 2669 Das Jahr 1866 brachte einen entſcheidenden Umſchlag. Die
2211 2665 3247 2707 Abſtinenz⸗Politik trug bittere Früchte, indem ſie der bis dahin
2210 2703 3247 2745 nur im Keime vorhandenen clericalen Partei in Wälſchtirol auf
2209 2741 3246 2783 die Füße half und bewirkte, daß dieſelbe allmälig in den Land⸗
2210 2776 3248 2823 Wahlbezirken faſt überall ſiegte, ſo daß eine ganz anſehnliche Zahl
2211 2818 3248 2860 von clericalen Abgeordneten aus Wälſchtirol im Innsbrucker Land⸗
2211 2856 3248 2898 tage erſchien. Faſt noch ſchwerer wurde die nationale Partei durch
2211 2895 3249 2936 die Rückwirkung italieniſcher Staatszuſtände auf die Bevölkerung
2212 2933 3249 2977 in Wälſchtirol betroffen. Dieſe Zuſtände waren und ſind noch
2212 2971 3251 3016 durchaus nicht danach angethan, im Volke mit Ausnahme jener
2210 3012 3248 3053 Wenigen, welche bei einem Anfalle Wälſchtirols an Italien An⸗
2212 3050 3248 3093 wartſchaft auf Aemter und Würden hätten, den Wunſch nach der
2211 3088 3248 3132 Vereinigung mit Italien aufkommen zu laſſen. Dieſe beiden
2210 3125 3249 3171 Haupturſachen haben die Nationalen in Wälſchtirol veranlaßt,
2211 3166 3251 3208 eine Schwenkung vorzunehmen und ſich der erſtaunten Welt im
2296 3228 2734 3271 *) Von einem Deutſchtiroler.
149 3328 1096 3376 Mit dem fünften Jubeljahre (1450) treten wir in eine
66 3372 1095 3416 neue Welt ein. Die Kirche geht ihrer äußerſten Entartung,
67 3414 1097 3460 der Zeit eines Sixtus IV., eines Alexander VI., entgegen;
67 3457 1097 3503 die Menſchheit aber findet, wie umgewandelt durch Zauber⸗
66 3500 1096 3544 künſte und hingeriſſen durch unwiderſtehliche Reize, ihre volle
66 3544 1096 3590 Jugendſchönheit wieder. Perikles, der Olympier, wird in
66 3587 1097 3633 Lorenzo dem Erlauchten wiederkehren und die Hochzeit Ale⸗
65 3631 1096 3675 xander's mit Roxane von Sodomma's Meiſterpinſel zu einem
66 3675 1098 3717 Freudenfeſte für uns Spätgeborene ausgemalt werden. Das
68 3716 1097 3759 ewige Leben der Antike, das im Dunkel des Mittelalters
66 3759 1096 3803 nur erſchaut werden konnte, wie wir das Leuchten des Meeres
68 3803 1097 3848 erblicken in ſchwarzer Nacht, bricht mit aller Gluth der
66 3842 1098 3891 Morgenröthe zu Tage; es ergreift und verfolgt uns, wo
68 3888 1099 3934 wir ihm zu entrinnen ſuchen, es überragt uns um die Höhe
68 3930 1098 3976 wolkenbekrönter Alpenzinnen, wenn wir durch allen Fort⸗
68 3971 1098 4020 ſchritt der Zeiten uns ſeiner Größe längſt entwachſen glaubten.
70 4010 1098 4062 Wir mögen ihn glücklich preiſen, den alleinigen und echten
69 4053 1099 4104 Renaiſſance⸗Papſt Nikolaus V., der die Einnahme des Ju⸗
71 4096 1101 4148 biläums, Opfergaben und Mehrertrag der Zölle, eine —
70 4139 1099 4191 wie ſein humaniſtiſcher Biograph ſagt — beinahe unzähl⸗
71 4185 1100 4232 bare Summe Goldes und Silbers, auf Monumental⸗Bauten,
70 4227 1099 4277 Bücher⸗Abſchreiben, Anſtellung von Copiſten und Latiniſten
70 4269 1100 4318 und Ueberſetzern aus dem Griechiſchen, deren er ſtets ganze
71 4312 1100 4361 Schwärme auf ſeinen Reiſen mit ſich führte, zu verwenden
70 4356 1101 4405 wußte. Es mag ſein, daß der Ertrag eines Jubeljahres zu
72 4399 1102 4447 anderen Zwecken beſtimmt iſt; aber es bleibe unbeſtritten,
72 4442 1102 4491 daß ihn für Kunſt und Wiſſenſchaft auszugeben ſchöner iſt,
72 4487 1101 4535 als ihn für Baſtarde und Nepoten aufzuſpeichern oder in
73 4526 814 4577 kriegeriſchen Unternehmungen zu verzetteln.
159 4578 1102 4627 Der Vorwurf, letzteres gethan zu haben, trifft mit
73 4616 1103 4671 ſchwerwiegender Wucht die beiden Päpſte, welche die noch
72 4661 1103 4711 ins Mittelalter fallenden Jubeljahre 1475 und 1500 ge⸗
75 4701 1103 4755 feiert haben: Sixtus IV. della Rovere, und Alexander VI.
74 4746 1105 4798 Borgia. Es ſind die Namen zweier Verbrecher, die ein
75 4790 1105 4844 heiliges Amt in frechſter Weiſe mißbraucht haben — der
74 4833 1106 4883 della Rovere's verdunkelt durch den Alexander's, welcher
75 4877 1105 4929 typiſch geworden iſt für die Bezeichnung des höchſten Grades
76 4917 1105 4970 den Verruchtheit, auf den eine Kraft, die das Böſe will und
76 4961 1106 5015 das Böſe ſchafft, ihren von Stellung und Umſtänden be⸗
77 5001 1107 5055 günſtigten Träger emporſchnellt. Wenn aber das Angedenken,
77 5047 1107 5099 das Sixtus IV. hinterlaſſen hat, einigermaßen gemildert
77 5090 1105 5142 wird durch das viel ſchlimmere, welches ſeinem zweitnächſten
1140 3322 2173 3369 Nachfolger geworden, ſo läßt ſich doch nicht verkennen, daß
1142 3366 2170 3412 beide Genoſſen im höchſten Hirtenamte und in ſeiner ge⸗
1141 3409 2171 3455 wiſſenloſen Ausbeutung einander werth waren. Dieſelbe
1140 3452 2171 3497 Hand, welche im Jubeljahre 1475 (durch Paul II. war
1141 3495 2171 3542 ſchon am 19. April 1470 die Jubiläumsfriſt auf fünfund⸗
1141 3535 2171 3584 zwanzig Jahre herabgeſetzt worden) den Segen urbi et orbi
1142 3579 2170 3625 ertheilte, hat die Fäden der Verſchwörung eingefädelt,
1141 3623 2170 3670 welche in dem mörderiſchen, während eines Hochamtes bei
1142 3666 2170 3714 Erhebung der Hoſtie verſuchten und halb gelungenen Atten⸗
1141 3708 2172 3754 tate auf Lorenzo den Erlauchten und ſeinen Bruder Giu⸗
1141 3752 2171 3796 liano gipfelte. Die wildeſte Einbildungskraft bebt vor dieſen
1142 3793 2171 3841 Schändlichkeiten zurück, und die Krönung des Ungeheuer⸗
1141 3836 2172 3884 lichen, des Unerhörten erfolgte durch Sixtus IV., indem er
1143 3880 2171 3926 diejenigen, die gegen ſeine Miſſethaten ſich zur Wehr ſetzten,
1142 3927 1553 3969 mit dem Banne belegte.
1227 3973 2170 4020 Auf der Schwelle zwiſchen Mittelalter und Neuzeit ward
1144 4017 2171 4064 es dem Papſte Alexander VI. beſchieden, die Chriſtenheit
1144 4060 2171 4108 aufzufordern, daß ſie zur Feier des fünfzehnhundertſten Jahres
1144 4103 2170 4153 des Heils nach Rom ſich von Sünden zu reinigen eile. Nach
1142 4145 2172 4192 Rom mit ſeinen niederdrückend großartigen Erinnerungen
1143 4190 2172 4237 und ſeiner damals entſetzensvoll grauenhaften Gegenwart!
1144 4232 2170 4281 Man ſträubt ſich, es zu faſſen, und begreift kaum, wie es
1144 4277 2170 4322 doch möglich geworden, daß die Menſchen einem Rufe aus
1144 4320 2170 4365 ſolchem Munde folgten. Dieſer Papſt, den ſeine gekrönten
1144 4362 2169 4407 Zeitgenoſſen, ein König Ferrante von Neapel, ein Ferdinand
1145 4406 2170 4448 der Katholiſche des ſchändlichſten, von Allen verabſcheuten
1145 4448 2171 4493 Wandels beſchuldigten, den ſein größter Nachfolger auf Sanct
1145 4491 2171 4536 Petri Stuhle durch eine Bulle (24. Januar 1504) als heuch⸗
1146 4534 2171 4580 leriſchen Räuber, der ſich an fremdem Gute ſättigt, brand⸗
1148 4576 2171 4622 markte; der Papſt, deſſen älteſter Baſtard durch ſeinen
1146 4619 2171 4665 zweitgebornen Bruder, wie ſich Rom inmitten des Jubel⸗
1146 4662 2171 4706 jahres erzählte, ermordet worden, deſſen Tochter Lucrezia
1147 4705 2173 4748 von dem Mörder, ihrem Bruder, dem ſein Vater willenlos
1148 4746 2174 4794 Alles gewähren und Alles verzeihen muß, zur Witwe ge⸗
1149 4792 2172 4837 macht wird — dieſer von einem furchtbaren Sohne zum
1149 4834 2175 4879 Werkzeug ſchrankenloſen Ehrgeizes benützte Greis als Führer
1150 4878 2174 4920 der Verirrten, als Retter der Büßenden aus der namen⸗
1150 4920 2175 4965 loſen Qual geängſtigter Gewiſſen, als Haupt der Kirche,
1150 4962 2176 5007 als Hüter des Heiligſten und Port des Gerechten! Er
1150 5005 2175 5048 feiert ein Jubeljahr, das Cäſar Borgia die Mittel ſchaffen
1149 5047 2176 5091 muß, ſeine Spießgeſellen fürſtlich zu entlohnen und ſeine
1147 5089 2176 5133 kaum begründete Herrſchaft in der Romagna durch Verrath
2215 3317 3250 3363 und Geld auszudehnen; er muß ſich herbeilaſſen, den Aben⸗
2214 3360 3253 3406 teurern, e ſich in die Heerſchaar ſeines Sohnes einreihen
2214 3402 3252 3448 laſſen, fürddieſen Soldknecht⸗ oder Henkersdienſt die Abläſſe
2213 3446 3253 3492 zu verleihen, die an Bußübungen und Kirchengänge während
2214 3489 3252 3534 des Jubeljahres geknüpft waren; er muß es geſchehen laſſen
2214 3532 3253 3578 und findet kein Wort des Tadels, daß Cäſar ſeine Send⸗
2214 3574 3256 3619 linge nach Florenz ſchickt, um die Indulgenzgelder aus der
2214 3617 3257 3662 Jubiläumskaſſe zu beheben und ſie ſeiner Feldkaſſe einzu⸗
2214 3662 3257 3705 verleiben. Gräßlicher aus der Art geſchlagen ſtellt ſich uns
2213 3701 3259 3749 das Papſtthum in dem wechſelvollen Verlauf ſeiner Ge⸗
2214 3746 3258 3791 ſchichte ſelten, vielleicht nie wieder dar, und man muß nur
2213 3790 3256 3833 ſtaunen, wie es nach ſolchen Schlägen, die es ſich ſelbſt zu⸗
2214 3833 3256 3877 gefügt, immer wieder verjüngt, gekräftigt und geſtählt ſich
2214 3878 3257 3919 aufrichtete, wie es nach Ausſtreuung einer ſolchen Saat
2213 3921 2864 3964 immer wieder goldene Früchte erntete.
2298 3969 3256 4016 Mit Alexander VI. und dem letzten Jubeljahr des
2213 4015 3256 4058 Mittelalters ſchließt eine Epoche der Papſtgeſchichte ab,
2213 4057 3255 4101 gegen deren Wiederkehr fortſchreitende Geſittung und das
2213 4100 3253 4143 läuternde Feuer der Reformation einige Sicherung geboten
2213 4143 3253 4188 haben. Was uns jedoch die Zukunft an Papſtgeſtalten
2214 4186 3253 4229 bringen wird, wer weiß es? Wer kann, ſelbſt vom recht⸗
2214 4229 3251 4272 gläubigſten Standpunkt ausgehend, vor dem ja die Erwäh⸗
2212 4272 3252 4318 lung frommer Seelenhirten oder reißender Wölfe im Schafs⸗
2212 4315 3251 4359 pelze mit Recht als freier Willensentſchluß der Gottheit
2211 4358 3248 4404 gilt, es vorausſagen wollen? Wenn wir den ſchrecklichen
2213 4402 3248 4446 Alexander mit dem neunten Pius vergleichen, nicht im Hin⸗
2213 4443 3246 4488 blick auf Charakter und Geſinnung, die ſie um Himmelsweite
2214 4487 3245 4532 auseinander hält, ſondern in Erwägung der Folgen ihres
2213 4530 3245 4573 Thuns, der äußeren Wirkſamkeit als weltliche Herrſcher —
2215 4572 3245 4616 iſt dann der Unterſchied ein in Wahrheit ſo großer? Beide
2214 4616 3246 4658 hatten ihres Glückes Schiff an Frankreich gekettet; dem
2216 4660 3244 4701 Einen ſollten die Franzoſen behilflich ſein, dauernd die Größe
2217 4701 3244 4745 ſeiner Familie zu gründen, dem Andern den irdiſchen Be⸗
2217 4744 3245 4789 ſitz der Kirche zu retten. Es war ganz Verſchiedenes, was ſie
2217 4788 3242 4829 wollten, wie es in der Natur ſo grundverſchiedener Männer
2216 4830 3240 4874 liegt, und ſie hatten ihre Hoffnung doch auf Eines und das
2216 4870 3242 4916 Nämliche geſetzt. Die Geſchichte hat Beide gerichtet, ohne
2218 4913 3243 4960 Rückſicht auf Schuld oder Seelenadel, auf Verworfenheit
2218 4955 3240 5001 oder Lauterkeit der Abſicht; denn ſie iſt wie das Fatum der
2219 4995 3239 5045 Alten, das auch nicht die Herzen prüft und ſchonungslos über
2219 5037 3237 5085 die hinwegſchreitet, welche die Wahrheit nicht erkannt haben
2217 5078 3195 5127 zur rechten Stunde und im rechten Sinn. M. Br.
