2763 3576
123 200 384 247 1. Juli 1911.
836 211 1346 255 Illuſtrierte Kronen⸗Zeitung
1746 217 2107 268 Nr. 4130. Seite 3.
75 275 1093 320 Feuerwehr glücklich den Hof. Sein Zimmer war inzwiſchen
77 314 375 349 total ausgebrannt.
328 357 844 403 Die Rettung der Haustiere.
170 410 1094 452 Viel Mühe machte den Feuerwehrleuten die Rettungs
72 443 1093 487 der zahlreichen Hunde, Katzen und Vögel, die in den
73 480 1092 523 einzelnen Wohnungen gehalten wurden. Auch hier konnten die
72 514 1093 558 Mannſchaften erfolgreich eingreifen und ſchließlich einen
74 551 1092 593 ganzen Tierpark in Sicherheit bringen. Nur ein Hund
70 586 1092 629 büßte das Leben ein. Das Tier war in einem Zimmer ein⸗
70 622 1090 665 geſchloſſen und ſprang in ſeiner Angſt aus dem
70 657 782 696 dritten Stock in den Hof hinab.
337 703 808 746 Die Urſache des Brandes.
159 755 1088 797 Der Brand wurde nach mehrſtündiger Arbeit gelöſcht.
68 789 1088 832 Die Entſtehungsurſache ließ ſich noch nicht mit Be⸗
66 825 1088 868 ſtimmtheit feſtſtellen, doch wird angenommen, daß einige
65 861 1086 903 Kiſten mit Holzwolle, die im Erdgeſchoß unter der
69 896 1087 939 Holztreppe ſtanden, durch Selbſtentzündung in
65 933 321 967 Brand gerieten.
156 1003 999 1076 Ein neuer Cholerafall an Bord der
454 1074 703 1145 „Oceania“.
143 1150 1082 1198 An Bord des beim Seelazarett in Trieſt veranker⸗
64 1197 1084 1242 ten Dampfers „Oceania“ der Auſtro⸗Americana iſt ein
62 1242 1083 1290 neuer Cholerafall konſtatiert worden. Bekanntlich
65 1284 1081 1334 iſt der Dampfer am 24. v. M. in Trieſt angekommen,
63 1329 1081 1377 und knapp nach der Ankunft ſtarb an Bord des Dampfers
61 1374 1078 1424 die Reiſende Maria Brenner unter verdächtigen Er⸗
62 1419 1080 1468 ſcheinungen. Die bakteriologiſche Unterſuchung ergab
62 1464 1078 1512 aſiatiſche Cholera. Der Dampfer wurde nach
60 1509 1080 1557 dem Seelazarett geſchickt, wo alle Paſſagiere und die Be⸗
60 1555 1080 1601 ſatzung unter ärztliche Beobachtung geſtellt und an Bord
55 1601 1081 1646 und Ladung die notwendigen Desinfektionen vorgenom⸗
59 1645 299 1683 men wurden.
139 1688 1079 1737 Donnerstag nachmittags hätte der Dampfer aus der
57 1731 1075 1779 fünftägigen Beobachtung entlaſſen werden und die Er⸗
59 1776 1075 1821 laubnis zur Abfahrt erhalten ſollen; aber als Sanitäts⸗
53 1819 1073 1866 inſpektor Dr. Markhl in Sankt Bartholomä eintraf,
52 1865 1074 1911 wurde ihm gemeldet, daß eine Frau heftig
51 1910 1074 1955 fieberte und an Brechdurchfall litt. Die Kranke
55 1954 1074 1999 — es war die Reiſende Marie Soldan — wurde aus⸗
55 1999 1072 2046 geſchifft und ins Hoſpital des Lazaretts gebracht. Ihr
55 2044 1074 2090 Zuſtand ſoll ſehr ſchwer ſein. Die bakteriologi⸗
54 2090 1075 2136 ſche Unterſuchung ergab ebenfalls aſiatiſche Cho⸗
57 2135 1073 2181 lera. Die erſten Krankheitserſcheinungen hatten ſich an
50 2178 795 2224 der Patientin erſt tags zuvor gezeigt.
133 2225 1075 2271 Indeſſen wurde dem Dampfer die Erlaubnis zur
51 2268 1068 2314 Abfahrt entzogen, ſo daß er nun weitere fünf Tage im
49 2313 498 2356 Seelazarett bleiben muß.
279 2359 833 2410 Fliegen als Krankheitsträger?
131 2416 1070 2464 Auf Grund der gemachten Recherchen dürſte die
52 2462 1068 2512 Cholera ⸗ Infektion an Bord der „Oceania“
49 2509 650 2553 durch Fliegen geſchehen ſein.
197 2558 927 2608 Ein choleraverdächtiger Fall in Debrezin.
125 2616 1069 2658 In Debrezin ſollen, wie verlautet, der Staats⸗
50 2660 1066 2705 bahnlokomotivführer Georg Megyery und deſſen
54 2704 1065 2750 Gattin unter choleraverdächtigen Erſchei⸗
54 2750 1066 2796 nungen erkrankt ſein. Die Behörde traf ſofort die zur
51 2794 1067 2848 Hintanhaltung einer Verſchleppung der Seuche notwen⸗
54 2837 365 2888 digen Maßregeln.
206 2924 920 2995 Amerikaniſcher Rekordwahnſinn.
121 3002 981 3047 In einem Faß den Niagarafall durchſchwommen.
125 3053 1058 3098 Anders als „Wahnſinn“ kann man das Spielen mit
47 3093 1056 3147 dem Leben, wie es in Amerika üblich iſt, nicht nennen.
46 3136 1061 3192 Ein Bravourſtück, das gar keinen praktiſchen Wert hat,
45 3180 1057 3236 ſondern nur eine „Rekordleiſtung“ ſein ſoll, die bisher
48 3228 1057 3279 noch niemand vollbracht hat, ſollte als Verbrechen gegen
47 3267 988 3324 die Sicherheit des Lebens gerichtlich beſtraft werden.
117 3316 1058 3368 Den neueſten „Rekord“, der ihn beinahe das Leben
42 3355 1058 3416 gekoſtet hätte, ſtellte ein Herr Leach auf, der Don⸗
1096 2938 2107 2991 nerstag in einem Stahlfaß die Niagarafälle
1094 2978 2106 3036 durchſchwamm. Nachdem er drei Stunden lang im
1091 3023 2106 3079 Faß umhergeſchleudert worden war, fiſchte man ihn aus
1091 3068 2105 3123 dem Waſſer heraus. Man hielt ihn anfänglich für tot.
1092 3110 2106 3165 Er lebt jedoch und liegt nun beſinnungslos in
1092 3156 2106 3211 einem Hotel. Leach hat dieſes waghalſige Unter⸗
1090 3201 2107 3254 nehmen in einer eigens konſtruierten Tonne vorbereitet.
1088 3244 2106 3299 Sie beſteht aus dünnen, aber feſten Stahlplatten und iſt
1091 3286 2105 3343 innen gepolſtert. 300.000 Menſchen wohn⸗
1087 3330 1744 3377 ten dem aufregenden Schauſpiel bei.
2158 2958 2511 3036 Auskünfte.
2176 3062 2543 3102 E. T., Kurrentgaſſe.
2139 3098 2544 3140 Die geſchiedene Frau er⸗
2142 3135 2543 3177 hält einen Paß nicht.
2140 3173 2543 3213 Ein Mädchen in anderen
2139 3209 2540 3247 Umſtänden wird in Ame⸗
2141 3246 2540 3288 rika zur Einwanderung
2139 3280 2540 3323 nicht zugelaſſen, ſondern
2139 3319 2542 3361 muß mit dem nächſten
2136 3352 2520 3400 Schiff nach Oeſterrei
2136 3391 2243 3421 zurück.
1394 319 2313 406 Demolierung des „Feuerſpritzenhauſes“.
1623 2320 2040 2359 Die Hofſeite des Hauſes.
1205 2385 2540 2434 Wieder ſoll ein altes Wiener Gebäude der Demolierung anheimfallen, an welches
1108 2419 2542 2472 ſich die Erinnerung an ein in demſelben verübtes Verbrechen knüpft. Es iſt dies das
1110 2456 2548 2507 Haus Nr. 31 der Unteren Augartenſtraße, das ſogenannte „Feuerſpritzenhaus“,
1108 2492 2546 2543 für deſſen Umbau bereits um die Baulinienbeſtimmung angeſucht wurde. Wie ver⸗
1109 2526 2544 2582 lautet, ſoll ein Teil des Grundes für die Verlängerung der Leopoldsgaſſe verwendet
1110 2564 1228 2598 werden.
1203 2598 2542 2653 Das Feuerſpritzenhaus iſt ein Rieſengebäude mit einer Unzahl von Höfen und
1107 2632 2547 2691 Winkeln. Es wird von 118 Parteien mit etwa tauſend Perſonen bewohnt. Am
1110 2672 2549 2728 1. Februar des Jahres 1902 wurde die im Feuerſpritzenhauſe wohnhafte 84jährige
1108 2707 2542 2760 Tiſchlerswitwe Thekla Hegerhorſt ermordet aufgefunden. Als Täter wurde der
1109 2741 2542 2800 Motorführer Johann Frauſcher verhaftet, der von den Geſchwornen zum Tode
1109 2779 2531 2838 durch den Strang verurteilt wurde. Zur Exekution kam es nicht, denn die Todesſtraf
1107 2817 2173 2867 wurde im Gnadenwege in lebenslänglichen Kerker umgewandelt.
