2479 3508
113 213 204 236 Nr. 182
453 198 634 233 Wien, Samstag
969 199 1213 226 Arbeiter-Zeitung.
1567 198 1716 223 6. Juli 1895
1949 184 2044 222 Seite 9
88 276 726 307 deutſchen Sprachgebiet für einen Ausnahmszuſtand fordern?
87 299 730 331 (Lebhafter Beifall bei den Jungtſchechen.) Die ehrlichen, wirklich
86 322 733 353 freiheitliebenden Deutſchen in Böhmen haben nie nach
88 343 731 375 einem Ausnahmszuſtand gerufen, und es iſt das eine Aus⸗
87 365 731 397 flucht, welche die Regierung — nicht zur Ehre der
86 387 733 418 Deutſchen — hier gebraucht. (Beifall bei den Jungtſchechen.)
87 410 731 442 Merkwürdig iſt die Logik des Miniſters; die Prüfung daraus
89 434 733 463 hat er nicht glänzend beſtanden, vielleicht deswegen, weil er
89 454 732 485 mit dem Grafen Thun auf derſelben Schulbank ſaß. (Leb⸗
88 477 733 508 hafte Heiterkeit bei den Jungtſchechen.) Er hat die neue Theorie
87 500 733 531 aufgeſtellt, daß die Staatsgrundgeſetze nur für Männer von
89 521 733 552 24 Jahren da ſind. (Lebhafte Heiterkeit bei den Jungtſchechen.)
89 544 733 574 Jungen Männern unter 24 Jahren braucht man alſo die ſtaats⸗
90 565 734 598 grundgeſetzlich gewährleiſteten Rechte nicht zu geben. Ganz un⸗
91 587 734 621 begreiflich iſt es, daß der Miniſter trotz der mangelhaften Kenntniß
90 611 733 641 der Verhältniſſe in Böhmen nicht durch ein Ereigniß der letzten
90 632 735 664 Tage ſich davon überzeugt hat, daß der Ausnahmszuſtand gerade⸗
90 653 734 685 zu lächerlich iſt. In Prag fand dieſer Tage eine großartige
88 677 735 707 Sokolfeier ſtatt: 200.000 Menſchen waren in den Straßen, und
92 697 735 729 weil ſich die Polizei nicht einmiſchte (Beifall bei
91 720 737 752 den Jungtſchechen), war die größte Ruhe und eine
91 740 737 773 muſterhafte Ordnung. (Erneuerter Beifall bei den Jung⸗
90 764 736 796 tſchechen.) Gerade dieſer Umſtand iſt Zeugniß dafür, daß es
86 787 736 818 ein Verbrechen am Anſehen des Staates iſt, den
92 809 737 840 Ausnahmszuſtand in Prag aufrechtzuerhalten.
91 832 736 863 (Lebhafter Beifall und Händeklatſchen bei den Jungtſchechen.)
92 856 735 886 Der Ausnahmszuſtand in Prag war keine Staatsnothwendigkeit,
91 876 737 908 er war nichts anderes als eine unkluge Ranküne gegen unſere
90 897 736 930 Partei. (Beifall bei den Jungtſchechen.) Der Miniſter des Innern
92 920 737 952 meinte, die Jugend möge national ſein, mit den Dichtern und der
89 942 735 974 Literatur ſich beſchäftigen. In Böhmen iſt man ſo liebens⸗
92 964 735 997 würdig nicht. In Cicovic wollten in einer ganz kleinen
94 987 736 1017 Gemeinde mit vier oder fünf Anweſen die jungen Leute
92 1008 734 1041 tanzen lernen. Das wurde ihnen von der Bezirkshaupt⸗
86 1031 737 1060 mannſchaft Smichow auf Grund des Ausnahmszuſtandes mit
93 1052 736 1084 Rückſicht auf die öffentliche Ruhe verboten. (Leb⸗
94 1075 736 1108 hafte Heiterkeit und Rufe: Hört! Hört! bei den Jungtſchechen.)
95 1097 735 1129 Daß ſich die Jugend von Politik vollſtändig fernhalte, iſt abſolut
93 1121 737 1152 nicht möglich, wenn ſie das Nationalgefühl pflegen ſoll, weil jede
96 1141 738 1173 nationale Frage in Oeſterreich mit der politiſchen innig verknüpft
90 1164 737 1194 iſt. Neben der politiſchen Politik ſpielt aber auch die ſoziale
93 1186 739 1217 Politik eine große Rolle, und man kann doch nicht behaupten, daß
91 1209 649 1240 die Jugend ſich mit dieſen Fragen nicht beſchäftigen ſoll.
153 1230 739 1261 Das Spitzelweſen geht in Prag ſo weit, daß extra
93 1252 738 1284 Spitzel ins Kaffeehaus geſchickt werden,
94 1275 737 1304 wo die böhmiſchen Landtagsabgeordneten
95 1295 737 1327 genöthigt ſind, ihr Frühſtück zu nehmen.
96 1318 737 1349 (Stürmiſche Rufe bei den Jungtſchechen: Hört! Hört! — Ab⸗
96 1340 738 1373 geordneter Dr. Brzorad: Einen mußten wir hinauswerfen.
96 1362 737 1395 Lebhafte Heiterkeit.) Daß in jeder Gerichtsverhandlung gegen die
98 1385 737 1417 ſogenannten unruhigen Elemente die Hauptrolle die Agents
93 1407 738 1438 provocateurs ſpielen, iſt kein gutes Zeichen für den edlen
95 1428 739 1460 Charakter des Grafen Thun. (Lebhafte Zuſtimmung bei den Jung⸗
95 1450 741 1482 tſchechen.) Bei der Vorſtellung des Fräulein Pospiſchil, für
95 1473 740 1505 welche ſich Graf Thun mit ſeinem gewohnten Edelſinn eingeſetzt
100 1496 740 1528 hat (Abgeordneter Dr. Brzorad: Er hat mehrere
99 1518 741 1548 ſolche Edelſinne!) wurden mehrere junge Leute, darunter
100 1540 742 1571 ein Techniker Skokan, wegen Pfeifens verhaftet. Wenn das ein
98 1561 742 1593 Verbrechen iſt, ſo müßte man manchesmal ganz Italien einſperren.
99 1584 741 1616 Dieſe günſtige Gelegenheit benützte aber die überweiſe Prager
98 1608 742 1639 Polizei, um ganz ruhig ohne richterlichen Befehl nicht durch
100 1629 742 1659 polizeiliche Beamte, ſondern durch ganz gewöhnliche Geheim⸗
101 1650 743 1682 agenten (Hört! Hört! bei den Jungtſchechen) bei dieſem Manne
102 1672 740 1702 eine Hausdurchſuchung vorzunehmen. Sie
102 1694 744 1726 haben nichts gefunden als eine Viſitkarte mit dem Namen eines
104 1716 743 1748 gewiſſen Mediziners Hrdlicka, und dieſe Karte genügte der
103 1738 744 1770 Polizei, um ebenſo ohne richterlichen Befehl in der Wohnung des
102 1760 744 1792 Hrdlicka eine Hausdurchſuchung vorzunehmen.
103 1781 746 1814 (Stürmiſche Rufe bei den Jungtſchechen: Hört! Hört! Skandal!
101 1806 746 1838 Abgeordneter Dr. Brzorad: Das iſt ja ein Verbrechen!) Da iſt es doch
101 1828 745 1860 eine Bonhomie ſeitens des Miniſters des Innern, wenn er
102 1849 745 1882 ſagt, daß in Prag eigentlich gar nichts vorgeht. Die Polizei fühlt
102 1872 744 1902 aber manchmal doch auch, daß ſie zu viel gethan hat, namentlich
103 1894 745 1926 die rechte Hand des Grafen Thun, der Polizeikommiſſär Olic.
104 1915 749 1948 (Rufe bei den Jungtſchechen: Das iſt auch ein edler Mann!)
105 1936 746 1969 Er ließ den Vater des Technikers, der ſich bereits eine Beſchwerde⸗
104 1960 746 1991 ſchrift von einem Advokaten aufſetzen ließ, zu ſich berufen und
104 1984 747 2013 überredete ihn eine Stunde lang mit allen den
105 2005 748 2033 Mitteln, die zu ſeiner Spezialität gehören, bis
102 2027 746 2060 ſich endlich der arme Mann entſchloß, ſeine Be⸗
104 2048 746 2081 ſchwerde zurückzunehmen. (Abgeordneter Formanek:
105 2071 746 2102 Das hat Graf Thun dem Olic telephonirt!) In Prag exiſtirt ein
104 2093 746 2125 ſtudentiſches Konſortium, welches die beſten Sachen aus der Welt⸗
104 2115 746 2147 literatur herausgibt. In der Ausſtellung der literariſchen Er⸗
102 2137 747 2170 zeugniſſe des böhmiſchen Volkes hat es in einem ſeparaten
103 2159 747 2190 verſchloſſenen Kaſten nichts ausgeſtellt, als die Bücher, welche es
102 2181 747 2214 herausgegeben hat, beziehungsweiſe die Titel. Da einmal niemand
103 2204 746 2237 von den Herausgebern zugegen war, benützte ein Polizeikommiſſär
103 2226 745 2259 die Gelegenheit, ließ durch einen Schloſſer den Kaſten aufſperren
104 2248 747 2280 und einige Bücher daraus entfernen. (Lebhafte Rufe: Hört! Hört!
99 2271 747 2303 bei den Jungtſchechen. — Abgeordneter Sokol: Das iſt eine
105 2293 748 2324 öſterreichiſche Gewaltthat!) Der Miniſterpräſident verſicherte,
106 2314 749 2345 Graf Thun ſei ein edler Charakter durch und durch, von
106 2336 748 2367 Brutalität ſei bei ihm keine Spur. (Abgeordneter Dr. Brzorad:
109 2358 749 2390 Er iſt ganz brutal!) Ich will wegen dieſes Ausdruckes ihm
106 2381 748 2413 perſönlich nichts nachtragen. Er zeigt nur ſeine Herzensgüte.
107 2403 750 2437 Es iſt aber zu befürchten, daß ſehr viele Leute, namentlich in
106 2425 751 2457 Böhmen, wo man den Grafen Thun ſo gründlich kennt,
108 2447 752 2482 in Folge deſſen über den Herrn Miniſterpräſidenten ein Urtheil
105 2472 752 2502 haben werden, welches in der gegenwärtigen Zeit hervorzurufen
103 2492 751 2524 nicht nothwendig war. (Zuſtimmung bei den Jungtſchechen.) Bei
110 2515 752 2547 uns iſt allgemein die gewiſſe Reſerve, die wir hier einge⸗
109 2537 750 2571 nommen haben, gebilligt worden. Wenn der Miniſterpräſident als
107 2559 752 2593 Vorgeſetzter des Grafen Thun einige Worte zu ſeiner Vertheidigung
108 2581 752 2616 hätte ſagen müſſen, ſo hätten wir das vielleicht als Sache der
109 2603 756 2635 Beamtenhierarchie anerkannt, aber niemand wird bei uns be⸗
110 2625 753 2662 greifen, daß er es nothwendig hatte, ſich hier ſo oſtentativ
113 2647 754 2681 als Freund des Grafen Thun auszurufen und ſeinen edlen
113 2668 754 2702 Charakter ſo zu preiſen, wie nicht einmal Marquis Bacquehem
112 2691 753 2725 es gethan hat. (Lebhafter Beifall und Händeklatſchen bei den
110 2723 251 2749 Jungtſchechen.)
176 2741 753 2773 Iſt Graf Thun wirklich ſo edel? (Abgeordneter Purg⸗
112 2763 755 2797 hart: Das iſt in den Kerkern zu ſehen!) Wenn der
112 2784 758 2819 ganze Omladinaprozeß gerecht war, ſo waren ſicherlich die harten
113 2807 759 2841 Strafen ungerecht, und noch ungerechter, wie im Gefängniß
117 2830 757 2863 mit den jungen Leuten umgegangen wird. (Zuſtimmung bei
112 2851 757 2888 den Jungtſchechen. — Abgeordneter Dr. Brzorad: Das hat
112 2876 758 2913 Thun am Gewiſſen!) Die 29.000 Menſchen, von denen geſtern
114 2898 761 2936 geſprochen wurde, werden diejenigen nicht aufwiegen, welche in
114 2922 761 2960 Folge der Behandlung im Strafhauſe ge⸗
114 2942 760 2984 ſtorben ſind. (Lebhafter Beifall bei den Jungtſchechen.) Zeigt
118 2964 759 3001 es einen ſo edlen Charakter, wenn er die Mittelſchul⸗
120 2985 762 3023 direktoren von Prag, die aus Anlaß des Ablebens des Erz⸗
120 3006 762 3050 herzogs Albrecht zu ihm kamen, um ihr inniges und offenes Mit⸗
122 3031 763 3072 gefühl auszuſprechen, mit den Schlußworten anfährt: Und
121 3054 765 3094 wer nicht parirt, dem wird das Genick ge⸗
121 3073 767 3118 brochen! (Stürmiſche Rufe bei den Jungtſchechen: Hört!
120 3095 768 3143 Hört! — Abgeordneter Dr. Brzorad: Das iſt das Ver⸗
125 3115 769 3165 brechen der öffentlichen Gewaltthätigkeit!)
125 3141 771 3190 Graf Kielmansegg hätte beſſer gethan, ſich zuerſt die Protokolle
126 3164 771 3211 und Akten durchzuleſen. Graf Thun braucht ſich aber bei ihm
127 3187 772 3238 nicht beſonders zu bedanken. Graf Kielmansegg hat keine anderen
126 3208 771 3260 Tugenden an ihm entdecken können, als ſein ausgeprägtes dynaſti⸗
129 3231 775 3280 ſches und patriotiſches Gefühl. Wenn ich Statthalter in Böhmen
129 3252 775 3302 wäre, würde ich mich bedanken, daß ein Miniſter an mir
131 3275 777 3322 kein anderes Verdienſt findet. Das iſt ja die allererſte Vor⸗
133 3296 779 3345 ausſetzung eines kaiſerlichen Beamten, daß er wenigſtens
133 3321 776 3369 patriotiſch und dynaſtiſch iſt. Damit noch herumzuflunkern,
757 265 1393 298 wie mit einer beſonderen Eigenſchaft, für welche Prag und
755 288 1393 319 Böhmen verdienen, im Ausnahmszuſtand gehalten zu werden, iſt
755 312 1395 342 unbegreiflich. Und dieſe Kontrapoſition des Patriotismus
756 334 1395 364 des Grafen Thun gegen unſeren Patriotismus iſt geradezu beleidi⸗
757 357 1397 387 gend. (Lebhafte Zuſtimmung bei den Jungtſchechen.) Wir nehmen
757 379 1394 408 von niemandem eine Belehrung über den Patriotismus an, auch
755 399 1395 431 nicht von einem Patrioten von vorgeſtern. (Zuſtimmung bei den
757 423 1394 456 Jungtſchechen. — Abgeordneter Dr. Brzorad: Aus Hanno⸗
757 446 1395 473 ver.) Das böhmiſche Volk hat nie eine Revolution gegen die
757 467 1396 497 Dynaſtie gemacht, ſondern nur der Adel. Und wie
758 490 1395 519 war es im Jahre 1866, als die berühmten Proklamationen an das
759 513 1394 541 böhmiſche Volk erſchienen ſind? (Lebhafte Zuſtimmung bei den
758 534 1395 566 Jungtſchechen.) Dieſes treue und opferwillige böhmiſche Volk ver⸗
759 556 1395 585 dient etwas anderes als Belehrungen über den Patriotismus
759 581 1112 608 ſeitens der öſterreichiſchen Regierung.
822 600 1399 630 Ich begreife ganz gut, daß ein Parteiminiſter es noth⸗
758 622 1395 651 wendig hat, ſich nach oben ſchön zu machen und mit ſeinem Patriotismus
760 646 1396 674 herumzuflunkern, aber daß ein Beamtenminiſter auch ſolche Kontra⸗
759 666 1396 695 poſitionen mit dem Patriotismus macht, iſt geradezu unbegreif⸗
760 690 1397 718 lich und unerhört. (Zuſtimmung bei den Jungtſchechen.)
759 710 1396 740 Ein Volk, wie das böhmiſche, welches alle Vortheile einer Partei⸗
761 732 1396 763 konſtellation, welche ein Miniſterium eigentlich von ſich weg⸗
760 755 1396 783 weist, nur deswegen, weil es treu bleibt ſeinem ſtaatsrechtlichen
760 778 1398 806 Programm — und das iſt die Königskrone — ein ſolches Volk
761 799 1400 829 kann auch ſeine Jugend nicht anders erziehen. Dafür bekommen
762 821 1399 850 wir die famoſen Schulerläſſe, und bei uns wird der Patriotismus
761 843 1399 875 dadurch gepflegt, daß die armen Kinder Strophen der Volks⸗
762 865 1401 895 hymne auswendig lernen müſſen. Die Hauptſache ſind die
761 889 1399 918 ſchwarz⸗gelben Fahnen. Graf Thun macht in der
763 909 1400 940 Ehrung der ſchwarz⸗gelben Fahnen alles, was man machen
761 934 1401 961 kann. Nicht nur, daß er ſie auf jedes Schulgebäude aufhängt,
759 955 1401 985 er gibt ſogar den Ballettänzerinnen Kränze
762 975 1402 1005 mit ſchwarz⸗gelben Fahnen. (Lebhafte Heiterkeit bei
764 997 1403 1029 den Jungtſchechen.) Der Patriotismus läßt ſich durch das Lehren
763 1020 1403 1050 von ein paar Strophen nicht einpeitſchen, und es wird der
764 1044 1402 1070 Patriotismus durch das Syſtem des Grafen Thun aus der
763 1063 1402 1096 Jugend geradezu ausgetrieben. (Beifall bei den Jungtſchechen.)
764 1086 1403 1118 Wenn Sie ſich über die Zuſtände beklagen, ſo ſchieben ſie nicht
764 1107 1404 1137 die Schuld auf das wirklich dynaſtiſch und königstreu geſinnte
766 1130 1404 1160 böhmiſche Volk, ſondern auf denjenigen, welcher den
764 1151 1402 1181 neuen Patriotismus in Böhmen predigt. (Beifall bei den
762 1174 1403 1205 Jungtſchechen.) Wir ſtehen unentwegt auf dem, was uns Palacky
764 1196 1403 1227 für unſere Nation vorgezeichnet hat. Wir haben die Zuverſicht und
765 1218 1404 1247 den feſten Glauben an unſer Volksthum, wir fürchten nicht die
762 1240 1404 1273 Zukunft, und in dieſem Sinne unterſchreiben wir vollſtändig den
766 1262 1405 1292 Ausſpruch Palacky's: Wir waren vor Oeſterreich und wir wer⸗
763 1283 1404 1314 den nach Oeſterreich ſein. (Lebhafter Beifall und Händeklatſchen
766 1304 1405 1337 bei den Jungtſchechen.) Aber ebenſo unterſchreiben wir die Worte
765 1328 1405 1358 Palacky's, daß, wenn Oeſterreich nicht wäre, es erfunden werden
768 1351 1405 1380 müßte. Aber wir bitten nur, daß man uns dieſen königstreuen
766 1372 1405 1405 Patriotismus läßt, und daß man uns nicht einen neuen Patriotis⸗
766 1395 1405 1426 mus einimpfe, einen zisleithaniſchen, den wir nicht kennen und
767 1417 1406 1447 nie kennen werden. (Lebhafter Beifall und Händeklatſchen bei den
767 1439 1406 1470 Jungtſchechen. Redner wird von ſeinen Parteigenoſſen beglück⸗
768 1467 851 1492 wünſcht.)
834 1484 1407 1514 Abgeordneter Dr. Rutowski (Generalredner pro) begrüßt
768 1507 1408 1535 die vom Miniſter in Ausſicht genommene Reform auf dem Gebiete
769 1527 1412 1559 des Sanitätsweſens und dankt ihm für die verſprochene Erhöhung
769 1551 1255 1580 des Standes der politiſchen Behörden in Galizien.
835 1572 1359 1602 Es folgt eine Reihe von thatſächlichen Berichtigungen.
831 1594 1411 1625 Abgeordneter Dr. Dworſchak bemerkt, daß dem Miniſter
770 1616 1410 1648 des Innern der ſonderbare Lapſus zugeſtoßen ſei, daß er ſich gegen
769 1640 1409 1669 Behauptungen gewendet, welche Redner gar nicht vorgebracht, ja
769 1661 1409 1691 die ſich auf Gegenſtände beziehen, die er nicht einmal berührt hat.
770 1682 1411 1713 (Hört! Hört! bei den Jungtſchechen.) Die Daten über die
771 1704 1411 1734 ſanitären Verhältniſſe aber, welche der Miniſter anführte,
771 1727 1412 1757 ſeien zum Theil wörtlich gleichlautend mit den vom Redner
772 1748 1411 1778 in ſeiner Rede vom 11. April des vorigen Jahres vorgebrachten,
772 1771 1412 1801 da ſie der gleichen Quelle entnommen ſeien.
771 1792 1412 1824 Zwiſchen den Anſchauungen des Miniſters und denen des Redners
774 1815 1411 1846 beſtehe nur der einzige Unterſchied, daß der Miniſter alle auf dem
773 1837 1412 1868 Gebiete des Sanitätsweſens erzielten Erfolge einem adminiſtrativen
772 1862 1412 1889 politiſchen Beamten, einem Statthalter, vindizirte, während ſie
773 1881 1415 1911 ausſchließlich der aufopfernden Thätigkeit des ärztlichen Perſonals
773 1903 1413 1935 zuzuſchreiben ſind, von welchem ſchon eine ganze Reihe im Kampfe
774 1925 1415 1957 gegen Epidemien ihre Pflichttreue genügend erwieſen und die
773 1948 1415 1980 erzielten Erfolge durch einen Heldentod gekrönt hat. Wenn der
774 1970 1416 2000 Miniſter über die politiſchen Verhältniſſe in Böhmen keine beſſeren
775 1991 1411 2024 und glaubwürdigeren Informationen ſich zu verſchaffen wußte, ſo
775 2014 1411 2047 mußte er ſich auf große Differenzen zwiſchen ſeiner Regierung
775 2036 1414 2067 und dem böhmiſchen Volke gefaßt machen. (Beifall bei den
775 2067 915 2091 Jungtſchechen.)
841 2081 1415 2109 Berichterſtatter Dr. Kathrein verzichtet auf das
776 2105 1185 2134 Schlußwort. (Heiterkeit und Beifall.)
841 2125 1415 2154 Bei der Abſtimmung werden die Verhandlung geſtandenen
776 2147 1417 2178 Titel des Miniſteriums des Innern ſowie die vom Ausſchuſſe
777 2169 1417 2200 hiezu beantragten Reſolutionen angenommen. Hierauf werden die
775 2191 1415 2221 Titel „Staatsbaudienſt“, „Straßenbau“, „Waſſerbau“ und
777 2214 1415 2244 „Neubauten der politiſchen Verwaltung“ in Verhandlung gezogen.
841 2241 1417 2271 Abgeordneter Formanek beſpricht die Nothwendigkeit
777 2263 1417 2295 der Regulirung und Schiffbarmachung der oberen Elbe, indem er
777 2285 1415 2316 auf die zahlreichen großen Ueberſchwemmungen, die dort ſtatt⸗
777 2315 931 2338 finden, verweist.
842 2329 1417 2358 Abgeordneter Kaftan beſpricht die Wichtigkeit der Waſſer⸗
778 2351 1417 2382 ſtraßen. Fünf Jahre hat im ganzen der Bau des Nord⸗Oſtſee⸗
778 2373 1417 2404 Kanals in Anſpruch genommen. Bei uns genügen fünf Jahre
779 2396 1417 2427 nicht, um ein Projekt für einen Umſchlagplatz des Prager Hafens
778 2421 1418 2450 in Holleſchowitz auszuarbeiten. Die Durchſchleuſung von Prag,
780 2440 1419 2472 welche in fünf Jahren vollendet ſein ſollte, iſt, obſchon die fünf
778 2463 1420 2495 Jahre abgelaufen ſind, noch nicht einmal begonnen. Er erwartet,
779 2485 1418 2515 daß der Miniſter des Innern mit Energie und mit Wohlwollen
779 2506 1418 2538 an die Aufgabe herantreten werde, die Moldau und die Elbe von
780 2533 1082 2560 Auſſig bis Prag zu kanaliſiren.
846 2551 1420 2582 Abgeordneter Kaiſer beſpricht die wirthſchaftliche Bedeutung
781 2574 1422 2607 gut organiſirter Straßen und empfiehlt eine Aenderung der
782 2599 1110 2627 Straßenorganiſation in Schleſien.
846 2618 1421 2648 Abgeordneter Morre ſchildert den bisherigen Verlauf der
782 2639 1419 2670 Murregulirungsarbeiten. Redner habe in dieſer Angelegenheit
782 2663 1419 2692 bereits im Dezember vorigen Jahres die Regierung interpellirt.
783 2684 1420 2714 Er ſei damals von einem Miniſter zum anderen gegangen, um
783 2704 1420 2738 für Radkersburg zu bitten, und da er nicht ein verdrießlicher Menſch
783 2728 1421 2760 ſei (Heiterkeit), wolle er den gleichen Weg wieder machen. Wenn das
784 2750 1422 2782 aber immer ſo fortgeht und immer andere Miniſter kommen, ehe
785 2773 1420 2803 etwas erledigt wird, werde ſelbſt der Muthigſte entmuthigt. (Heiterkeit.)
784 2793 1422 2823 Wenn ich einmal in den Himmel komme, ſagt Redner, ſo werde
786 2818 1422 2847 ich unſerem Herrgott die Geſchichte erzählen, wie es da zugeht,
786 2840 1422 2867 damit der alte Herr auch einmal etwas zu lachen hat. (Heiterkeit.)
785 2861 1424 2892 Was würden Sie ſagen, wenn unſer Finanzminiſter zum erſten
788 2882 1425 2912 beſten Dienſtmann gehen und ihm ſagen würde: „Sie, können S'
785 2904 1425 2936 mir nicht drei Kreuzer leihen, daß ich mir zwei Inländer kaufen
787 2927 1425 2958 kann?“ (Lebhafte Heiterkeit.) Ganz ſo geht es bei der Mur⸗
787 2949 1425 2979 regulirung. Dort iſt eine kleine Gemeinde beſtehend nur aus
789 2970 1425 2999 kleinen Häuslern, deren ganzer Reichthum in vielen Kindern
792 2991 1425 3022 beſteht (Heiterkeit), welche bekanntlich freſſendes Kapital ſind.
790 3013 1426 3046 Dieſer Gemeinde drohte das Unglück, daß ihr ein großes Stück
791 3036 1426 3068 Wieſengrund weggeriſſen wurde, und es wurden die nöthigen
793 3058 1425 3091 Schritte unternommen, damit man mit den Schutzbauten beginne.
793 3080 1427 3111 Da erklärten die Behörden: Wir ſind bereit, das zu thun, aber
796 3102 1425 3135 die Gemeinde muß uns 2000 fl. unverzinslich vorſchießen. Die
796 3123 1424 3156 arme Gemeinde muß dem Kaiſerthum Oeſterreich 2000 fl. vor⸗
797 3149 1423 3180 ſchießen! Wenn unſer Herrgott das von uns erfährt, wird er lachen
798 3169 1423 3202 darüber, was er für Ebenbilder auf dieſer Welt zurückgelaſſen hat.
797 3194 1424 3225 (Lebhafte Heiterkeit.) Bei jedem Hochwaſſer bildet nur der Markt
799 3214 1423 3246 von Radkersburg eine trockene Inſel, auf der man ſich bewegen
799 3236 1421 3268 kann. Eine Verjauchung und Verſumpfung des Ortes muß ein⸗
800 3259 1424 3289 treten. Laibach wurde von einem unvorhergeſehenen Ereigniß
801 3281 1424 3317 heimgeſucht. In Radkersburg iſt aber das Unglück vorauszuſehen
800 3304 1422 3337 und die Bewohner dieſer ſchwergeprüften Stadt müſſen zu
1420 263 2064 291 Bettlern werden. Es geht aber nicht an, daß wir alles dem
1419 285 2062 314 Almoſen überlaſſen. Heute ſchämen ſich nicht einmal die Hoch⸗
1422 307 2064 338 geſtellten, auch die hohen Adeligen nicht, betteln zu gehen, aller⸗
1422 331 2064 359 dings für wohlthätige Zwecke. (Abgeordneter Dr. Scheicher:
1422 351 2064 380 Um einen Orden zu kriegen!) Wenn ſo eine Comteſſe oder ein
1422 373 2065 405 ſchönes Fräulein irgendwo bei einem Bazar Blumen verkauft, iſt
1422 396 2064 423 ſie mehr als eine Blumenverkäuferin? Könnte ſie ſich deſſen nicht
1423 417 2065 448 entſchlagen, wenn ſie ſagen würde: Ehe ich meine Perſon ſo an
1423 442 2068 468 die Oeffentlichkeit ſtelle, zahle ich lieber den Betrag,
1423 461 2067 493 den ich verdienen werde? (Heiterkeit.) Aber es iſt einmal
1423 484 2065 514 ſo. Wenn einer eine Tanzunterhaltung geben will, fragt er nicht,
1422 506 2066 537 wo Tanzluſtige ſind, ſondern er fragt, wo ein Unglück geſchehen
1424 528 2064 558 iſt, damit er ein Wohlthätigkeitskränzchen veranſtalten kann. (Heiter⸗
1424 550 2067 580 keit.) Wir ſind ſo geſchäftsmäßige Bettler geworden,
1424 574 2068 602 daß wir eingeſperrt werden ſollten. (Lebhafte Heiterkeit.) Redner
1424 601 1928 624 erſucht das Haus, ſeine Reſolution zu unterſtützen.
1489 618 2068 647 Abgeordneter Dr. Schorn empfiehlt die Herſtellung der
1424 639 2067 669 Iſelthalſtraße unter Hinweis auf die große Bedeutung derſelben
1424 662 2023 691 für den Verkehr und beantragt eine diesbezügliche Reſolution.
1490 682 2068 712 Abgeordneter Hauck überreicht folgenden Reſolutions⸗
1427 704 2069 736 antrag: Die Regierung wird aufgefordert. Verſuche in der
1426 727 2072 757 Richtung anſtellen zu laſſen, ob der Gefahr, in welcher
1426 749 2073 779 die Caiſſonarbeiter ſchweben, nicht dadurch zu
1427 771 2070 803 begegnen wäre, daß dieſelben mit Anzügen nach jener Art, in
1428 793 2071 824 welcher die Taucher ausgerüſtet werden (heute mit Hilfe des
1428 816 2071 847 Aluminiums minder gewichtig herzuſtellen), verſehen würden, welche
1428 838 2072 868 es geſtatten, friſche Luft ohne Ueberdruck einzuathmen und auch
1426 865 1955 890 ohne Ueberwindung von höherem Druck auszuathmen.
1495 881 2074 912 Abgeordneter Dr. Forſcht (Generalredner contra) bezeichnet
1430 903 2074 935 die Indolenz der Regierung in Bezug auf die Waſſerſtraßenpolitik,
1430 927 2072 957 den Mangel an ſyſtematiſcher Initiative als die Haupturſache der
1430 948 2074 980 geringen Fortſchritte auf dieſem Gebiete. Der Hafenbau in Prag
1431 970 2075 999 iſt ein öſterreichiſcher Skandal. Wenn es noch eines Beweiſes für
1431 992 2074 1023 die ſtiefmütterliche Behandlung Böhmens in volkswirthſchaftlicher
1430 1014 2075 1044 Hinſicht bedürfte, ſo wäre er durch die Errichtung des Froſchbaſſins
1431 1040 1765 1066 in Holleſchowitz erbracht. (Beifall.)
1498 1058 2073 1088 Abgeordneter Dr. Funke (Generalredner pro) tritt für die
1432 1080 2073 1111 Kanaliſirung der Flußſtrecke Prag⸗Auſſig ein, indem er bemerkt,
1432 1102 2075 1132 daß ſo wichtige Unternehmungen mit der größten Schnelligkeit
1432 1124 2078 1154 durchgeführt und überhaupt nicht mit der kritiſchen Sonde von
1433 1145 2075 1176 Rentabilitätsberechnungen unterſucht werden müſſen. Die Schuld
1435 1168 2076 1198 an dem langſamen Fortſchritt erblickt er jedoch im Gegenſatze zum
1434 1191 2076 1221 Vorredner in dem Mangel einer ſtarken zentraliſtiſchen Leitung.
1433 1219 1515 1241 (Beifall.)
1497 1234 2076 1264 Berichterſtatter Dr. Kathrein verzichtet auf das
1434 1262 1594 1286 Schlußwort.
1499 1278 2075 1309 Die in Verhandlung geſtandenen Titel werden hierauf
1433 1301 2075 1331 ſammt den vom Ausſchuß beantragten Reſolutionen angenommen
1433 1322 2079 1352 und ſodann Kapitel VIII („Miniſterium für Landesvertheidi⸗
1435 1344 2077 1376 gung“) in Verhandlung gezogen. (Berichterſtatter: Freiherr
1434 1372 1600 1397 v. Schwegel.)
1501 1389 2078 1419 Abgeordneter Formanek beklagt ſich über die ſchlechte
1436 1414 2078 1442 Behandlung kranker Soldaten und die Ueberanſtrengung
1434 1436 2078 1465 der Reſerviſten bei den Waffenübungen. Er wünſcht, daß das
1437 1457 2073 1486 Einrücken der Rekruten zum Militärdienſt vom 1. Oktober an
1437 1479 1982 1508 den 1. Dezember, eventuell 1. November verlegt werde.
1498 1500 2080 1531 Abgeordneter Steiner plaidirt für eine Reform des
1437 1521 2081 1553 Militärtaxgeſetzes: insbeſondere für die Gemeinde Wien
1437 1544 2082 1575 ſei die Einhebung der Militärtaxe eine empfindliche Belaſtung.
1439 1566 2081 1596 Er wünſcht eine Progreſſion der Militärtaxe. Sodann ſpricht
1437 1588 2079 1617 Redner den Wunſch aus, daß während der Erntezeit Be⸗
1436 1612 2082 1638 urlaubungen von Soldaten ſtattfinden ſollen,
1438 1631 2082 1662 und klagt über die großen Strapazen bei den Manövern. Die
1438 1653 2084 1682 Manöver des Jahres 1885, die Redner ſelbſt mitgemacht habe,
1439 1676 2082 1706 ſeien für ihn ärger geweſen als ſein Aufenthalt in Bosnien und
1439 1697 2083 1728 der Herzegowina. Bei den Waldviertler Manövern ſeien ſogar
1440 1720 2083 1750 viele Soldaten in Folge der Strapazen mit Tod ab⸗
1441 1742 2083 1773 gegangen. Weiter bedauert Redner, daß für das Nachtmahl
1440 1765 2083 1793 der Soldaten noch immer kein Geld vorhanden ſei, während man
1439 1787 2084 1818 für neue Gewehre, neue Uniformen, neue Schiffe und neue
1440 1807 2085 1839 Kanonen immer Geld habe. Er klagt auch darüber, daß beim
1441 1831 2085 1861 Militär die Sonntagsruhe nicht beachtet werde. So mußten zum
1441 1852 2085 1883 Beiſpiel in Iglau die Landwehrtruppen Pfingſtſonntag und Pfingſt⸗
1441 1875 2086 1905 montag Vormittags exerzieren. Schließlich befürwortet Redner
1442 1896 2085 1927 eine humanere Behandlung der zu Waffenübungen einberufenen
1442 1922 1907 1948 Mannſchaft. (Bravo! auf der äußerſten Linken.)
1509 1942 1934 1971 Die Verhandlung wird ſodann abgebrochen.
1507 1963 2089 1993 Abgeordneter Dr. Waibel und Genoſſen interpelliren den
1444 1985 2091 2014 Miniſter des Innern in Betreff eines Vorganges bei der
1444 2007 2088 2037 Arbeiterunfallverſicherungsanſtalt in Salzburg.
1510 2029 2088 2059 Abgeordneter Hajek und Genoſſen interpelliren den
1444 2052 2088 2082 proviſoriſchen Vorſitzenden im Miniſterrath über das ſeitens des
1444 2074 2087 2104 Bezirkshauptmannes in Piſek ergangene Verbot eines zum
1445 2099 1940 2126 Gedenktag an Hus abzuhaltenden Vortrages.
1509 2118 2088 2149 Nächſte Sitzung morgen, Samstag, den 6. d., um
1446 2140 2090 2171 10 Uhr Vormittags. Tagesordnung: Fortſetzung der Spezial⸗
1445 2162 2091 2192 debatte über das Budget, und zwar über Kapitel „Landesver⸗
1444 2184 2087 2215 theidigungsminiſterium“ und „Miniſterium für Kultus und
1444 2214 1551 2235 Unterricht.“
1512 2233 1886 2259 Schluß der Sitzung ¼ 6 Uhr Abends.
1696 2296 1841 2337 Inland.
1513 2339 2089 2370 Wien, 5. Juli. [Die Vereinigte Linke und
1445 2364 2093 2400 Herr v. Plener.] Das Schreiben, womit Herr v. Plener
1446 2389 2091 2423 ſeine Mandatsniederlegung der Vereinigten Linken mittheilt,
1447 2427 1518 2450 lautet:
1513 2439 2091 2473 Das gegenwärtige Scheitern der Koalition der gemäßigten
1446 2464 2093 2496 Parteien, einer politiſchen Idee, für die ich in den letzten andert⸗
1448 2485 2097 2517 halb Jahren mit allem Nachdruck eingetreten bin, läßt es mir
1447 2511 2094 2539 räthlich erſcheinen, mich von der parlamentariſchen Thätigkeit zurück⸗
1448 2534 1957 2561 zuziehen, und lege ich deshalb mein Mandat nieder.
1514 2557 2094 2586 Ich bitte, den geehrten Mitgliedern der Partei meine beſten
1446 2582 2091 2607 Wünſche zu beſtellen und ihnen meinen aufrichtigen Dank für die
1448 2605 2092 2628 vielfachen im Laufe der Jahre bewieſenen Sympathien auszu⸗
1445 2628 2092 2652 drücken. Ich habe zweiundzwanzig Jahre im Schoße der Partei
1444 2652 2096 2674 zugebracht, und eine Reihe der ſtärkſten Erinnerungen knüpft mich
1445 2672 2092 2697 an dieſe Zeit, und die freundlichſten davon nehme ich mir
1448 2695 1656 2717 zum Abſchied herüber.
1512 2714 2049 2741 Mit beſter Empfehlung und vorzüglichſter Hochachtung
1897 2737 2068 2760 Ernſt Plener.
1513 2762 2093 2791 Der Klub hat heute beſchloſſen, an Herrn v. Plener
1449 2786 1746 2816 folgende Adreſſe zu richten:
1514 2813 2093 2838 Mit tiefſtem Bedauern hat der Klub der Vereinigten Linken
1451 2837 2093 2860 die Kunde vernommen, daß Euer Exzellenz ſich beſtimmt gefunden
1448 2860 2093 2885 haben, ſich von der parlamentariſchen Thätigkeit zurückzuziehen
1449 2882 2092 2907 und Ihr Mandat niederzulegen. Der Verluſt, den unſere Partei
1450 2906 2094 2931 erleidet, für welche Euer Exzellenz ſeit 22 Jahren ſo aufopfernd,
1451 2928 2092 2953 unermüdlich und erfolgreich gewirkt haben, iſt ein großer,
1448 2949 2094 2971 unerſetzlicher. Mit Sicherheit haben wir erwartet, daß
1451 2972 2093 2992 Euer Exzellenz nach kurzer, Ihrer Erholung gewidmeter Pauſe
1452 2994 2091 3015 im Herbſte Ihre ehemalige Stellung wieder einnehmen würden.
1452 3016 2092 3039 Hätten wir auch nur eine Ahnung gehabt, daß Euer Exzellenz
1454 3038 2093 3062 dem Gedanken der Mandatsniederlegung Raum geben, würden
1454 3059 2095 3085 wir alles aufgeboten haben, Sie von dieſem Schritte abzuhalten.
1454 3080 2093 3110 Nehmen Sie unſeren herzlichſten, verbindlichſten Dank für die
1453 3103 2096 3132 außerordentliche Mühe und Arbeit, welche Eure Exzellenz wäh⸗
1447 3127 2094 3154 rend mehr als zwei Jahrzehnten im Dienſte unſerer Partei auf⸗
1450 3150 2097 3179 gewendet haben, freundlich auf. Wir geben indeß die Hoffnung
1451 3171 2092 3202 nich auf. Eure Erzellenz denn doch in unſerem Kreiſe wieder
1450 3193 2094 3224 begrüßen zu können. Das öffentliche Leben in Oeſterreich
1450 3218 2093 3249 verfügt nicht über ſo viele vorzügliche Kräfte, um auf Ihre Mit⸗
1447 3239 2090 3271 wirkung bei Löſung der großen ſtaatlichen Aufgaben, die unſer
1450 3262 2090 3293 in der nächſten Zeit harren, verzichten zu können.
1490 3286 2087 3316 Doch welchen Entſchluß Eure Exzellenz auch immer faſſen
1450 3307 2091 3339 mögen, der Name Ernſt v. Plener wird in der Geſchichte des
