3168 4822
156 123 695 182 Samstag den 1. Juli 1911.
1228 107 1769 164 Innsbrucker Nachrichten
2456 84 2836 135 Nr. 148. Seite 27.
564 216 1517 383 Kundmachung
118 379 1961 469 über die Schüleraufnahme am k. k. Staats-Reform-Realgymnaſium in Kufſtein
734 452 1351 522 für das Schuljahr 1911|12.
283 522 1965 604 Das Schuljahr 1911|12 beginnt am 16. September ds. Js. Die Schüleraufnahme
123 572 1965 661 findet für jene Schüler, welche in die erſte Klaſſe eintreten wollen, in zwei Terminen ſtatt
124 631 1965 714 und zwar nach Schluß des heurigen Schuljahres am 8., bezw. am 10. Juli und bei Beginn
124 693 1556 762 des kommenden am 16. September in der Direktionskanzlei (1. Stock).
285 738 1966 817 Die Anmeldungen für die ortsanſäſſigen Schüler werden im Sommertermine am
127 791 1966 874 Samstag, den 8. Juli von 10 bis 12 Uhr, für die auswärtigen am Montag, den 10. Juli
129 843 1968 927 von 8 bis 10 Uhr, im Herbſttermine für alle Schüler, auch für die der II., III., IV. und
129 897 1969 979 der neu eröffneten 5. Klaſſe am 16. September von 8 bis 11 Uhr vormittags entgegen⸗
129 951 1970 1036 genommen und zwar findet die Einſchreibung für höhere Klaſſen im Konferenzzimmer (1.
131 1033 363 1088 Stock) ſtatt.
289 1059 1856 1138 Die Schüler der höheren Klaſſen haben das letzte Jahreszeugnis beizubringen.
291 1109 1974 1191 Die Aufnahmsbedingungen für die eintretenden Schüler der erſten Klaſſe ſind folgende:
292 1160 1973 1242 Die Schüler haben in Begleitung der Eltern oder deren Stellvertreter zu erſcheinen
132 1217 1974 1300 und vorzulegen: 1. den Tauf⸗ oder Geburtsſchein, welcher nachweiſt, daß der Schüler das
132 1269 1976 1354 zehnte Lebensjahr vollendet hat oder noch im 1. Quartal dieſes Schuljahres vollenden wird;
137 1322 1977 1407 2. das Frequentationszeugnis oder die mit der Klauſel für den Uebertritt in eine Mittel⸗
135 1374 1978 1461 ſchule verſehenen Schulnachrichten des letzten Schuljahres; 3. den Impfſchein und 4. zwei
137 1429 1979 1513 vollſtändig ausgefüllte Nationale. (Die Blankette für letztere ſind beim Schuldiener erhältlich).
299 1499 1148 1562 Bei der Aufnahmsprüfung wird gefordert:
299 1536 1977 1615 Jenes Maß an Wiſſen in der Religion, welches in den erſten vier Jahreskurſen der
141 1590 1982 1674 Volksſchule erworben werden kann, Fertigkeit im Leſen und Schreiben der deutſchen Sprache
140 1643 1984 1725 und der lateiniſchen Schrift, Kenntnis der Elemente aus der Formenlehre, Fertigkeit im Ana⸗
142 1696 1984 1781 liſieren einfach bekleideter Sätze, Bekanntſchaft in den Regeln der Orthographie (abgeſehen
144 1748 1985 1834 von den Interpunktionen) und richtige Anwendung derſelben beim Diktandoſchreiben. Uebung
144 1803 1986 1887 in den vier Grundrechnungsarten mit ganzen Zahlen. Schüler, welche die Prüfung nicht be⸗
145 1856 1987 1944 ſtehen, dürfen ſie im ſelben Jahre weder an dieſer noch an einer anderen Anſtalt wiederholen.
307 1911 1988 1992 Ein auswärtiger, nicht in Kufſtein wohnender Schüler darf nach dem Erlaſſe des
145 1964 1990 2046 k. k. Landesſchulrates für Tirol vom 9. Juli 1908, Zl. 4170, nur dann eingeſchrieben be⸗
149 2016 1991 2102 ziehungsweiſe zum Unterricht zugelaſſen werden, wenn er eine vom betreffenden Gemeindearzt
149 2070 1992 2154 mitgefertigte Beſtätigung der Gemeindevorſtehung des Wohnortes beibringt, daß weder er ſelbſt
150 2124 1992 2206 von einer anſteckenden Krankheit innerhalb der letzten vier Wochen ergriffen war, noch in
154 2198 909 2262 ſeinem Wohnhauſe eine ſolche auftrat.
313 2229 1996 2310 Außerdem ſeien alle auswärtigen Schüler darauf aufmerkſam gemacht, daß ſie einen
153 2299 1156 2369 verantwortlichen Aufſeher namhaft machen müſſen.
315 2335 1998 2416 Die von den neu eintretenden und wirklich aufgenommenen Schülern zu zahlende
155 2391 1997 2475 Aufnahmstaxe beträgt 4 K 20 h, der Beitrag für die Lehrmittel und die Jugendſpiele 3 K,
155 2443 2000 2527 das Schulgeld für ein Semeſter 30 K. Für alle jene repetierenden oder aufſteigenden Schüler,
155 2506 1551 2582 welche der Anſtalt bereits angehört haben, entfällt die Aufnahmstaxe.
318 2550 2003 2627 Alle weiteren Auskünfte erteilt jederzeit bereitwilligſt mündlich oder ſchriftlich die
158 2633 353 2685 Direktion.
220 2677 1957 2796 K. k. Direktion des Staats⸗Reform⸗Realgymnaſiums
913 2792 1265 2862 Tafatſcher.
1789 2798 1958 2847 831—2ʃ1
165 2866 2009 3057 Reſtaurant „Bierſtindl“
742 3047 1428 3111 Morgen Sonntag den 2. Juli
508 3106 1671 3273 Militär⸗Konzert
351 3271 1830 3359 der Muſikkapelle des 1. Tiroler Kaiſerjäger-Regimentes.
544 3346 1632 3416 Anfang 3 Uhr nachm. Eintritt 30 Heller.
807 3400 1974 3465 Es ladet freundlichſt ein Bl. Pluſchkowitſch, Reſtaurateur.
173 3431 290 3476 13302
811 3562 1400 3647 Todes-Anzeige.
435 3639 1934 3710 Vom tiefſten Schmerze ergriffen, geben wir die Trauernachricht, daß unſer innigſt⸗
276 3700 1087 3765 geliebter Gatte, bezw. Vater, Großvater, Herr
594 3751 1628 3964 Florian Urban
630 3961 1594 4028 Bahnmeiſter i. P. der k. k. Staatsbahnen,
281 4027 1942 4101 am 29. Juni um ¾ 12 Uhr nachts nach langem, mit großer Geduld ertragenem Leiden und
284 4078 1625 4151 Empfang der hl. Sterbſakramente ruhig und ſanft im Herrn entſchlafen iſt.
446 4117 1941 4189 Die Beerdigung erfolgt am Sonntag früh um ½ 8 Uhr vom Trauerhauſe, Nr. 102,
285 4185 764 4239 aus auf dem Ortsfriedhofe.
447 4205 1943 4278 Die hl. Seelenmeſſen werden am Montag um 7 Uhr früh in der dortigen Pfarr⸗
286 4279 515 4328 kirche geleſen.
449 4316 938 4371 Silz, am 30. Juni 1911.
835 4358 1911 4437 Die tieftrauernden Hinterbliebenen.
1790 4296 1902 4336 13304
1987 183 2890 292 Städt. Arbeits- u. Dienſt⸗
2130 275 2746 368 vermittlungsamt.
2116 371 2774 436 ☛ Innrain Nr. 24. ☚
2316 422 2573 468 Telephon 259.
2050 471 2832 538 Unentgeltliche Vermittlung!
2156 533 2736 588 Offene Stellen (männliche):
2031 585 2896 645 Feld⸗ und Bauernknechte, Gärtner, Spengler aus⸗
1992 627 2895 688 wärts, Kupferſchmied, Schmied für Maſchinenbau,
1992 670 2899 733 Drechsler, Bau⸗ und Möbeltiſchler, Binder, Wag⸗
1992 716 2899 776 ner ausw., Bäcker ausw., Pikkolo, Schankburſchen
1992 761 2899 823 zugl. Küchenmetzger, Schankburſche ausw., Volontär
1993 805 2899 867 für Hotelbuchhaltung, Kaſſerolier, Saalkellner, Zim⸗
1994 848 2899 909 merleute, Anſtreicher ausw., Laufburſche, Proviſions⸗
1994 897 2760 955 agenten, Handlanger für Straßenbau ausw.
2040 937 2904 999 Lehrlinge für Spengler und Glaſer, Pferdefleiſch⸗
1996 981 2904 1043 hauer, Friſeur, Gitterſtricker, Buchbinder, Bäcker,
1997 1026 2904 1089 Tapezierer, Schmied, Schloſſer, Konditor, Hand⸗
1998 1086 2201 1132 ſchuhmacher.
2287 1122 2597 1174 Stelle ſuchen:
2043 1167 2908 1229 Elektromonteur, Maſchinenſchloſſer, Schießer, Zu⸗
2001 1214 2911 1274 ſammenarbeiter, Müller, Hotel⸗ und Lohndiener,
2001 1257 2911 1318 Kellner für Reſtaurant, Kaffeekoch, Keſſel⸗ und Ma⸗
2002 1301 2911 1363 ſchinenwärter, Hausknecht, Ausgeher, Geſchäftsdie⸗
2002 1359 2294 1406 ner, Badewärter.
2194 1401 2739 1461 Offene Stellen (weibliche):
2048 1451 2919 1515 Stallmagd, Haus⸗ u. Feldmägde, Mantelnäherin,
2005 1499 2914 1561 tüchtige Büglerinnen, Serviererinnen, Kellnerinnen
2006 1542 2915 1604 für Landgaſthof, Schankmädchen ausw., Stockmädchen
2008 1587 2915 1649 ausw., Schankkaſſierinnen, Hotel⸗ und Gaſthaus⸗
2008 1632 2916 1691 köchinnen, Mehlſpeisköchinnen, Herd⸗ u. Extramädchen,
2008 1676 2916 1737 Kochenlernerinnen, Beſteckputzerin, Abwaſcherinnen,
2009 1720 2917 1782 Kaffeeköchin, Küchenmädchen, Hausmägde, Hotel⸗
2009 1765 2920 1827 wäſcherinnen, junge Hilfsarbeiterin, Verkäuferinnen
2010 1810 2920 1871 f. Kurz⸗, Mode⸗ und Selchwaren, Bureaufräulein f.
2012 1853 2920 1916 Gaſthof, Privatköchinnen, Mädchen für häusl. Ar⸗
2013 1898 2925 1960 beiten, Privatſtubenmädchen, geſetztere Kindsmägde
2013 1944 2926 2006 ausw., Aushilfsköchin, Näh⸗ u. Ladenlehrmädchen,
2015 2002 2235 2048 Badmädchen.
2311 2041 2623 2088 Stelle ſuchen:
2060 2086 2927 2148 Wäſcherinnen, Zimmermädchen, Zahl⸗ und Aus⸗
2019 2132 2927 2193 hilfskellnerinnen, Bahnhofreſtaurantköchin, Kontor⸗
2019 2175 2927 2238 riſtin, Verkäuferin f. Konditorei, Haushälterinnen,
2019 2220 2929 2282 Bedienerinnen, Putzerinnen, Kinderfräulein, Kinder⸗
2021 2265 2930 2328 frau, Wirtſchafterin, Kindergärtnerinnen über den
2024 2308 2932 2371 Sommer als Kinderfrl. oder Kaſſierin, Anfangs⸗
2022 2362 2531 2419 kaſſierinnen ausw. f. Saiſon.
2067 2407 2930 2470 Rückantwort bei ſchriftlichen Anfragen
2024 2455 2931 2516 nur bei Beilage des entſprechenden Portos.
2071 2502 2804 2558 Wohnungsvermittlung ebenfalls dortſelbſt,
2089 2564 2882 2673 Tüchtige Verkäuferin
2343 2676 2587 2769 geſucht.
2075 2771 2939 2838 In meinem Modenhaus iſt die Stelle einer Ver⸗
2029 2826 2941 2893 käuferin zu beſetzen. Ich reflektiere nur auf eine
2033 2880 2941 2945 verläßliche Kraft der Damenmode⸗, Aufputz⸗ und
2035 2932 2939 2997 Kurzwarenbranche mit vornehmem Geſchmack und
2033 2982 2939 3051 feinen Umgangsformen, die bisher in beſſeren Häu⸗
2034 3046 2663 3107 ſern mit vollem Erfolg gewirkt hat.
2794 3043 2939 3088 42—2ʃ1
2152 3100 2836 3203 Modenhaus Joſef Gertler,
2379 3202 2617 3252 Innsbruck.
2155 3320 2829 3416 Auf nach Ladis
2365 3417 2640 3478 in Tirol!
2094 3490 2903 3553 Entzückender Alpenluft⸗Kurort, Schwefelbad.
2093 3543 2903 3606 Penſion 5 K. Proſpekte franko durch die Kur⸗
2137 3597 2836 3658 verwaltung Ladis. Poſt Prutz, Tirol.
2753 3423 2903 3464 J3044|9-1
2165 3718 2842 3885 Kaufe Geſchäfte
2052 3883 2958 3944 die ſich auflöſen und Waren gegen ſofortige Kaſſa,
2053 3929 2959 3991 führe Ausgleiche unter ſtrengſter Diskretion mit
2054 3971 2959 4033 eigenem Gelde durch; komme überall hin. Franz
2053 4017 2952 4077 Renkirchen, Wien, XVII., Ottakringerſtraße 18
2910 3716 2955 3877 13—5ʃ4
2077 4087 2932 4273 Zimmerleute
2060 4287 2965 4349 8—10 Mann, auf ſofort bei dauernder Beſchäfti⸗
2061 4331 2964 4394 gung geſucht. Nur tüchtige Kräfte wollen ſich in
2061 4378 2964 4437 der Baukanzlei Forſthofer, Mühlau, Reichsſtraße
2062 4434 2368 4481 Nr. 126, melden.
2754 4425 2964 4471 13233—2ʃ3
