3168 4834
306 59 695 107 Seite 26. Nr. 148.
1376 75 1908 144 Innsbrucker Nachrichten
2452 110 2969 160 Samstag den 1. Juli 1911.
921 180 2360 371 Eröffnungs⸗Anzeige!
212 341 3025 829 Poſtkarten⸗Photographie
1289 805 1950 970 in 10 Minuten.
227 953 3006 1071 Endesgefertigter beehrt ſich ergebenſt bekannt zu geben, daß er wie im Vorjahre auch heuer und zwar ab Sonntag
1130 1034 2102 1109 den 2. Juli l. J. ſein beſtrenommiertes
224 1088 3006 1313 Porträt⸗Poſtkarten⸗Geſchäft im Garten des Hotel „Altwirt“ in Igls
322 1274 2885 1386 eröffnet und ſich wie bisher auch heuer bemühen wird, ſeine werten Kunden aufs Beſte zufrieden zu ſtellen.
1033 1352 2198 1433 Um gütigen Zuſpruch bittend, zeichnet hochachtend
825 1424 2397 1544 Karl Largajolli, Photograph, Igls.
2891 1519 2988 1559 867
767 1538 1124 1603 Große Auswahl
927 1616 967 1660 in
773 1671 1119 1733 billigſten u. feinſten
768 1735 1118 1837 Kinder-
792 1852 1092 1957 Betten
863 1975 1038 2020 empfiehlt
202 2027 1114 2143 Bernhard Weithas, Mariahilfſtr. 28.
269 2135 1048 2207 Società Nazionale di Servizi
524 2204 793 2262 Marittimi.
558 2275 751 2308 Sitz in Rom.
304 2319 994 2369 Direkter wöchentlicher Dienst:
253 2370 1052 2477 Triest-Ancona
606 2500 685 2527 und
214 2524 1074 2667 Triest-Venedig
258 2644 1034 2702 mit dem Eildampfer „Scilla“ von 1220 Tonnen.
240 2687 1100 2749 Abfahrt von Triest nach Venedig am Donnerstag um
196 2725 1102 2779 8 Uhr früh vom Molo della Sanità. Rückfahrt von
195 2758 1102 2819 Ancona nach Triest am Dienstag um 8 Uhr abends.
195 2798 1095 2854 Ueberfahrt in II Stunden. In Ancona, unmittelbar an der
192 2831 1094 2888 Landungstelle des Dampfers, Anschluss an den Schnell-
192 2869 1093 2924 zug nach und von Rom. Fahrtdauer Ancona - Rom 7 Stunden.
192 2903 1091 2963 Fahrpreise: (Einzige Klasse): Von Triest nach
190 2939 1090 2994 Venedig: Hinfahrt allein K 9.—; Hin- und Rückfahrt
190 2974 1089 3033 K 12.—. Gültigkeitsdauer 30 Tage. Gabelfrühstück um
189 3011 1088 3070 10 ½ Uhr zu K 3.60. 2 Vorspeisen, 2 Gänge, Käse,
189 3042 828 3094 Früchte, Brot und Wein nach Belieben.
227 3083 1086 3139 Wegen Aufnahme von Passagieren und Waren wende
186 3118 1090 3185 man sich an R. Currò & Figlio, Triest, Via
180 3151 1085 3210 Vienna 12. Tel. Nr. 71. — Mit der Ausgabe von
184 3188 1084 3247 Fahrkarten ist auch betraut die Firma Papale & Gia-
179 3222 905 3276 copelli, Triest, Riva Carciotti 9.
219 3272 1082 3330 An diesen beiden Stellen werden auch Anweisungen auf
179 3307 1075 3366 Eisenbahn-Fahrkarten von Venedig und Ancona nach Rom,
182 3344 1080 3398 Florenz und Turin zu bedeutend ermässigten Preisen aus-
181 3382 305 3413 egebgen.
969 2511 1100 2541 238—0-7
1000 2546 1075 2549 Triest-Venedig
424 3444 987 3525 3—4 Kronen
361 3535 1060 3615 täglich ſtändiger Verdienſt!
177 3601 1077 3657 Sofort geſucht au allen Orten arbeitſame Perſonen zur
176 3637 1076 3691 Uebernahme einer Strumpfſtrickerei. Hoher, andauernder
177 3673 1074 3728 Verdienſt bei leichter Hausarbeit. Vorkenntniſſe unnötig.
175 3707 1074 3763 Erlernung einfach und koſtenlos. Entfernung tut nichts
166 3746 1073 3800 zur Sache. Fertige Arbeit wird von uns abgeſetzt. Ver
403 3786 842 3829 langen Sie Proſpekt von der
361 3830 1070 3879 eimarbeit⸗Unternehmung Wien VIII., Albert-
351 3865 900 3911 gaſſe 26 J (früher Hernalſergürtel 2).
390 3910 852 3956 Beſtempfohlene, ſolide Firma!
927 3920 1069 3960 75—10ʃ6
167 4022 1067 4124 Habtmann'ſches Detailgeſchäft
230 4130 994 4256 Heinrich Kunater
163 4258 1061 4316 verkauft einen Großteil ſeines Warenlagers, haupt⸗
160 4302 1060 4367 ſächlich Herren⸗ u. Damen⸗Modeſtoffe, zu
158 4347 831 4404 bedeutend reduzierten Preiſen.
860 4365 1060 4409 J3801⸗5ʃ3
1224 1597 2117 1720 Täglich regelmässige
1354 1721 2120 1827 Gepäck-Expedition
2193 1632 2888 1821 nach Grado!
1637 1824 2487 1885 Schnellste Route über TRIEST.
1317 1877 2169 1931 Sendungen sind zur Reexpedition zu adressieren an:
1202 1917 2913 2051 Speditions-Bureau L. METZNER, TRIEST,
1580 2029 2543 2097 Via Nicolò Macchiavelli Nr. 26.
1694 2093 2411 2156 Station: Triest, Südbahnhof.
1225 2147 2887 2226 Telegramm-Adresse: Metzner, Triest. Interurbanes Telephon Nr. 586.
2688 2062 2902 2105 11296⸗4⸗4
1323 2337 2231 2386 Grand Prix Weltausstellung Paris 1900.
1323 2390 2249 2466 Kwizdaˢ Korneuburger Viehpulver
1276 2452 2277 2515 diätet. Mittel für Pferde, Hornvieh und Schafe.
1384 2497 2172 2550 Preis 1 Schachtel K 1.40, ½ Schachtel K —.70.
1191 2538 2366 2596 Ueber 50 Jahre in den meisten Stallungen im Gebrauche bei Mangel an
1191 2570 2367 2630 Fresslust, schlechter Verdauung, zur Verbesserung der Milch und Ver-
1440 2615 2109 2663 mehrung der Milchergiebigkeit der Kühe.
1515 2660 2363 2705 Echt nur mit nebenstehender Schutzmarke. Zu be-
1514 2691 2364 2746 ziehen in Apotheken und Drogerien Illustrierte Kata-
1752 2736 2122 2777 loge gratis und franko.
1512 2776 2363 2834 Hauptdepot: FRANZ JOH. KWIZDA,
1217 2821 2334 2883 k. u. k. österr.-ung., königl. rumän. und königl. bulgar. Hoflieferant,
1284 2867 2259 2922 Kreisapotheker, KORNEUBURG, bei Wien.
2749 2360 2924 2404 756—20ʃ15
1136 2980 2031 3170 Bad und Restauration
2036 3001 2923 3286 Lavierenbach
1137 3166 2026 3259 Penſion :: gegründet 1884
1385 3251 2662 3321 15 Minuten oberhalb Rinn inmitten eigener Privatwaldungen.
1424 3343 2618 3407 Geeignetſter Aufenthaltsort für Sommerfriſchler und Ausflügler. — Groß⸗
1422 3383 2610 3446 artige Spaziergänge in waldreicher Gegend. — Aerztlich anerkannte,
1423 3424 2609 3485 vorzügliche Heilbäder. ☛ Fremdenzimmer in genügender Anzahl.
1404 3469 2625 3538 Um geneigten Zuſpruch bittet, hochachtungsvoll: Der Beſitzer: Joſef Bächle.
1106 3558 2008 3611 Prämiiert Paris 1907 goldene Medaille. Internat.
1373 3601 1751 3642 Ausſtellung für Hygiene.
1196 3636 1905 3700 Japan. Busencrême
1104 3692 1797 3738 Einzig ſicher wirkendes und ärztlich empfoh⸗
1104 3730 1797 3775 lenes Mittel zur Wiedererlangung einer herr⸗
1102 3764 1796 3812 lichen Büſte. Aeußerlich zu gebrauchen, ga⸗
1100 3799 1799 3847 rantiert unſchädlich, für jedes Alter und
1099 3836 1800 3883 Konſtitution anwendbar. Ueberraſchender Er⸗
1100 3871 1794 3919 folg. Preis eines Tiegels ſamt Gebrauchs⸗
1099 3905 1794 3955 anweiſung K 7.—, Probetiegel K 4.—. Dis⸗
1152 3943 1743 3991 kreter Verſand gegen Nachnahme durch
1275 3981 1610 4025 Karolina Weil
1406 4030 1959 4078 Wien, XVI., Ottakringerſtraße 31
1095 4022 1265 4060 642: 24ʃ6
1094 4086 1203 4121 J2879
1258 4083 1833 4182 Vertrauenswürdige
1096 4179 1990 4329 Herren und Damen
1088 4345 1983 4405 welche gewillt ſind, von Haus zu Haus zu arbeiten
1085 4389 1990 4446 können viel Geld verdienen. Offerte unter „Ver⸗
1087 4436 1912 4494 trauenswürdig 600“ an Haaſenſtein u. Vogler.
1941 4105 1995 4148 0ſ3
2033 3595 2681 3809 Hotel Fuchs
2700 3614 2939 3667 Wien, XV.
2712 3666 2933 3708 Mariahilfer-
2704 3713 2924 3754 strasse 138
2694 3756 2935 3794 (2 Minuten vom
2712 3792 2920 3829 Westbahnhof).
2032 3819 2935 3874 Neu renoviert und mit modernstem Komfort ausgestattet;
2030 3850 2940 3912 Altrenommiertes Restaurant. Elektrische Beleuchtung und
2028 3892 2935 3944 Zentralheizung in allen Räumen. — Zimmer von 2 Kronen
2027 3926 2933 3982 aufwärts. — Wannen-, Dampf- und Schwimmbäder im
2026 3962 2930 4016 Hause, ebenso Wasserkuren unter ärztl. Leitung. —
2026 3994 2868 4046 Auto-Garage. Heinrich u. Karl Mayer.
2762 4015 2940 4051 91074-1238
2067 4076 2928 4139 Im Verlage der Wagner'ſchen Univerſitäts⸗
2024 4133 2924 4196 Buchhandlung in Innsbruck erſchien ſoeben:
2228 4192 2724 4276 Die Muren
2019 4284 2923 4342 Verſuch einer Monographie mit beſonderer Berück⸗
2016 4337 2921 4400 ſichtigung der Verhältniſſe in den Tiroler Alpen⸗
2270 4394 2656 4454 Von Dr. J. Stiny.
2015 4454 2908 4520 Mit 34 Abbildungen. 1910. Preis geh. K 2 50
