3168 4834
303 104 687 145 Seite 18. Nr. 148.
1376 118 1909 160 Innsbrucker Nachrichten
2450 124 2980 170 Samstag den l. Juli 1911.
259 200 1160 247 den Eheleuten Alois und Maria Lamprecht gehörigen
257 234 1157 281 Liegenſchaften ſtatt. Dieſe ſind auf 20.000 Kronen
255 273 1155 313 bewertet. Das geringſte Gebot beträgt 10.020 Kronen.
496 310 915 347 Nr. 140 vom 21. Juni.
294 344 1156 386 (Stellen ⸗ Ausſchreibung.) Bei der Evidenz⸗
257 379 1156 422 haltung des Grundſteuerkataſters in Tirol und Vor⸗
256 414 1154 456 arlberg mit dem Standorte in Lienz event. in einem
255 450 1157 493 anderen Standorte dieſes Verwaltungsgebietes iſt die
255 486 1156 529 Stelle eines Evidenzhaltungsgeometers zweiter Klaſſe
257 521 440 557 zu beſetzen.
495 560 913 598 Nr. 141 vom 22. Juni.
290 602 1156 644 (Lehrſtellen ⸗ Ausſchreibungen.) An den
255 638 1154 680 öffentlichen Volksſchulen des Bezirkes Bregenz gelangen
257 672 1154 715 mit Beginn des Winterhalbjahres 1911/12 18 Stellen
256 708 1154 750 für Schulleiter, 6 für Lehrer und 11 für Lehrerinnen
257 743 883 784 zur Beſetzung. Geſuche bis 23. Juli.
290 777 1151 821 (Im Konkurſe) über das Nachlaßvermögen nach
254 813 1156 856 Franziska Wtw. Guis geb. Gſchnell in Kaltern hat
253 850 1152 892 nachträglich Bartl Datz, Holzhändler in Mitterdorf⸗
252 885 1153 927 Kaltern eine Anmeldung wegen einer Forderung von
254 920 1151 963 100 Kronen überreicht. Zur Liquidierung wird auf
250 955 1151 1000 den 30. Juni beim Bezirksgerichte Kaltern Termin
251 993 401 1027 beſtimmt.
490 1030 910 1067 Nr. 142 vom 23. Juni.
287 1071 1149 1113 (Tagſatzung.) Im Konkurſe des Gaſtwirtes W.
249 1108 1149 1148 Beck in Innsbruck wurde auf 30. Juni beim Landes⸗
250 1143 986 1183 gerichte Innsbruck Tagſatzung anberaumt.
285 1179 1145 1220 (Stellenausſchreibung.) Am Staatsgymna⸗
252 1215 1147 1255 ſium in Innsbruck iſt mit Beginn des Schuljahres
249 1246 1147 1292 1911/12 die Direktorſtelle zu beſetzen. Geſuche bis
250 1283 1149 1327 15. Juli. — Am Staatsgymnaſium (italieniſche Ab⸗
250 1321 1147 1361 teilung in Trient iſt mit Beginn des Schuljahres
250 1355 1145 1398 1911/12 eine definitive Lehrſtelle für Latein und
249 1391 1147 1433 Griechiſch als Hauptfächer zu beſetzen. Geſuche bis
248 1426 1145 1470 15. Juli. — Bei der Statthalterei für Tirol und
247 1462 1147 1504 Vorarlberg ſowie an der Lehrerbildungsanſtalt in
246 1498 1143 1540 Innsbruck kommt je eine Dienerſtelle zur Beſetzung.
246 1532 1145 1576 Geſuche bis 31. bezw. 20. Juli. — Die Poſtmeiſter⸗
246 1567 1145 1611 ſtelle in Ellmau iſt frei. Bewerbungstermin zwei
245 1604 371 1641 Wochen.
281 1639 1143 1682 (Kuratel) wurde verhängt über: Leopold Wild
244 1674 1144 1718 in Telfs wegen Blödſinns, über Joſef Pichler, Tag⸗
245 1710 1142 1752 löhner in Karneid, Andrä Koch, Beſitzer in Ainet,
244 1745 1145 1788 Theres Pescoſta, Dienſtmagd in Corvara, wegen
243 1781 1143 1824 Wahnſinns, über Joſef Blaas, Schuhmacher in
241 1814 1142 1859 Burgets, und Veronika Witwe Sojer in Hopfgarten
240 1852 609 1891 wegen Verſchwendung.
275 1887 1140 1930 (Aufgehobene Kuratel.) Die über Gertraud
243 1922 1140 1967 Senfter in Innervillgraten wegen gerichtlich erhobe⸗
240 1957 1141 2000 nen Wahnsinns und über Gottfried Gürtler von Ratz
241 1992 1139 2040 wegen Blödſinns verhängte Kuratel wurde aufgehoben.
276 2029 1141 2073 (Verſteigerung.) Am 10. Juli findet beim
239 2064 1141 2109 Bezirksgerichte Kitzbühel die Verſteigerung des Wohn⸗
239 2101 1138 2145 hauses Nr. 49 in Kitzbühel⸗Stadt, ferner eines
239 2136 1139 2180 Schlachthauſes mit Wieſe und Garten, ſowie Zubehör,
238 2171 1140 2214 beſtehend aus Einrichtung der Ausſchrottung, Aus⸗
237 2207 1140 2250 kocherei und Maſchinen ſtatt. Die Liegenſchaften ſind
236 2241 1138 2284 auf 60.100 Kronen, das Zubehör auf 10.076 Kronen
235 2279 1139 2321 bewertet. Das geringſte Gebot beträgt 30.550 Kronen.
480 2340 893 2378 Nr. 143 vom 24. Juni.
282 2383 1137 2427 (Skarten⸗ und Holz⸗Verſteigerung.) Bei
236 2419 1138 2462 der Tabakfabrik in Sacco befinden ſich verſchiedene
236 2454 1135 2497 Quantitäten und Qualitäten an Skarten und ge⸗
235 2489 1135 2533 brauchten Utenſilien, über welche die öffentliche Ver⸗
234 2526 1133 2569 äußerung ausgeſchrieben wird. Offerte bis 4. Juli.
292 2561 1134 2604 Die Fällung, Aufarbeitung und Lieferung der im
235 2596 1136 2639 Jahre 1911 zur Nutzung beantragten Holzmengen
235 2631 1133 2675 in den Staatsforſten Spitzwald, Nederamtswald wird
233 2668 1133 2711 Montag den 3. Juli, 10 Uhr vormittags, im Amts⸗
232 2704 1134 2745 lokale der k. k. Forſt⸗ und Domänen⸗Direktion in
231 2737 764 2779 Innsbruck öffentlich verſteigert.
269 2775 1133 2817 (Konkurrenz ⸗ Ausſchreibung.) Die Lotto⸗
231 2809 1132 2852 kollektur in Hohenems, in welcher für die Ziehungen
232 2845 1131 2889 in Tirol (Innsbruck, Bozen, Trient), für die Zieh⸗
230 2883 1130 2923 ungen in Wien und Linz Spiele geſammelt werden,
231 2918 1131 2960 kommt im Wege der öffentlichen Konkurrenz zur Be⸗
228 2955 764 2991 ſetzung. Offerte bis 15. Juli.
267 2989 1130 3032 (Kuratel wurde verhängt über Maria Lambacher,
229 3024 954 3066 Taglöhnerin in Villnöß, wegen Wahnſinns.
262 3061 1126 3103 (Einleitung des Verſteigerungs⸗Ver⸗
226 3095 1126 3138 fahrens) Dasſelbe wurde bewilligt bezüglich der
229 3131 1128 3175 Liegenſchaften der Roſina Kraler in Gſchwent: An⸗
229 3168 1036 3209 ſprüche bis 11. Juli ans Bezirksgericht Sillian.
265 3205 1128 3244 (Verſteigerungen) Am 19. Juli findet an
227 3240 1126 3282 Ort und Stelle, Haus Nr. 459 in St. Johann i. T.
228 3274 1129 3316 die Verſteigerungen von Liegenſchaften in zwei Partien
229 3312 1128 3354 ſtatt u. zw. des Wohnhauſes Nr. 459 und des Wohn⸗
227 3345 1127 3389 hauſes Nr. 431. Die Liegenſchaften ſind u. zw. die
226 3384 1126 3424 erſte Partie auf 53.422 Kronen, die zweite Partie
227 3420 1127 3460 auf 9350 Kronen bewertet. Das geringſte Gebot be⸗
224 3455 1126 3494 trägt für die erſte Partie 26.782 Kronen, für die
225 3489 1127 3532 zweite Partie 4700 Kronen. — Am 29. Juli findet
226 3526 1124 3569 heim Bezirksgerichte Meran in zwei Partien die Ver⸗
226 3561 1123 3601 ſteigerung des materiellen Anteiles am Hauſe Nr. 27
225 3598 1128 3636 in Untermais, und des ideellen Achtelanteiles an
225 3635 1125 3673 der Spitalegg in Mais ſtatt. Die Liegenſchaft iſt, und
223 3673 1123 3706 zwar der Hausanteil auf 5538 Kronen und der Anteil
223 3704 1122 3742 an der Spitalegg auf 100 Kronen bewertet. Das
222 3740 1028 3779 geringſte Gebot beträgt 2769 und 66 Kronen.
462 3789 881 3827 Nr. 144 vom 26. Juni.
258 3836 1120 3875 (Aus dem Genoſſenſchafts⸗ und Fir⸗
223 3868 1118 3911 men⸗Regiſter.) Eingetragen wurde: Firma
224 3905 1122 3947 „Hotelbauverein Kitzbühel, Geſellſchaft mit beſchränk⸗
223 3941 1118 3981 ter Haftung in Kitzbühel“. Geſchäftsführer: Dr. A.
221 3977 1121 4018 Kofler, kaiſ. Rat und Handelskammerſekretär in Inns⸗
220 4014 1118 4056 bruck; 2. Karl Landſee, Hotelier in Innsbruck; 3. Otto
221 4049 1121 4091 Schmid, Architekt in Innsbruck; 4. Franz Reiſch, Han⸗
220 4083 1118 4126 delsmann in Kitzbühel; 5. Dr. Hans Thaler, Advokat
221 4120 1120 4162 in Kitzbühel; als Erſatzmänner: Franz Stitz, Handels⸗
223 4157 1118 4195 mann in Kitzbühel, Karl Cathrein, k. k. Notar in
220 4192 1116 4232 Innsbruck, Hugo Hofer, Kaufmann in Innsbruck.
287 4226 1118 4267 Im Spar⸗ und Darlehenskaſſenverein für die
221 4261 1117 4305 Pfarrgemeinde Patſch, reg. Gen. m. unbeſchr. Haft.,
220 4298 1117 4341 wurde Franz Reitmeir als Obmann, und Vinzenz
218 4334 1118 4375 Knoflach als Vorſtandsmitglied in den Vorſtand ge⸗
217 4366 318 4404 wählt.
1223 213 2088 254 (Stipendium ⸗ Ausſchreibung.) Der im
1185 247 2088 289 Jahre 1848 verſtorbene Kaplan Andreas Pöhl hat
1186 281 2087 324 in ſeinem Teſtamente ein Studien⸗Stipendium mit
1184 318 2088 360 einer Jahresrente von 100 Kronen 56 Heller für einen
1185 352 2086 395 Knaben aus ſeiner Verwandſchaft geſtiftet. Bewerber
1184 389 2086 430 um dieſes Stipendium, welches für das Schuljahr
1186 423 2086 466 1910/11 zur Verleihung ausgeſchrieben wird, finden
1185 457 1765 496 Näheres hierüber im Amtsblatte.
1426 513 1841 554 Nr. 145 vom 27. Juni.
1221 557 2086 600 (Konkurſe.) Das Landesgericht Innsbruck hat
1183 592 2084 635 die Eröffnung des Konkurſes über das Vermögen des
1184 627 2084 673 Karl Mayr, Manufakturwarenhandlung in Innsbruck,
1184 662 2083 706 Kiebachgaſſe 10, bewilligt. Oberlandesgerichtsrat A.
1182 698 2084 741 Tarter wurde zum Konkurskommiſſär, Dr. Johann
1183 734 2084 777 Praxmarer, Advokat in Innsbruck, zum einſtweiligen
1183 768 2083 811 Maſſeverwalter beſtellt. — Im Konkurſe über das
1184 804 2084 848 Nachlaßvermögen des verſt. Franz Spechlik, Konfek⸗
1182 840 2083 884 tionsgeſchäftsinhabers in Innsbruck, hat der Maſſe⸗
1181 876 2083 918 verwalter Dr. Eduard Erler die Schlußrechnung, ſeine
1182 911 2081 953 Koſtennote, ſowie einen Entwurf zur Verteilung der
1180 946 2084 990 Maſſe überreicht. Anmeldungen bis 30. Juni; Tag⸗
1178 981 1452 1020 ſatzung 3. Juli.
1473 1047 1774 1113 Eingeſandt.
1509 1133 2043 1171 Geſchäftszahl Vr. VII 289/10/71.
1222 1183 1950 1226 Im Namen Seiner Majeſtät des Kaiſers!
1221 1235 2081 1278 Das k. k. Kreisgericht in Wels hat unter dem Vor⸗
1176 1270 2077 1317 ſitze des k. k. Landesgerichtsrates Dr. F. Kraſſel im
1176 1306 2077 1350 Beiſein der k. k. Landesgerichtsräte Valentini, vs.
1178 1342 2077 1381 Schmaus, Dr. Thon als Richter und des Auskul⸗
1177 1380 2077 1421 tanten Dr. Teufel als Schriftführer über die Anklage
1175 1413 2078 1457 der Protokoll. Firma P. Ladſtätter & Söhne
1175 1451 2075 1492 als Privatankläger vom 4. November 1910, G.⸗⸗Zl.
1177 1486 2077 1529 Vr. VII 289/10/58 gegen Johann Hintner ſenior,
1175 1521 2077 1562 geboren am 25. November 1847 in St. Veit in Tirol,
1174 1557 2075 1599 dahin zuſtändig, kath., verheiratet, nicht protokol⸗
1173 1592 2076 1635 lierter Huthändler in Wels, Obere Ringſtraße Nr. 3
1174 1626 2072 1671 und Nr. 7a, unbeſcholten, wegen Vergehens nach
1174 1664 2072 1705 §§ 23 und 25 des Geſetzes vom 6. Jänner 1890, Nr.
1175 1699 2074 1740 19 R.⸗G.⸗Bl., welcher Anklage vom k. k. Oberlandes⸗
1172 1734 2073 1774 gerichte Wien mit Erkenntnis vom 22. November 1910
1172 1769 2071 1813 G.⸗Z. Nr. 289/10/68 Folge gegeben wurde, heute nach
1170 1804 2072 1847 der in Folge Verfügung vom 29. November 1910,
1172 1840 2070 1883 G.⸗Z. Vr. IX 289/10/35 in Anweſenheit des Dr.
1173 1875 2072 1917 Viktor Engländer, als Vertreter des Privatklägers,
1171 1911 2070 1954 des auf freiem Fuße befindlichen Angeklagten Joh.
1170 1945 2071 1987 Hintner ſenior, des Verteidigers Dr. Salzmann am
1168 1980 2071 2027 9. Dezember 1910 vorgenommenen Hauptverhandlung
1168 2019 2071 2063 auf Grund des vom Ankläger geſtellten Antrages auf
1171 2053 2071 2100 Schuldſpruch und Beſtrafung des Angeklagten im
1171 2090 2070 2133 Sinne der erhobenen Privatanklage zu Recht
1168 2127 1302 2160 erkannt:
1212 2161 2069 2205 Johann Hintner iſt ſchuldig, daß er in den
1168 2197 2069 2240 Jahren 1900 bis 1910 in ſeinem Geſchäfte in Wels
1167 2233 2068 2276 Waren, nämlich Strohhüte und andere Hüte,
1167 2269 2069 2311 die mit einer Marke unbefugt bezeichnet waren, welche
1167 2304 2071 2346 die für die Firma P. Ladſtätter & Söhne ge⸗
1167 2339 2069 2383 ſetzlich geſchützte Marke, urſprüngliche Zahl 11.981,
1165 2374 2067 2417 Erneuerungszahl 40.637, mit ſo geringen Abänderun⸗
1166 2410 2065 2453 en und in ſo undeutlicher Weiſe wiedergaben, daß
1165 2446 2067 2489 der Unterſchied von dem gewöhnlichen Käufer der
1167 2483 2068 2524 betreffenden Waren nur durch Anwendung beſonderer
1166 2517 2065 2560 Aufmerkſamkeit hätte wahrgenommen werden können,
1166 2553 2064 2596 wiſſentlich in Verkehr geſetzt und feilgehalten hat,
1165 2589 2064 2631 ferner, daß er zu dieſem Zwecke wiſſentlich die ob⸗
1167 2624 2065 2668 erwähnte Markeder Firma P. Ladſtätter & Söhne
1165 2661 1470 2697 hat machen laſſen;
1206 2695 2062 2738 er hat hiedurch das Vergehen nach § 23 und 25 des
1164 2731 2063 2772 Geſetzes vom 6. Jänner 1890 Nr. 19 R.⸗G.⸗Bl. be⸗
1163 2767 2063 2809 gangen und wird gemäß § 23 dieſes Geſetzes unter
1164 2802 1669 2842 Anwendung des § 266 St.⸗G.
1205 2839 2060 2881 zu einer Geldſtrafe von 300 (dreihundert) Kro⸗
1161 2876 2061 2916 nen, im Nichteinbringungsfalle zu 30 (dreißig) Tagen
1160 2909 2061 2952 Arreſt, ſowie gemäß § 389 St.⸗P.⸗O. zum Straf⸗
1161 2941 1529 2984 koſtenerſatze verurteilt.
1203 2980 2058 3023 Gleichzeitig wird gemäß § 27 Abſatz 2 des Geſetzes
1159 3018 2059 3059 vom 6. Jänner 1890 Nr. 19 R.⸗G.⸗Bl. der klägeriſchen
1160 3053 2060 3095 Firma die Ermächtigung erteilt, obiges Urteil ohne
1160 3087 2058 3131 Gründe in den Zeitungen: „Neue Freie Preſſe“,
1160 3123 2058 3168 „Öſterreichiſche Hutmacher⸗Zeitung“, „Linzer Tages⸗
1157 3158 2058 3201 poſt“, „Salzburger Volksblatt“ und „Innsbrucker
1158 3196 2057 3236 Nachrichten“ auf Koſten des Beklagten veröffentlichen
1158 3231 1326 3268 zu laſſen.
1961 3237 2019 3272 339
1198 3276 1717 3313 Wels, am 9. Dezember 1910.
1224 3328 1984 3372 Dr. Kraſſel m. p. Dr. Teufel m. p.
1307 3373 1935 3417 Vorſitzender. Schriftführer.
1200 3428 1962 3469 Stimmt mit dem Original wörtlich überein.
1198 3479 2051 3526 K. k. Kreisgericht Wels, Kanzlei⸗Abt. VII, am 22.
1156 3517 1426 3553 Dezember 1910.
1198 3557 2018 3605 L. S. Lutz m. p.
1198 3613 1999 3657 Vorſtehendes Urteil iſt in Rechtskraft erwachſen.
1199 3665 2051 3711 K. k. Kreisgericht Wels Abt. VII, am 21. Juni 1911.
1197 3712 2001 3756 L. S. Kraſſel m. p.
1268 3859 2014 3921 Auf Güte, Preis und Gewicht
1686 3932 1966 3962 Ist beim Einkaufe
1708 3971 1945 4002 und Vergleiche
1722 4009 1933 4037 von Seife zu
1709 4050 1942 4076 achten. Keine
1685 4085 1959 4115 Seife der Welt er-
1685 4125 1962 4153 reicht Schichtseife
1714 4165 1934 4191 in allen ihren
1719 4203 1929 4235 guten Eigen-
1696 4241 1944 4270 schaffen, Rein-
1682 4277 1958 4310 heit, Waschkraft,
1775 4316 1867 4346 Milde
1704 4355 1933 4386 und Billigkeit
2177 232 2962 275 Hervorragendes Kur- und Tafelwasser
2158 290 2643 459 Klösterle
2693 299 2945 338 Natürlicher
2647 329 2976 393 Sauerbrunn
2659 418 2978 457 Lithion-Quelle.
2149 474 2984 510 im täglichen Gebrauch der Herren Professoren
2466 523 2664 553 und Aerzte.
2152 564 2981 607 Überall zu haben. Hauptdepot für Innsbruck:
2153 601 2983 644 Alois Flora, Andreas Hoferſtraße 42; Haupt⸗
2150 636 2981 676 depot für Schwaz: Ferd Rainer, Getreide⸗
2503 673 2641 710 Geſchäft.
2921 676 2979 710 535
2229 762 2474 800 NIEDERLAGEN:
2280 802 2419 835 • WIEN •
2237 836 2468 865 • BUDAPEST •
2266 867 2437 896 • TRIEST •
2265 895 2436 924 • PARIS •
2247 922 2466 958 CHRISTIANIA
2260 957 2451 990 • TORONTO •
2488 767 2661 802 FABRIKEN:
2493 800 2643 834 • PRAG •
2483 838 2659 870 WINTERBERG
2483 868 2650 900 • KLATTAU •
2481 900 2596 927 NEUERN
2237 765 2966 1240 LÖWENMARKE
2433 933 2849 1181 IN ALLEN CULTURSTAATEN REGISTRIERT
2560 1146 2895 1183 FÜR HERRENWÄSCHE.
2465 1179 2974 1227 • M • JOSS & LÖWENSTEIN •
2442 1220 2935 1255 K • U • K • HOFLIEFERANTEN • PRAG •
2152 1335 2969 1439 Im Rivalitätskampf
2484 1446 2965 1481 auf dem Weltmarkt marschie-
2484 1484 2965 1523 ren unsere Originalmarken pho⸗
2486 1521 2963 1560 tographischer Kameras, deren
2484 1555 2962 1593 Ruf wohl erworben und ge⸗
2484 1591 2966 1630 festigt ist, an der Spitze, denn
2480 1629 2963 1666 jede Kamera ist das Ergebnis
2483 1664 2964 1695 subtiler Feinarbeit und bildet
2146 1697 2962 1737 durch praktische Bauart, wie durch musterhafte
2146 1733 2964 1770 Ausführung aller Einzelheiten eine Klasse für sich.
2170 1766 2945 1805 Bei Angabe des Artikels Katalog 50 kostenfrei.
2144 1821 2959 1915 Stöckig & Co., Bodenbach i. B.
2441 1924 2658 1952 Hoflieferanten.
2419 2041 2728 2089 Marienbader
2153 2112 2988 2161 Kreuzbrunnen, Ferdinandsbrunnen oder
2284 2174 2861 2215 das Brunnensalz verhindern
2150 2233 2988 2284 am erfolgreichsten die Stahlverstopfung
2190 2297 2943 2346 ohne Magen- und Darmbeschwerden.
2200 2420 2866 2614 Ceresit
2305 2637 2889 2677 macht nasse Keller feuchte
2197 2675 2918 2724 Wohnungen garantiert staubtrocken
2118 2726 2954 2763 I REFERENZEN ÖSTERR. WIEN PROSPEKTE GRATIS
2125 2782 2958 2834 Oesterr. Ceresit-Gesellschaft m.b.H. Wien, XVIII/1
2125 2825 2946 2867 Martins-Strasse 71 Telefon 22288
2159 2865 2916 2914 Niederlage: Hofer & Erhart, Innsbruck,
2381 2913 2699 2952 Bozen und Meran.
2127 2915 2216 2947 52—8
2901 2919 2956 2958 230
2139 3030 2926 3145 Unleugbare Tatsache
2084 3150 2987 3192 ist es, dass selbst der beste Bohnenkaffee ohne ein gutes
2084 3185 2987 3227 Kaffeesurrogat schal und leer schmeckt. Wir empfehlen
2083 3220 2987 3264 den geehrten Hausfrauen deshalb die Verwendung des
2348 3257 2723 3295 anerkannt vorzüglichen
2108 3303 2961 3364 Kaiserkaffee-Zusatzes
2082 3373 2985 3413 von Adolf J. Titze in Linz, welcher dem Kaffee
2083 3409 2985 3451 einen feinen, aromatischen Geschmack, sowie eine pracht-
2081 3444 2983 3486 volle Farbe gibt und dabei ungemein ausgiebig, daher
2348 3482 2717 3519 billig im Gebrauch ist.
2848 3488 2983 3517 824—8•5
2224 3636 2850 3785 Serravalló
2161 3841 2903 3891 China- Wein mit Eisen
2159 3892 2901 3931 Hygien. Ausstellung Wien 1906: Staatspreis
2195 3930 2845 3969 und Ehrendiplom, zur goldenen Medaille.
2160 3967 2880 4003 Hygienische Ausstellung Wien, 1906.
2354 4003 2899 4041 Höchste Auszeichnung. 223—25ſ15
2160 4048 2898 4084 Kräftigungsmittel für Schwächliche, Blutarme
2158 4081 2890 4117 und Rekonvaleszenten. — Appetitanregendes,
2195 4119 2855 4153 nervenstärkendes, blutverbesserndes Mittel.
2158 4159 2890 4197 Vorzügl. Geschmack. Ueber 7000 ärztl. Gutachten
2157 4204 2888 4242 J. Serravallo, k. u. k. Hofl., Trieste-Barcola.
2155 4249 2886 4286 Käuflich in den Apotheken in Flaschen zu ½
2191 4284 2852 4316 Liter à K 2.60 und zu 1 Liter à K 4.80.
