3488 5353
248 151 451 197 Nr. 16830
817 148 1105 199 Wien, Samstag
1499 151 2082 196 Neue Freie Presse.
2518 157 2752 198 1. Juli 1911
3156 155 3326 202 Seite 13
207 227 1235 272 befunden habe, durch das ihnen wie vor drei Jahren ihr Beſitz arg
209 266 1234 311 geſchädigt worden ſei. Strafrichter Dr. Devez verurteilte die Ange⸗
209 299 1232 345 klagte wegen Amtsehrenbeleidigung zu zwanzig Kronen
208 335 1231 381 Geldſtrafe, im Nichteinbringungsfalle zu 48 Stunden Arreſts.
206 371 1233 415 Die Verurteilte hielt ſich Bedenkzeit offen, ebenſo der ſtaatsanwalt⸗
206 406 995 452 ſchaftliche Funktionär wegen zu geringer Beſtrafung.
282 473 1237 522 Salzburg, 30. Juni. (Der erzürnte Reichs⸗
203 514 1234 560 ratskandidat.) Vor dem Strafrichter Dr. Haſſak des
206 552 1233 602 hieſigen Bezirksgerichtes hatte ſich der Redakteur der ſozial⸗
207 592 1235 640 demokratiſchen „Salzburger Wacht“ Joſef Witternigg, der
205 631 1233 677 bei der Stichwahl im dritten Salzburger Wahlkreis gegen
206 669 1231 719 den Abgeordneten Hueber unterlag, wegen Ehrenbeleidigung
204 709 1233 757 zu verantworten. Am Hauptwahltage war es in der Max⸗
206 747 1232 797 glaner Hauptſtraße zu einem Rencontre zwiſchen Sozial⸗
206 787 1231 832 demokraten und Mitgliedern der deutſchen Arbeiterpartei ge⸗
203 824 1229 873 kommen, wobei Witternigg ſeinen Gegnern „Gelbe Falloten,
203 864 1232 913 Schufte und Streikbrecher!“ zurief. Wegen dieſer Schimpf⸗
204 902 1233 951 worte erhob der Fleiſchhauer Joſef Noiſternigg, der ſich
205 943 1232 991 unter den Deutſchnationalen befunden hatte, die Klage gegen
204 981 1231 1029 Witternigg. Der Angeklagte verantwortete ſich dahin, daß ſeine
204 1020 1229 1068 Aeußerungen nicht dem Kläger, ſondern deſſen Partei im
203 1057 1227 1107 allgemeinen gegolten hätten. Der Richter verurteilte Witternigg
202 1097 1232 1146 zu acht Tagen ſtrengen Arreſts, da als erſchwerend der
202 1135 1229 1184 Umſtand vorliege, daß Witterniggs Benehmen abſichtliche
203 1173 1231 1224 Geringſchätzung gegen ganze Klaſſen und Stände der bürger⸗
200 1217 810 1260 lichen Geſellſchaft an den Tag legte.
211 1289 1216 1372 Telegramme des Korreſpondenzbureaus.
283 1364 1228 1419 Kiel, 30. Juni. Kaiſer Wilhelm empfing geſtern
198 1407 1226 1458 an Bord das Komitee der türkiſchen Studien⸗
196 1452 1224 1507 geſellſchaft unter Führung von Dr, Jaeckh
195 1496 1224 1552 (Heilbronn) und unterhielt ſich längere Zeit mit den
192 1543 329 1592 Herren.
285 1587 1226 1644 Konſtantinopel, 30. Juni. Nach einer Depeſche
195 1634 1225 1686 des Bali von Erzerum haben Ruſſen vorgeſtern einen
195 1676 1225 1730 Kurden getötet. Die Pforte iſt deswegen in
196 1722 870 1775 Petersburg eingeſchritten.
355 1799 1075 1846 Die amerikaniſchen Truſtprozeſſe.
269 1850 1226 1897 Newyork, 30. Juni. Der frühere Präſident der Carnegie
193 1890 1225 1937 Truſt Company, Reichmann, der ſchuldig befunden wurde,
193 1926 1225 1976 dem Bankdepartement des Staates falſche Angaben gemacht zu
189 1967 1224 2016 haben, iſt zu viereinhalb Monaten Zuchthaus ver⸗
191 2008 432 2049 urteilt worden.
269 2052 1223 2099 Newyork, 30. Juni. Die Erhebung von Anklagen
192 2090 1222 2141 gegen 83 Einzelperſonen, unter denen ſich viele bekannte Finanz⸗
191 2130 1224 2180 leute, Induſtrielle und Anwälte befinden, wird als der Beginn
191 2167 1224 2217 einer neuen Regierungspolitik gegen die Truſtgeſell⸗
189 2206 1221 2259 ſchaften angeſehen, welche gegen die Untergeſellſchaften anſtatt
190 2243 1220 2298 gegen die Hauptkorporationen gerichtet iſt. Das Juſtizdepartement
189 2284 1223 2335 führt vier voneinander unabhängige Unterſuchungen gegen die
189 2324 1223 2375 Untergeſellſchaften, wobei dieſe in vier Gruppen nach der Pro⸗
188 2366 607 2414 duktionsart eingeteilt ſind.
250 2439 1144 2494 Konfiskationen ſeitens der amerikaniſchen
557 2483 856 2534 Zollbehörden.
267 2533 1220 2584 Newyork, 30. Juni. Die Zollbehörde hat geſtattet, die
188 2570 1223 2625 wegen zu geringer Wertangabe beſchlagnahmten engli⸗
188 2610 1222 2663 ſchen und deutſchen Meſſerſchmiedewaren, trotz⸗
186 2647 1221 2695 dem die Unterſuchung noch ſchwebt, freizugeben, da deren Feſt⸗
186 2685 1222 2741 haltung den geſamten amerikaniſchen Handel in dieſer Branche
188 2725 1221 2779 in Verlegenheit gebracht hat. Die Importeure ſind im
188 2765 1220 2819 Begriffe, Bons zu hinterlegen, die den Wert im Urſprungslande
190 2802 1220 2857 decken, und entſprechende Beträge für die eventuellen Zuſchlags⸗
187 2844 1220 2896 zölle und die möglicherweiſe zu erwartenden Geldſtrafen zu
185 2889 364 2934 deponieren.
269 2955 1220 3010 [Telegr.] Glasgow, 30. Juni. Roheiſen ſtetig, per
187 2997 996 3050 Kaſſe 46 sh. 4 d., per drei Monate 46 sh. 7 d.
275 3067 1220 3127 Newyork, 30. Juni. (Newyorker Preiſe
184 3115 733 3169 und Kurſe von heute.)
273 3151 1220 3211 Tendenz für Geld ſtetig; Geld auf 24 Stunden.
187 3195 1221 3256 Durchſchnittsrate 2 ½ (2 ⅜), letztes Darlehen 2 ½
186 3240 1219 3300 (2 ½); Wechſel auf Berlin, Sicht 95 ⅛ (95 ⅛);
188 3282 1221 3343 Paris, Sicht 5.20 ⅜ (5.20); London, 60 Tage 4.84²⁵
186 3323 1219 3386 (4.84²⁰), Cable Transfers 4.86⁴⁵ (4.86⁵⁵); Silber
187 3369 1219 3428 Bullion 52 ¾ (52 ¾); Bonds: Atchiſon 4proz. konv.
187 3413 1219 3472 113 ¼ (113 ½); Cheſapeake 4 ½proz. konv. 96
185 3454 1217 3516 (96 ¼); Colorado-Southern 4 ½proz. 98 ⅛ (98 ¼);
185 3498 1220 3558 Northern⸗Pacific, 3proz. 71 ⅛ (71), Prior. Lien, 4proz.
185 3541 1217 3601 99 ¼ (99 ⅝); St. Louis and San Francisco, Refunding,
182 3584 1218 3644 4proz. 81 ⅞ (81 ⅞); Southern⸗Pacific, 4proz. konv. 99 ⅛
182 3627 1218 3689 (99 ¼); Union⸗Pacific, 4proz. konv. 108 ¾ (108 ¾;
184 3671 1216 3731 Wertpapiere: Atchiſon 113 ⅛ (113 ½); Baltimore 108 ¾
186 3715 1219 3773 (109); Canadian 241 ⅛ (241 ½); Cheſapeake 82 ¼
183 3756 1216 3818 (83 ¼); Chicago Milwaukee 126 ⅞ (126 ¾); Colorado
187 3800 1216 3859 and Southern 54 (54); Denver and Rio Grande
186 3843 1216 3903 28 (27 ½), Pref. 57 ½ (57 ½); Erie 37 ¾ (37 ⅛),
181 3886 1214 3946 Firſt Pref. 59 ¾ (58 ⅜); Great Northern, Pref. 137 ⅛
183 3931 1214 3990 (137 ½); Illinois Central 141 ⅛ (141 ¼); Lehigh Valley
186 3972 1217 4031 175 ¼ (180 ⅝); Louisville 150 ¾ (151 ¼); Miſſouri
180 4020 1213 4083 Kanſas 36 ¼ (36 ¼), Pref. 66 (67); Miſſouri⸗
183 4067 1215 4126 Pacific 49 ¾ (50 ⅜); National, Railways of Mexiko,
183 4111 1215 4171 Pref. 66 (63—67), Second Pref. 31 (30 ¾); Newyork
183 4153 1215 4210 Central 109 ⅝ (109 ⅝); Newyork Ontario 45 ½ (45 ¼);
181 4196 1218 4255 Norfolk 109 ⅜ (109 ⅜); Northern⸗Pacific 134 ¼ (134 ½);
180 4242 1214 4300 Pennſylvania 124 ⅛ (124 ⅜); Reading 159 ¾ (160);
183 4284 1212 4340 Rock⸗Island 33 (32 ¾), Pref. 64 ¾ (64 ½); Southern⸗
181 4327 1215 4387 Pacific 123 (124 ⅞); Southern 31 ¼ (31 ¼), Pref. 71 ⅝
181 4369 1213 4432 (72 ¼); Union⸗Pacific 188 ⅝ (189 ¼), Pref. 94 (94 ½);
181 4413 1212 4473 Wabaſh, Pref. 36 (36 ¼); Weſtern Maryland 59 ¾
181 4455 1215 4518 (59 ½); Amalgamated 69 ½ (70 ⅛); American Tin Can,
182 4500 1212 4560 Pref. 84 ½ (84 ¾); Locomotiv 40 ½ (40 ½); Smelting
180 4542 1213 4601 and Refining 79 ½ (79 ⅞); Sugar Refining 119
183 4587 1211 4648 (119); Anaconda 40 ⅜ (40 ⅜) ; General Electric 161
183 4627 1212 4690 (161 ⅝); United States Steel 78 ⅝ (78 ¾), Pref.
181 4672 1211 4735 118 (118 ⅛); Utah Copper 49 ⅞ (49 ⅞), Virginia
182 4725 765 4774 Carolina Chemical 55 ⅜ (55 ¼).
267 4768 766 4818 Aktienumſatz 231.000 Stück.
260 4805 1209 4860 Das Geſchäft an der heutigen Börſe, das hauptſächlich
181 4847 1213 4904 nur von der Berufsſpekulation beſtritten wurde, trug bei
177 4891 1211 4952 zumeiſt behaupteten Kurſen einen ruhigen Charakter. Die
178 4937 1211 4996 Tendenz geſtaltete ſich bei geringen Schwankungen unregel⸗
180 4979 1210 5041 mäßig. Das Vorgehen der Regierung gegen den Draht⸗
182 5023 1212 5083 truſt und andere Pools wirkte auf die Unternehmungsluſt
183 5068 1208 5127 etwas hemmend ein, ohne daß jedoch der Verkehr hiedurch
179 5109 1210 5170 eine weſentliche Störung erlitten hätte, da man glaubt,
176 5156 1212 5212 daß die Unterſuchung ſich mehr gegen frühere als gegen
1265 230 2294 279 jetzige Pools richten werde. Außerdem wirkten auch die
1269 272 2296 322 Feſtigkeit des Maismarktes und die bevorſtehenden Feier⸗
1270 316 2295 369 tage nachteilig ein, doch war ein feſter Unterton im
1271 361 2292 411 weiteren Verlaufe nicht zu verkennen, und die Befeſtigung
1268 404 2294 452 vertiefte ſich im weiteren Verlaufe. Im Vordergrunde des
1263 445 2291 494 Intereſſes ſtanden Erie⸗Aktien, da die wiederauſtauchenden
1267 487 2295 536 Gerüchte von der Ausſchüttung einer Dividende auf die
1263 531 2292 581 Vorzugsaktien dieſer Bahn anregten. Auch knüpften ſich
1266 574 2294 625 an die Gerüchte, wonach der Vizepräſident der Crie⸗Bahn,
1267 616 2296 666 I. C. Stuart, mit den Vertretern der Canada⸗Pacific⸗
1271 659 2295 711 Bahn in Winnipeg eine Konferenz gehabt hätte, Er⸗
1263 704 2294 754 wartungen, daß die Canada⸗Pacific⸗Bahn die Kontrolle
1264 745 2292 797 über die Crie⸗Bahn zu erwerben ſucht. Späterhin trat bei
1264 788 2291 840 ruhigem Geſchäfte eine Stagnation ein. Die Aktien der
1269 835 2291 883 Cheaſepeake and Ohio⸗Bahn erlitten eine Einbuße von
1262 875 2292 924 1 Dollar, da die Befürchtung vorherrſchte, daß das Ver⸗
1264 919 2291 970 kehrsabkommen der Norfolk and Weſtern⸗Bahn mit den
1264 965 2293 1012 Gould⸗Bahnen das Geſchäft der Cheaſepeake⸗Bahn be⸗
1264 1007 2293 1057 einträchtigen wird. Gegen Schluß belebte ſich der Verkehr
1263 1053 2291 1101 wieder. Im Vordergrunde der Tätigkeit ſtanden nunmehr
1263 1095 2287 1143 die Aktien der Brooklyn Rapid Tranſit Company,
1264 1140 2291 1186 da die Behörden der Stadt Newyork die Vor⸗
1264 1182 2288 1232 ſchläge der Geſellſchaft hinſichtlich der Ausführung
1262 1226 2285 1275 der Newyorker Untergrundbahnen angenommen haben.
1262 1271 2206 1319 Die Börſe ſchloß im allgemeinen in ſtetiger Tendenz.
1344 1312 2289 1361 Die St. Louis and San Francisco⸗Bahn hat die
1266 1356 2289 1405 Louisville Southern⸗Bahn erworben. Die Atchiſon Topeka⸗
1264 1399 2288 1450 Bahn gab 80 Lokomotiven in Auftrag. Die Baltimore
1265 1443 2290 1493 and Ohio⸗Bahn erhöhte die Löhne einer Kategorie von
1264 1487 2286 1538 Maſchiniſten um 6 Dollars. Die Banken gewannen aus
1262 1528 2288 1578 dem Innern 8,776.000 Dollars und an Gold 1,651.000
1263 1572 2287 1624 Dollars, gaben hingegen an das Unterſchatzamt
1262 1617 2288 1665 18,428.000 Dollars ab. Geld für längere Termine no⸗
1264 1657 2291 1709 tierte 2 ½ bis 3 ⅝ Prozent. Die Kupferausfuhr für den
1262 1703 2285 1753 Monat Juni wird auf 65, der heimiſche Verbrauch
1259 1746 2285 1796 auf 70 Millionen Pfund geſchätzt, was einer Abnahme
1262 1789 2284 1843 der Kupfervorräte von 9 Millionen Pfund gleichkommt.
1260 1832 2284 1883 Der Controller of Currency gibt bekannt, daß die
1263 1876 2288 1928 Totalreſerven der 7277 Nationalbanken am 7. Juni
1256 1919 2282 1970 1.478,141.000 Dollars, um 121,871.000 Dollars mehr
1260 1964 1929 2014 als geſetzlich notwendig iſt, betrugen.
1343 2003 2285 2054 American Car and Foundry 56 ¼ (letzter Kurs 56),
1255 2047 2288 2097 International Harveſter 121 ½ (121 ¾), National Lead
1254 2090 2286 2144 55 (55 ½), Republic Iron and Steel 30 (31 ⅛),
1255 2135 1713 2183 Standard Oil 632 (635).
1336 2173 2285 2228 Umſätze: Reading 28.000 Stück, höchſter Preis
1253 2219 2284 2273 160 ¼, niedrigſter Preis 159 ⅝; Union⸗Pacific 25.000
1256 2262 2286 2316 Stück, höchſter Preis 189 ⅛, niedrigſter Preis 188 ⅜;
1256 2306 2286 2354 Steels 38.000 Stück, höchſter Preis 78 ¾, niedrigſter
1253 2348 2286 2402 Preis 78 ⅛; Erie 23.000 Stück, höchſter Preis 38 ⅛;
1251 2393 1621 2445 niedrigſter Preis 37.
1332 2435 2281 2489 Auf dem Baumwollmarkte wurde nach un⸗
1255 2481 2281 2533 regelmäßiger Eröffnung die Haltung beſſer, da die kon⸗
1257 2521 2282 2575 traktlichen Kündigungen eingeſtellt wurden und die Loko⸗
1258 2566 2280 2619 häuſer kauften. Die letzten Preiſe waren jedoch trotz
1255 2609 2280 2665 ſtetiger Tendenz auſ Abgaben Neworleanſer Firmen
1255 2658 1599 2707 etwas abgeſchwächt.
1333 2694 2282 2745 Baumwolle, Newyork, loko 14.80 (14.80), per Juni
1251 2740 2281 2791 —.— (14.52), per Juli 14.58 (14.54), per September
1253 2781 2284 2835 13.52 (13.55), per Oktober 13.18 (13.23), per November
1250 2825 2284 2878 13.17 (13.22), per Dezember 13.18 (13.24), per Januar
1251 2868 2282 2923 13.16 (13.22), Neworleans, loko 15 ¹/₁₆ (15 ¹/₁₆). Baum⸗
1250 2913 2283 2965 wollzufuhren zum Golf 1000 ,(1000), zum Atlantiſchen
1250 2954 2282 3010 Ozean 2000 (—.—). Petroleum, raffiniertes
1249 2996 2286 3050 in Caſes 8.75 (8.75), Standard White in Newyork
1249 3040 2285 3095 7.25 (7.25), Standard White in Philadelphia 7.25 (7.25),
1249 3084 2282 3133 Credit Balances at Oil City 1.30 (1.30). Terpentin in
1249 3125 2282 3180 Newyork 56 (57), in Savannah 53 (52 ½).
1250 3169 2280 3224 Schmalz, Weſtern Steam 8.55 (8.45), Rohe und
1248 3211 2279 3266 Brothers 8.70 (8.60), Neutrallard 9 ⅛ (9 ⅛). Talg in
1248 3256 2280 3311 Hoghsheads 6 (6). Zucker, Muscovados, 3.48
1248 3298 2281 3355 (3.48), Standard Granulated 5 (5). Kaffee,
1248 3342 2277 3393 Rio Nr. 7, loko 13 ⅛ (13 ⅛), per Juli 11.09 (11.04),
1248 3386 2279 3439 per September 10.92 (10.85), per Dezember 10.76 (10.66).
1248 3429 2276 3481 Roheiſen (niedrigſter Preis) Nr. 1 Northern
1247 3470 2276 3524 Foundry 15 (15), Nr. 2 Northern Foundry
1248 3513 2276 3569 14 ¾ (14 ¾), Nr. 1 Southern Foundry 14 ¾ (14 ¾),
1248 3558 2275 3611 Southern Soft 14 ¾ (14 ¾). Kupfer Standard loko 12.25
1245 3600 2276 3653 (12.25), Elektrolytic 12 ⅝ (12 ⅝). Rohzinn 44.50
1246 3642 2274 3698 (45.50). Zink 5.70 (5.70). Blei 4.45 (4.45).
1246 3685 2273 3741 Pittsburg⸗Beſſemerſtahl 21.50 (21.50). Stahlſchienen
1244 3729 2274 3786 per Pfund 1.25 (1.25). Getreidefracht per Buſhel
1246 3773 2272 3829 (60 lbs.): nach Liverpool 1 ½ (1 ½), nach Rotterdam
1245 3817 2275 3871 2 ¾ (2 ¾), Getreidefracht per Buſhel (100 am. lbs.)
1244 3859 2272 3914 nach Bremen 25 (30), nach Hamburg 30 (30). Weizen
1244 3902 2274 3954 roter Winter Nr. 2, loko 95 ¾ (95 ¾), per Juli
1244 3945 2273 4000 94 ½ (94 ½), per September 94 ⅞ (95 ⅜), Mais, Nr. 2
1243 3989 2272 4041 Mixed, loko 62 ⅓ (65), per Juli 62 ¾ (64), per Sep⸗
1245 4032 2274 4086 tember 65 (66 ¾), Hafer, Nr. 2 Clipped, loko 50 (50).
1243 4075 2270 4129 Mehl, Spring Wheat Clears 3.90 (3.85), Minneapolis
1245 4122 1720 4173 Firſt Patents 4.90 (4.90).
1329 4168 2271 4225 Chicago, 30. Juni. Weizen, roter Winter⸗
1241 4213 2272 4267 weizen Nr. 2 per Juli 89 ⅜ (88 ⅞), per September
1243 4259 2270 4312 89 ⅛ (89 ¾). Mais Nr. 2 per Juli 57 ¾ (58 ⅞), per
1241 4299 2272 4354 September 60 (61 ⅛). Hafer Nr. 2 per Juli 43 ½
1241 4344 2271 4398 (43 ¼). Schmalz per Juli 8.22 (8.22), per September
1241 4385 2273 4442 8.42 (8.37). Rippen per Juli 8.27 (8.35).
1242 4428 2271 4484 Schweinefleiſch per Juli 15.25 (15.40). Speck
1240 4471 2270 4525 Short Clears 8.25 (8.25). Schweinezufuhren im Weſten
1240 4514 2269 4570 99.000 (76.000) Stück, in Chicago 22.000 (15.000) Stück
1323 4559 2271 4612 Der Weizenmarkt in Chicago zeigte
1246 4603 2269 4659 während des ganzen Verlaufes Feſtigkeit. Anfangs wirkten
1243 4644 2270 4705 geringe argentiniſche Verſchiffungen und ungünſtige Ernte⸗
1243 4688 2268 4748 nachrichten aus Rußland befeſtigend, während ſpäter die
1241 4732 2270 4793 gute Exportnachfrage und unbefriedigende Nachrichten über
1244 4775 2266 4839 die Ernteverhältniſſe zu weiteren Steigerungen führten.
1243 4820 2269 4880 Der Schluß war ſtetig. Auf dem Maismarkte zogen
1242 4862 2267 4923 die Kurſe auf Meldungen trockener und heißer Witterung
1242 4907 2268 4971 im geſamten, weſtlichen Anbaugebiete und Käufe der
1244 4952 2087 5014 Kommiſſionshäuſer an. Der Schluß war ſtetig.
1327 5002 2267 5065 Chicago, 30. Juni. Sears Roebuck, Com. 141
1240 5058 1348 5109 (141).
1324 5095 2267 5159 Rio⸗de⸗Janeiro, 29. Juni. Wechſel auf London
1239 5150 1508 5203 16 ⁶/₁₆ (16 ⁶/₁₆).
2559 235 3151 327 Der Economiſt.
2447 362 3252 436 Die ungariſche Parzellierungsbank.
3043 443 3324 483 Wien, 30. Juni.
2408 492 3360 542 Der ungariſche Finanzminiſter hat im Abgeordneten⸗
2330 534 3359 586 haus am Montag einen ſehr bemerkenswerten Geſetz⸗
2333 579 3355 631 entwurf eingebracht. Die Regierung ſoll ermächtigt werden,
2331 621 3360 673 im Verein mit dem ungariſchen Bodenkreditinſtitut, der
2333 664 3363 714 Landes⸗Boden⸗ und Kreditanſtalt der kleinen Grund⸗
2331 707 3358 759 beſitzer und der Landes⸗Zentralkreditgenoſſenſchaft eine
2332 751 3362 800 Parzellierungsbank mit einem Kapital von 15 Millionen
2329 795 3364 844 Kronen zu gründen, wobei von den Geſchäftsanteilen des
2329 837 3368 888 Inſtituts zu Laſten der Staatskaſſenbeſtände 8 Millionen
2330 880 3363 931 Kronen gezeichnet werden dürfen. Außerdem ſollen auf
2334 924 3367 976 einem etwas komplizierten Wege dem Staate gehörige
2332 968 3363 1017 Obligationen im Nominale von 10 Millionen Kronen in
2329 1011 3363 1059 das Eigentum der Anſtalt übergehen können, damit ent⸗
2329 1054 3360 1106 weder aus deren Erlös ein beſonderer Sicherſtellungs⸗
2328 1096 3360 1147 fonds für eventuelle von der Anſtalt zu emittierende
2331 1139 3364 1192 eigene Obligationen gebildet oder durch Lombardierung
2328 1182 3358 1233 derſelben das Betriebskapital des Unternehmens erhöht
2329 1228 3362 1278 werden könne. Das Zinſenerträgnis der Obligationen iſt
2327 1269 3361 1322 jährlich an die Staatskaſſe abzuführen. Dem Effekt nach
2327 1314 3359 1364 wird der Staat 8 Millionen Kronen aus den Kaſſen⸗
2330 1354 3361 1407 beſtänden zur Beſchaffung des Aktienkapitals der Geſell⸗
2327 1399 3359 1454 ſchaft beitragen und weiter ein Betriebskapital von
2326 1441 3362 1495 10 Millionen Kronen gegen eine niedrige Verzinſung bei⸗
2329 1485 3360 1537 ſteuern. Es handelt ſich alſo, aus allen äußeren Formen
2327 1527 3364 1582 herausgeſchält, um eine ſtaatliche Unterſtützung für die
2326 1569 3358 1622 Gründung der Geſellſchaft und die Stärkung ihrer Be⸗
2328 1613 3358 1668 triebsmittel. Außerdem wird der Unternehmung voll⸗
2325 1656 3361 1709 kommene Steuer⸗, Stempel⸗ und Gebührenfreiheit be⸗
2325 1700 3358 1755 willigt. Dem Ackerbauminiſterium iſt eine Ingerenz auf
2327 1743 3359 1796 die Geſtion des Inſtituts eingeräumt, welches dem Plan
2327 1786 3356 1840 nach eigentlich dazu geſchaffen wird, die Mittel und hiemit
2325 1828 3356 1883 die Möglichkeit herbeizuſchaffen, eine ſtaatliche Bodenbeſitz⸗
2326 1871 3356 1928 politik in Ungarn zu betreiben und gewiſſermaßen eine
2323 1916 2934 1965 innere Koloniſation durchzuführen.
2406 1973 3353 2031 Eine der brennendſten Fragen der ungariſchen
2325 2020 3353 2072 Volkswirtſchaft und auch der ungariſchen ſtaatlichen
2326 2061 3353 2116 Politik iſt die Bekämpfung der Aus⸗
2325 2107 3352 2161 wanderung. Die Auswanderung hat eine bedenkliche
2325 2149 3354 2203 Höhe erreicht, und die letzte ungariſche Volkszählung hat
2327 2194 3355 2246 gezeigt, daß ſie ſchon auf die Volksvermehrung in Ungarn
2327 2237 3355 2287 einen unerwünſchten, hemmenden Einfluß ausübt. Zahl⸗
2327 2280 3354 2330 reiche Symptome ſprechen dafür, daß die ſtarke Aus⸗
2323 2324 3351 2374 wanderung, die auch die rein magyariſchen Gebiete
2325 2366 3353 2418 ergriffen hat, mit der Agrarfrage in innigem Zuſammen⸗
2322 2410 3351 2462 hange ſteht. In allen Agrarländern ſpielt der ſo
2324 2454 3352 2503 genannte Landhunger der ländlichen Bevölkerung eine
2325 2495 3352 2547 große Rolle. Bei ihr beſteht das Beſtreben, ſelbſtändiger
2322 2538 3350 2592 Grundbeſitzer zu werden, in ausgedehntem Maße. Bis⸗
2321 2583 3349 2633 her haben Private durch Zerſchlagung großer Grund⸗
2321 2626 3349 2675 ſtücke aus dieſem Landhunger ungeheuren Vorteil
2324 2670 3348 2720 gezogen. Bei den Parzellierungen werden Preiſe für
2324 2712 3351 2764 kleinere Grundkomplexe erzielt, welche außer Verhältnis
2321 2756 3350 2805 ſtehen zum wirklichen inneren Werte derſelben. Hiebei
2323 2799 3349 2847 haben ſich Rückwanderer, welche als Arbeiter in den
2323 2839 3350 2890 amerikaniſchen Bergbaudiſtrikten Geld erworben haben, in
2322 2887 3350 2934 hervorragendem Maße direkt an dieſen Grundankäufen
2323 2927 3348 2977 aus Parzellierungen beteiligt, oder es haben Aus⸗
2324 2971 3348 3020 gewanderte ihren in Ungarn zurückgebliebenen Familien⸗
2321 3014 3350 3064 angehörigen Geldbeträge geſendet, um derartige Ankäufe
2320 3057 3349 3107 vorzunehmen. So hat dieſes Parzellierungsgeſchäft, welches
2318 3100 3346 3148 zum Teile als Güterſchlächterei bezeichnet werden könnte,
2318 3142 3348 3192 denjenigen Perſonen, welche ſich mit demſelben beſchäftigten,
2319 3185 3347 3236 große Vorteile gebracht. Andererſeits wurden durch die
2322 3226 3347 3279 Ueberzahlung der einzelnen Grundſtücke ungeſunde Ver⸗
2318 3270 3345 3322 hältniſſe geſchaffen. Die Käufer mußten einen Teil des
2320 3314 3345 3364 Kaufſchillings, da ihnen nicht die entſprechenden Mittel
2319 3354 3344 3409 zur Verfügung ſtanden, als Hypothekarſchuld auf den
2320 3399 3345 3449 Gründen belaſſen und hatten überdies oft nicht
2318 3440 3344 3494 das notwendige Geld zu einer vernünftigen Betriebs⸗
2319 3482 3345 3537 führung. So wünſchenswert daher im Intereſſe
2313 3526 3342 3579 einer intenſiven Bodenbearbeitung und einer vernünftigen
2316 3569 3341 3624 Grundbeſitzverteilung die Zerſchlagung der großen Güter
2312 3612 3343 3667 an und für ſich iſt, ſo wurde durch die bisherige Art der
2314 3656 3341 3710 Durchführung der volkswirtſchaftlich erwünſchte Zweck
2312 3698 3343 3754 in den ſeltenſten Fällen erreicht. Es wurde hiedurch nicht
2311 3742 3341 3798 ein geſunder mittlerer Grundbeſitz geſchaffen. Auch konnte,
2313 3786 3343 3841 da den betreffenden neuen Grundbeſitzern die genügenden
2312 3830 3340 3882 Betriebsmittel und auch oft die notwendigen Kenntniſſe
2311 3872 3340 3928 fehlten, das Ziel der Hebung der Landwirtſchaft durch
2312 3915 3339 3971 intenſivere Kultur nicht erreicht werden. In den letzten
2312 3957 3341 4015 Jahrzehnten hat ſich jedoch gezeigt, daß nach dem Auf⸗
2311 4002 3340 4059 ſchwung, den die ungariſche Landwirtſchaft namentlich
2311 4046 3338 4103 hinſichtlich der rationellen Bodenbearbeitung in den
2311 4088 3340 4146 Siebziger⸗ und Achtzigerjahren genommen hat, ſeither
2310 4134 3343 4187 im Verhältniſſe zu anderen Ländern ein bedenklicher,
2309 4177 3339 4232 Stillſtand dieſer Entwicklung eingetreten iſt. Die Er⸗
2308 4220 3338 4276 fahrung aller anderen Länder hat aber gelehrt, daß der
2309 4262 3339 4315 kleine und mittlere landwirtſchaftliche Beſitz ökonomiſch
2309 4308 3337 4364 und techniſch nach vielen Richtungen dem Großgrundbeſitz
2307 4352 3336 4407 überlegen iſt. Hiebei ſpielt nicht bloß die Steigerung der
2308 4395 3336 4451 landwirtſchaftlichen Löhne eine große Rolle, ſondern auch
2308 4437 3338 4494 die Tatſache, daß die landwirtſchaftliche Arbeit ganz
2306 4477 3337 4537 beſonderer Natur iſt; ſie iſt weſentlich ſchwerer kontrollier⸗
2309 4523 3336 4574 bar und wird nur dort mit vollem Erfolg geleiſtet, wo
2306 4568 3334 4624 das eigene Intereſſe des landwirtſchaftlichen Arbeiters
2308 4610 3338 4669 eine große Rolle ſpielt. Dieſes eigene Intereſſe wirkt aber
2307 4654 3335 4711 nur dann, wenn der Grundbeſitzer ſelbſt und deſſen
2307 4698 3336 4756 Familienmitglieder mitarbeiten und hiedurch in der Lage
2309 4741 3334 4799 ſind, die Tätigkeit von Lohnarbeitern zu überwachen und
2306 4786 3342 4841 anzufeuern, oder wenn langſichtige Pachtverträge rück⸗
2307 4828 3338 4886 ſichtlich kleinerer Parzellen beſtehen und daher der Pächter
2306 4876 3334 4930 ſelbſt an der Steigerung der Ertragsfähigkeit ein großes
2306 4914 3338 4974 Intereſſe hat. In Ungarn ſpeziell haben die Verhältniſſe
2306 4958 3335 5016 noch eine beſondere Verſchärfung erfahren, weil einerſeits
2308 5002 3338 5059 infolge der Auswanderung ein tatſächlicher Mangel
2304 5046 3337 5102 an landwirtſchaftlichen Arbeitern beſteht, andererſeits eine
2306 5088 3340 5147 beſondere Bewegung unter den ungariſchen Landarbeitern,
2306 5131 3339 5188 die als Agrarſozialismus bezeichnet wird, Schwierigkeiten
