3488 5358
226 136 422 182 Nr. 16830
818 145 1088 194 Wien, Samstag
1507 151 2083 197 Neue Freie Presse.
2496 161 2724 201 1. Juli 1911
3153 162 3314 203 Seite 27
573 433 1353 651 Im Gebirge,
2202 453 2954 639 an der See
1069 861 2453 921 überall werden Ihnen Salamander-Stiefel gute Dienste leisten.
1517 933 2004 977 (Fordern Sie Musterbuch.)
247 975 544 1028 Einheitspreis
210 1025 578 1065 für Damen und Herren
601 979 834 1067 K 16.50
858 1065 2670 1283 SALAMANDER
1539 1316 1935 1358 Schuhges. m. b. H., Berlin.
2689 995 3007 1059 Luxusausführung
3056 980 3312 1073 K 20.50
1530 1423 1983 1476 Niederlassung:
1556 1499 1966 1624 Wien, I.,
1341 1639 2174 1726 Kärntnerstrasse 1/3.
227 1862 337 1905 Neu!
200 1928 357 1969 Täglich
409 1871 2267 1954 Berlin—Kopenhagen bezw. Berlin—Bornholm
694 1920 722 1947 12
2317 1875 2835 1935 Schnelldampfer - Tages -
2379 1933 2774 1981 fahrt ab Sassnitz.
684 1947 730 1973 Std.
1783 1926 1814 1952 11
1769 1953 1825 1979 Std.
564 1980 2472 2016 Billigste Tarife. Unentgeltliche Prospekte durch alle Reisebureaux; in Berlin durch Sassnitzlinie Bahnhof Friedrichstrasse und Unter den Linden 76 a.
2767 1986 2841 2019 14356
2926 1852 3325 1905 Blankenberghe
3005 1905 3252 1932 Grand Hotel
2907 1932 3349 1979 Pauwels — D'Hondt
2904 1984 3348 2011 am Strande, im Zentrum. Vollständig
3011 2010 3243 2039 umgebaut. Aufzug.
3280 2012 3347 2041 15264
1102 2073 1672 2164 Stöckig & Co.
1856 2075 2355 2169 liefern alles
1136 2173 1608 2210 Dresden-A. 16 (für Deutschland)
1864 2174 2356 2214 Bodenbach 1 i. B. (für Oesterreich)
1607 2210 1898 2246 Hoflieferanten
1501 2256 1995 2290 als Elite-Versandhaus insbesondere:
1080 2291 1748 2325 Katalog U 30: Uhren, Gold, Juwelen, Tafelgeräte, Bestecke
1075 2317 1745 2349 Katalog P 30: Kameras, Binokles, Operngläser, Feldstecher
1076 2345 1746 2379 Katalog L 30: Lehr-Mittel und Spiel-Waren für Kinder
1076 2371 1746 2406 Katalog S 30: Beleuchtungskörper für jede Lichtquelle
1076 2398 1742 2431 Teppiche: (Spezialangebot T 30) — Spezialliste W
1763 2293 2399 2330 Katalog K 30: Koffer, Lederwaren, Reiseartikel, kunst.
1763 2325 2400 2355 gewerbliche Gegenstände in Bronce, Marmor, Terrakotta,
1764 2350 2399 2381 Fayence, Kupfer, Meeting, Nickel, Eisen und Zion, Tafel-
1763 2377 2402 2408 Porzellan, Kristall, Steinzeug, Korbmöbel, Ledersitzmöbel
1750 2405 2399 2435 30: Sämtl. Erzeugnisse der Württ. Metallwarenfabrik
1298 2436 2176 2485 gegen Bar-, oder erleichterte Zahlung.
421 2516 614 2542 Bar, oder Raten
818 2509 936 2538 Strengste
774 2535 982 2563 Verschwiegenheit
1119 2501 2357 2532 Ausgebreiteter, wählerischer, treu anhänglicher Kundenstamm, gewöhnt, trotz langfristiger Amortisation
1112 2527 2356 2560 für alltägliche bürgerliche Preise Waren von außergewöhnlicher Güte und Schönheit zu erhalten.
1405 2556 2083 2587 Bei Angabe des Artikels Kataloge kostenfrei.
2518 2518 2714 2546 Jedes Vertrauen
2519 2546 2716 2575 : gerechtfertigt :
2891 2531 3084 2558 Bar, oder Raten
154 2636 1188 2682 überall anderweitig die Rüben ſo, wie es Zſcheye als
155 2680 1191 2726 Grundbedingung ſeines Verfahrens hinſtellt, werden vor⸗
156 2722 1189 2769 behandeln laſſen, daß genügend gute Schnitzel erzeugt
154 2767 1188 2813 werden, und ob bei gleichem Trockenſubſtanzgehalt überall
151 2810 1187 2857 Preßwäſſer von ſo wenig angreifendem Charakter, wie in
153 2852 1186 2899 Biendorf, zu erhalten ſind, kann erſt durch ſpätere
153 2898 1187 2943 Beobachtungen entſchieden werden. Es trat nämlich in
152 2940 1187 2985 Biendorf infolge der raſchen Rücknahme der Abwäſſer
151 2984 1183 3029 faſt gar keine Säurung ein. Trotzdem hat aber
157 3029 1186 3075 auch hier ſchon die geringe Azidität des Rücknahmewaſſers
157 3071 1186 3118 genügt, um den eiſernen Preßzylinder im Laufe einer
152 3115 1184 3160 Campagne vollſtändig zu zerſtören, weshalb anzu⸗
156 3159 1185 3206 nehmen iſt, daß auch die übrigen Metallapparate eine ver⸗
156 3203 1186 3250 hältnismäßig ſtarke Abnützung erfahren haben. Es dürfte
153 3246 1182 3291 daher eine lohnende Aufgabe für die nächſte Zukunft ſein,
152 3290 1184 3337 zu prüfen, ob nicht jetzt, nachdem man ſo weit iſt, die
152 3334 1184 3375 Azidität in jedem Einzelfalle genau zu beſtimmen, der
155 3376 1184 3424 Moment gekommen iſt, wo verſucht werden kann, die freie
155 3421 1183 3467 organiſche Säure durch genau gemeſſenen Zuſatz von
154 3465 1183 3510 Baſen ſo weit abzuſtumpfen, daß dieſe ſchädigende
155 3508 1181 3553 Wirkung in genügendem Maße gemildert wird. Herzfeld
153 3552 1181 3597 iſt allerdings der Anſicht, daß ſich dieſe Wirkung wohl
151 3596 1181 3641 niemals aufheben laſſen wird, da eine Arbeit mit
154 3640 1182 3686 alkaliſchem Waſſer auf der Diffuſionsbaterie aus anderen
153 3683 1182 3729 Gründen nicht unbedenklich iſt. Das Zſcheyeſche Verfahren
152 3727 1180 3773 wurde auch durch die ſtaatliche Kommiſſion zur Prüfung
149 3771 1179 3816 der Reinigungsverfahren von Zuckerfabriksabwäſſern am
150 3813 1180 3859 3. Dezember 1910 beſichtigt. Das Reſultat der Be⸗
150 3859 1177 3902 ſichtigung faßte der Vorſitzende dieſer Kommiſſion, Ge⸗
150 3902 1179 3946 heimer Obermedizinalrat Abel, dahin zuſammen, daß die
149 3946 1177 3992 Zuckerfabrik Biendorf allen Anlaß habe, mit dem Ver⸗
147 3990 1178 4036 fahren zufrieden zu ſein. Allerdings laſſen ſich aber die
151 4035 1178 4079 gemachten Beobachtungen nicht dahin verallgemeinern, daß
149 4077 1111 4122 das Verfahren auch in anderen Fällen anwendbar iſt.
224 4146 1177 4191 Von dem Preßdiffuſionsverfahren von Hyroß⸗Rak,
147 4190 1178 4234 auf das wir an vorliegender Stelle zu wiederholten Malen
144 4234 1179 4280 zu ſprechen gekommen ſind, liegen Mitteilungen aus der
145 4279 1177 4320 ruſſiſchen Zuckerfabrik Kapitanowka und der deutſchen
145 4322 1176 4366 Zuckerfabrik Cöthen vor. In erſterer Fabrik hat ſich nach
145 4366 1176 4409 Wolski das Verfahren ſelbſt bei der Verarbeitung von
143 4407 1178 4452 ſchlechtem Rübenmaterial vorteilhafter als die gewöhnliche
142 4450 1175 4498 Diffuſion erwieſen, bei welcher die Verarbeitung ähn⸗
142 4495 1173 4540 lichen Materials infolge der geringen Saftzirkulation und
142 4539 1173 4583 der Gasbildung ſtets mit Schwierigkeiten verbunden iſt.
140 4582 1174 4623 Auffallend war, daß die Dünnſäfte von der Hyroß⸗
139 4624 1174 4670 Rak⸗Batterie Reinheitsquotienten von 94 bis 96 auf⸗
140 4668 1172 4715 wieſen, während es die Dünnſäfte nach dem gewöhnlichen
139 4711 1169 4759 Verfahren nur auf Quotienten von 92 bis 92˙5 brachten,
142 4755 1172 4801 wobei in beiden Fällen der Diffuſionsſaft die gleiche
140 4799 1170 4844 Reinheit von 89 zeigte. Die Batterie hat auch während
140 4840 1171 4886 der ganzen Campagne gehalten und wies am Schluſſe
141 4883 1171 4932 keinerlei Veränderungen in der Armatur (ein höchſt be⸗
141 4929 1170 4975 achtenswertes Reſultat) auf. Als Nachteil muß jedoch der
140 4971 1168 5021 hohe Kraftverbrauch bezeichnet werden, der aber durch
137 5016 1170 5064 geeignete Betriebsumänderungen bedeutend herabgemindert
140 5059 1169 5103 werden konnte. In Cöthen hatte das Verfahren, wie
137 5102 1167 5146 Zander berichtet, anfangs viel Schwierigkeiten gemacht,
139 5144 1172 5192 die aber behoben werden konnten. Auch mit der erzielten
1236 2641 2265 2689 Ausbeute war man zufrieden. Herzfeld bezeichnet
1234 2685 2264 2731 übrigens das Verfahren Hyroß⸗Rak als ein automatiſch
1234 2728 2260 2775 recht einheitlich durchgebildetes Saftgewinnungsverfahren.
1234 2770 2266 2819 Aus der Analyſe der Schnitzel berechnete ſich eine Aus⸗
1232 2816 2264 2862 laugung, auf Rüben berechnet, von ungefähr 0˙3 bis 0˙4
1229 2859 2261 2901 für die Arbeitsperiode, eine Zahl, die als recht zufrieden⸗
1230 2901 1657 2945 ſtellend zu betrachten iſt.
1312 2945 2258 2994 In letzter Zeit iſt ein neues Verfahren aufgetaucht,
1234 2989 2261 3039 nämlich das Verfahren von Boſſe, welches ähnlich dem
1233 3034 2260 3080 Steffenſchen Brühverfahren iſt. Gegen das Patentgeſuch
1233 3077 2261 3124 wurden übrigens Einſprüche erhoben, die noch nicht er⸗
1231 3121 2260 3168 ledigt ſind. Eingehende Mitteilungen liegen über dieſes
1230 3167 2258 3213 Verfahren, das auch ſeitens des Inſtituts für
1231 3210 2258 3256 Zuckerinduſtrie in Berlin in der Zuckerfabrik Hecklingen
1231 3255 2258 3300 geprüft worden iſt, noch nicht vor. Das Prinzip dieſes
1230 3298 2258 3347 Verfahrens iſt, die in Bewegung befindlichen Schnitzel
1231 3344 2258 3388 mit Dampf anzuwärmen, ehe ſie in das Gefäß hinein⸗
1230 3389 2255 3434 gefüllt werden, in dem ſie zur Auslaugung gelangen.
1228 3433 2256 3479 Die Anwärmung der Schnitzel wird auf 75 bis 80 Grad
1227 3475 2256 3522 Celſius gebracht, wobei ſie anſchwellen und ſich mit einem
1226 3520 2253 3566 Maximum von Waſſer vollſaugen, ohne Saft zu verlieren.
1226 3565 2254 3611 Die Schnitzel werden ſodann unter Zuſatz des ſehr heißen
1226 3610 2256 3651 dünneren Saftes der zweiten Preſſung in den vor⸗
1226 3654 2254 3699 handenen alten Schnitzelpreſſen abgepreßt; der erhaltene
1225 3698 2254 3743 80 Grad Celſius heiße, ſehr klare und helle Saft geht zur
1226 3741 2254 3787 Scheidung. Die Schnitzel verſetzt man weiter mit ſo viel
1226 3785 2253 3832 heißem Waßer, daß im ganzen 100 bis 105 Prozent Saft
1226 3832 2253 3877 entſtehen, und preßt ſie in Paſchenſchen Preſſen ab, wo⸗
1225 3876 2251 3920 bei man den heißen, dünnen Saft erhält, der zur erſten
1223 3920 2252 3963 Preſſung zurückgeht, und Schnitzel von 20 bis 21 Prozent
1223 3964 2086 4011 Trockenſubſtanz mit 0˙8 bis 0˙9 Prozent Zucker.
1301 4012 2250 4058 Es iſt naturgemäß, daß all die neueren und neueſten
1222 4055 2254 4098 Saftgewinnungsverfahren auch Gegenſtand der ver⸗
1219 4098 2252 4144 gleichenden Erörterung verſchiedener Zuckertechniker waren,
1219 4141 2252 4187 und erſcheint es von Intereſſe, einige Auslaſſungen der
1218 4185 2251 4230 jüngſten Zeit zu vernehmen, da dieſe im großen und
1219 4228 2249 4274 ganzen ein Spiegelbild über die jetzt herrſchenden An⸗
1218 4272 2250 4317 ſichten abgeben. Oeſterreich war und iſt, abgeſehen von
1219 4315 2250 4361 wenigen Arbeiten, die zumeiſt das einheimiſche Verfahren
1219 4359 2250 4404 von Hyroß⸗Rak zum Gegenſtande der Unterſuchung und
1218 4402 2247 4447 Prüfung hatten, an dieſen Diskuſſionen kaum beteiligt.
1218 4446 2249 4489 Man hat hier wenig Luſt und auch keinerlei Ver⸗
1219 4488 2248 4533 anlaſſung, all den neueren Saftreinigungsverfahren näher⸗
1216 4532 2248 4576 zutreten, ohne damit aber in irgend einer Beziehung rück⸗
1215 4576 2247 4622 ſtändig oder rückſchrittlich zu ſein. Claaſſen erklärt, daß
1215 4619 2248 4664 zur Gewinnung von möglichſt viel Zucker im Saft ein
1215 4662 2248 4708 Preßverfahren allein niemals das Diffuſionsverfahren er⸗
1213 4706 2246 4751 ſetzen kann. Die reinen Preßverfahren, ſei es mit ein⸗
1215 4749 2246 4796 facher oder mit doppelter Preſſung, können daher nur für
1215 4793 2245 4840 Fabriken in Frage kommen, die eine rentable Verwertung
1214 4836 2244 4882 für die zuckerhaltigen Preßlinge in Form von mehr oder
1212 4881 2244 4927 weniger zuckerhaltigen Trockenſchnitten haben. Für alle
1214 4924 2246 4969 anderen Zuckerfabriken, die in den Rückſtänden der Saft⸗
1214 4967 2245 5015 gewinnung nicht mehr als 0˙5 Prozent Zucker (auf Rüben
1213 5014 2242 5057 gerechnet) verlieren wollen, kommt nur die Diffuſion in
1213 5054 2244 5101 Frage, entweder für ſich allein mit Rückführung der
1212 5098 2244 5145 Diffuſionswäſſer oder in Verbindung mit einem Vor⸗
1212 5142 2243 5189 preßverfahren. Dieſe letztere Kombination iſt beſonders
2308 2647 3344 2700 dann zu empfehlen, wenn die Erzeugung guter
2307 2692 3343 2745 Schnitzel, alſo eine gute Auslaugung bei Gewinnung
2309 2735 3345 2785 dichter Säfte auf Schwierigkeiten ſtößt, oder wenn man
2310 2782 3340 2828 die Leiſtung einer vorhandenen Diffuſionsbatterie ohne
2311 2825 3340 2872 Nachteil für die Auslaugung und Dichte der Säfte er⸗
2311 2870 3339 2915 höhen will. Der Belgier Aulard bezeichnet als oben an⸗
2310 2914 3340 2959 ſtehend die verbeſſerten Diffuſionsverfahren mit Rück⸗
2309 2956 3340 3003 führung der Abwäſſer nach Claaſſen, Pfeiffer⸗Bergreen,
2308 2997 3341 3042 Zſcheye u. a., und zwar ſowohl techniſch als öko⸗
2309 3045 3339 3087 nomiſch. Das Brühverfahren von Steffen kommt bei
2308 3087 3340 3129 Aulard nicht gut weg, da es bei guten Zuckerpreiſen in⸗
2307 3132 3339 3178 folge des Verbleibens von zu viel Zucker in den
2307 3176 3337 3219 Schnitzeln völlig verſagt hat. Man hat deshalb ein Brüh⸗
2307 3219 3336 3264 verfahren in Verbindung mit Diffuſion erſonnen (das⸗
2306 3263 3336 3308 ſelbe beſteht darin, daß die Schnitzel in einem etwas ver⸗
2306 3305 3336 3352 kleinerten Brühtrog wie bisher gebrüht, dann abgepreßt
2305 3349 3336 3395 werden und bei ſehr verkleinertem Volumen mit einer
2304 3392 3337 3438 Temperatur von 80 Grad Celſius in eine kurze Diffuſions⸗
2303 3436 3335 3483 batterie fallen, wo ſie ausgelaugt werden), eine Kom⸗
2305 3480 3334 3527 bination, die Aulard aber als zweckwidrig, ja als un⸗
2303 3523 3335 3570 ſinnig erklärt und die betreffs Zucker, Melaſſe und
2302 3570 3334 3612 Schnitzeln nur Minderwertiges leiſtet, unter Preisgabe der
2303 3611 3337 3659 Vorteile, die das Brühverfahren bei niedrigen Zucker⸗ und
2302 3656 3333 3702 hohen Futtermittelpreiſen bot. (Claaſſen iſt übrigens den
2303 3699 3334 3744 Auslaſſungen Aulards bezüglich des letzgenannten Kom⸗
2303 3743 3330 3791 binationsverfahrens entgegengetreten, indem er bemerkt,
2301 3785 3331 3834 daß das Urteil Aulards nur ein einſeitiges ſei, ſeine Be⸗
2298 3830 3332 3875 weiſe nicht ſtichhältig wären und daher keinen praktiſchen
2298 3872 3331 3923 Wert beſäßen.) Das Verfahren von Hyroß⸗Rak bezeichnet
2306 3916 3333 3965 Aulard als unter beſtimmten Umſtänden empfehlenswert
2304 3958 3332 4009 und als vielverſprechend, wenn auch noch nicht als end⸗
2303 4002 3331 4052 giltig zu beurteilen, während das ſehr einfache Verfahren
2302 4048 3330 4095 von Boſſe jedenfalls dem Brühverfahren ſchon heute
2302 4090 3330 4137 überlegen iſt. Sehr charakteriſtiſch und intereſſant in
2301 4135 3329 4183 Bezug auf die Verhältniſſe in Deutſchland ſind die Aus⸗
2301 4178 3328 4226 führungen von Schwenzer, der erklärt, daß die heutigen
2301 4225 3328 4268 neuen Saftgewinnungsverfahren von der deutſchen
2301 4268 3327 4314 Induſtrie wohl allgemein, vielleicht mit wenigen Aus⸗
2300 4310 3328 4357 nahmen beim reinen Steffenſchen Brühverfahren, nur
2301 4355 3328 4404 gleichſam zwangsweiſe aufgenommen werden. Die ver⸗
2300 4399 3326 4442 ſchiedenen Staats⸗ und anderen Behörden werden in
2298 4442 3326 4487 ihren Forderungen auf Beſeitigung der Fabrikswäſſer,
2298 4486 3325 4531 reſpektive deren Reinigung immer rigoroſer, ſo daß
2296 4531 3325 4575 immer mehr Fabriken, da die eigentlichen Waſſerreinigungs⸗
2298 4573 3324 4619 verfahren ſehr teuer in der Anlage und noch recht un⸗
2297 4616 3323 4663 ſicher in ihrer Wirkſamkeit ſind, gezwungen werden,
2298 4660 3323 4704 entweder gar keine Abwäſſer zu erzeugen oder die er⸗
2296 4703 3322 4752 zeugten Abwäſſer nicht den öffentlichen Waſſerläufen zu⸗
2296 4750 3322 4793 zuführen. Da ſind nun die neuen Saftgewinnungs⸗
2296 4792 3321 4840 verfahren gekommen, die wohl keine Abwäſſer erzeugen,
2297 4836 3320 4883 aber, ſofern das reine Steffenſche Brühverfahren nicht in
2296 4882 3320 4926 der Tat eine höhere Rente ergibt als die Diffuſion, keinen
2297 4924 3320 4968 Fortſchritt für die Zuckerinduſtrie bedeuten. Wie die ganze
2294 4967 3319 5013 Sachlage jetzt ſteht, braucht wohl den Anhängern der
2295 5013 3318 5056 alten Diffuſion noch lange nicht bange für die Zukunft
2294 5055 3318 5101 dieſes in allen Stürmen und Lagen erprobten klaſſiſchen
2293 5099 3118 5146 Verfahrens des Oeſterreichers Robert zu ſein!
