3346 5257
38 77 668 122 Redaction, Administration & Druckerei:
149 116 571 145 Holowrat-Ring, Fichtegasse Nr. 11.
82 140 639 169 Unfrankierte Briefe werden nicht angenommen.
142 171 564 208 Ankündigungs-Bureau:
236 205 471 229 Stadt, Wollzeile 20.
113 227 597 258 Insertionspreis nach aufliegendem Tarif.
48 257 670 284 Inserate übernehmen i. Auslande: Havas Laffite, Bul-
45 279 669 307 liser & Co. in Paris: Herm. Ch. Panzer 98 London-Wall,
47 305 671 326 in London; Hanseustein & Vogler in Hamburg,
50 324 671 352 Berlin, Frankf. a. M. u. Basel: Südd. Annon⸗
43 348 670 374 cen-Bur. in Stuttgart; G. L. Daube & Co. in Ham⸗
47 369 669 396 burg u. Frankf. a. M.; Jäger'sche Buchh. c. Chr.
52 392 672 417 Sonnemann'sche Buchh. in Frankf. a. M.: K. Schüss-
46 415 678 440 teria Hannover; Stahel's Annonc.-Bur. i. Würz-
51 437 667 463 burg; Eugen Fort u. H. Engler in Leipzig; P. W.
151 460 670 485 in Dresden; Jenke in Breslau: A. Pete-
52 483 670 507 meyer's Central-Annoncen-Bur. und Rudolf Mosse in
129 505 593 531 Berlin; K. K. Oblieght in Florenz.
154 539 565 568 Abonnement für Wien:
54 565 670 591 Im Hauptverlage, Wollzeile 20, u. bei allen Zeitungs-
48 588 676 614 verschleissern: Ganzjähr. fl. 18, monatl. fl. 1.50. Mit
51 610 673 638 Zustellung in's Haus: Viertelj. fl. 5.40, monatl. fl. 1.80.
87 633 636 659 Einzeln: Morgenblatt 6 kr., Abendblatt 3 kr.
111 668 621 694 Abonnement für das Inland:
54 694 669 717 Mit tägl. einmal. Portversendung Ganzj. 6.34, halbj.
52 715 673 741 fl. 12, viertelj. fl. 6. Mit täglich zweimal Postver-
84 738 649 759 sendung Ganzj. 6 fl 14. viertelj. fl. 7.
1392 81 1890 187 Neue
747 210 2575 575 Freie Presse.
1414 617 1891 730 Morgenblatt
2735 64 3204 103 Abonnement für das Ausland:
2665 99 3280 127 Viertelj.: Für Preussen b. nächsten Postamte 4 Thlr.
2662 125 3282 149 6 Sgr. 9Pf., b. uns m. direct. Kreuzbandsendg. ohne preuss.
2662 146 3284 170 Stempelzuschlag 10 fl. Oe. W.; f. Orte d., nordd.
2663 167 3286 193 Postbezirkes, excl. Preussen. d. nächsten Post-
2660 190 3282 215 amte; 3 Thlr. 18 Sgr. (6 fl. 19 kr. 8. W.), b. uns 10 fl.; f. d.
2661 208 3285 238 Donaufürstenthümer b. nächsten Postamte
2664 233 3286 261 a fl. 20 kr., b. uns 10 fl.; f. Italien b. uns 10 fl. Oe. W.;
2659 257 3287 284 v. G. Ebhard in Venedig, F. Münster in Verona u. E. E.
2657 277 3282 306 Oblieght i. Florenz 25 Fres.; b. S. Liechtl, Chef d. Zeitungs-
2657 302 3288 329 bar. i. Bern, 26 Frcs.; f. Frankreich: b. uns 21 fl.,
2657 325 3282 351 b. Postamte Köln 8 Thlr. 26 Sgr., b. Auguste Ammel,
2658 348 3283 372 Nachfolger von G. A. Alexandre in Paris u. Strassburg
2656 370 3281 397 u. b. Ch. u. A. Havas i. Paris: 30 Fres.; f. d. Schweiz:
2660 393 3282 418 b. d. Postämtern 18 Fres. 30 Cent., b. uns 10 fl.; f. Spa-
2656 414 3286 442 nien u. Portugal: b. uns 21 fl., b. Postamte Köln
2653 437 3291 462 9 Thlr. 18 Sgr., b. S. Liechtl, Chef d. Zeitungsbur. in
2661 461 3284 485 Bern, 41 Fres.; f. England: b. uns 15 fl., b. Post-
2661 484 3287 507 amte Köln 8 Thlr. 22 Sgr. 9 Pf., b. H. C. Panzer, 91. London-
2663 504 3289 529 Wall, E. C., u. A. Siegle, 110 Leadenhall-Street E. C., Lon-
2668 528 3287 552 don: 30 Sb. 4 P., daselbst auch f. d. engl. Colonien
2663 552 3286 575 m. Zuschlag d. engl. Portos; f. Nordamerika: b.
2663 574 3287 596 uns 21 fl., b. Postamte Köln 6 Thlr. 25 Sgr., b. E. Steiger,
2665 596 3286 619 22 and 24 Frankfort Street in Newyork, 12 Doll. 1 Cents.
2661 618 3290 642 (per German closed Mail); f. Brasilien. Buenos-
2663 641 3293 666 Ayres u. Mexico 11 Thlr. 17 Sgr. u. f. alle anderen
2665 664 3293 685 überseeischen Staaten: b. Postamte Köln 14
2662 685 3294 708 Thlr. 11 Sgr.; für die Türkei, Griechenland u.
2696 707 3264 732 Egypten: b. Postamte in Wien: 5 fl. 20 kr. Silb.
115 794 528 859 Nr. 3184.
1253 783 2068 860 Wien, Samſtag, den 5. Juli
2929 776 3178 842 1873.
394 919 755 979 Wien, 4. Juli.
141 999 1094 1045 Die nordamerikaniſche Union feiert heute den ſieben⸗
53 1041 1096 1087 undneunzigſten Jahrestag ihrer Unabhängigkeits⸗Erklärung.
49 1086 1093 1132 Drei Menſchenalter ſind ſeit dem kühnen Schritte vergangen,
52 1129 1086 1174 der England den größten Theil ſeiner amerikaniſchen Colo⸗
53 1169 1090 1216 nien für immer entriß und das bis dahin abhängige Volk
49 1213 1089 1260 in den gefährlichen Nebenbuhler Albions verwandelte. Das
55 1255 1091 1302 Banner mit den Sternen und Streifen hat ſeitdem in
52 1300 1092 1344 mancher Schlacht, bei manchem Wagniß den Söhnen der
52 1343 1089 1387 großen Republik vorangeflattert, hat ſich zur See mit dem
54 1388 1095 1429 britiſchen ehrenvoll gemeſſen, iſt ſiegreich nach Mexico ge⸗
52 1431 1087 1472 tragen worden und aus dem größten, blutigſten Bürger⸗
50 1474 1087 1517 kriege, den die neuere Geſchichte kennt, unbefleckt hervorge⸗
56 1515 1093 1561 gangen. Und wenn die Nordamerikaner bei ihrer jungen
53 1560 1096 1603 Geſchichte an Kriegsruhm nicht mit alten Völkern und Staaten
48 1602 1087 1647 wetteifern können, ſo bieten ſie dieſen Schach in manchen
51 1644 1092 1689 Künſten des Friedens, im raſchen, beflügelten Fortſchritt ihrer
51 1688 1096 1730 Induſtrie, in verwegenem, alle Hinderniſſe und Schwierig⸗
53 1732 1091 1776 keiten überwindendem Unternehmungsgeiſt. Die Vereinigten
54 1775 1093 1815 Staaten verdienen es, daß man ihres Ehrentages, ihres
54 1816 1090 1859 Wiegenfeſtes in einigen Worten gedenkt, denn dieſer hoch
53 1860 1092 1902 und breit gewachſene Benjamin der internationalen Familie
53 1903 1095 1946 hat ſeiner Mutter Europa ſchon manche nützliche Lehren ge⸗
53 1948 843 1988 geben, für die wir ihm dankbar ſein können.
143 1998 1088 2038 Von der praktiſchen Nutzanwendung, die man aus der
58 2040 1087 2081 Exiſtenz der Vereinigten Staaten an ſich ziehen kann, wollen
57 2083 1086 2124 wir dabei gar nicht reden. Gewiß iſt es nicht gleichgiltig,
58 2124 1087 2166 daß das hergebrachte Schlagwort der zünftigen Diplomatie,
59 2166 1092 2208 die Republik ſei nur in kleinen, nicht aber in großen Staa⸗
56 2210 1085 2250 ten möglich, durch die Union ſo augenſcheinlich widerlegt
57 2252 1085 2293 wird. Aber das iſt ſchon ſo oft geſagt worden, daß eine
59 2292 1084 2334 nochmalige Wiederholung kaum der Mühe lohnt. Nur müſſen
57 2334 1083 2377 wir unwillkürlich an die Zeit des großen Bürgerkrieges
57 2378 1084 2420 zurückdenken und uns lächelnd jener Unglücks⸗Prophezeiungen
58 2421 1083 2463 erinnern, welche nach dem Falle des Forts Sumter von den
51 2464 1091 2506 verſchiedenen officiellen Dreifüßen ertönten. „Jetzt ſieht man,“
57 2507 1085 2552 hieß es damals, „wie unmöglich der Beſtand eines großen
57 2553 1090 2596 republikaniſchen Staatsweſens iſt; jetzt fällt der ganze ſtolze
58 2593 1092 2638 Bau in Trümmer, den ihr Phantaſten bewundert habt.“
58 2634 1092 2679 Aber die Herren irrten; der Sturm tobte vergeblich gegen
55 2677 1088 2718 die Grundfeſten der Union, kein Stern des Banners verloſch.
56 2718 1087 2760 Eines Tages empfing Louis Napoleon mit Schmerz die
55 2759 1089 2802 Trauerkunde, daß Richmond gefallen und damit ſeine aben⸗
53 2802 1089 2845 teuerliche Schachpartie in Mexico verloren ſei. Da ſtanden
56 2845 1087 2890 die weiſen Propheten und ſchnitten lange Geſichter, denn ſie
54 2891 1088 2934 hatten verkündet, was ſie gewünſcht und gehofft, und ſie
60 2937 1092 2978 ärgerten ſich nicht wenig, daß ihre Weisheit zu Schanden
59 2982 216 3020 geworden.
145 3022 1087 3066 Damit hängt gleich ein anderes Vorurtheil zuſammen,
61 3065 1086 3109 das in Europa noch vielfach verbreitet iſt. Man glaubt in
61 3106 1087 3150 der alten Welt eigentlich noch immer, ein Staatsmann müſſe,
60 3152 1090 3194 wenn ſchon nicht von vornehmer Geburt, doch aller bureau⸗
58 3191 1088 3241 kratiſchen Geheimniſſe und Handgriffe kundig ſein. Die Wahr⸗
1129 906 2167 951 heit, daß die praktiſche Politik eine Kunſt iſt, deren tech⸗
1128 950 2165 996 niſche Seite zwar Jeder erlernen kann, deren gewandte oder
1130 993 2166 1035 gar meiſterhafte Ausübung aber nur angebornes Talent er⸗
1130 1036 2158 1078 möglicht, kommt bei uns nur ſehr langſam zum Durchbruch.
1130 1078 2166 1121 Die Nordamerikaner lehren uns ſeit Jahrzehnten, daß der
1129 1120 2168 1166 Politiker geboren wird — natürlich nicht als Cavalier —
1130 1163 2163 1208 und daß man nicht in Amtsſtuben ergraut ſein müſſe, um
1129 1208 2165 1252 die Intereſſen ſeines Vaterlandes mit Geſchick zu verthei⸗
1131 1250 2165 1293 digen. Wie kläglich iſt nicht die engliſche Diplomatie wäh⸗
1128 1291 2164 1338 rend der Verhandlungen über die „Alabama“⸗Frage, ſpeciell
1126 1335 2160 1379 bei dem Abſchluſſe des Waſhingtoner Vertrages, von der
1127 1377 2164 1426 amerikaniſchen überliſtet und genarrt worden! Wahrlich, das
1125 1423 2159 1467 Duell am grünen Tiſche bewies den Unterlegenen ſchlagend,
1126 1464 2159 1510 daß ein vornehmer Name und die Routine des Dienſtes die
1126 1509 1875 1554 ſtaatsmänniſche Begabung nicht ausmachen.
1214 1553 2168 1594 Eine andere Lehre, die uns die Nordamerikaner geben,
1130 1594 2163 1640 bezieht ſich auf den Föderalismus. Das Wort hat ſchon
1130 1637 2164 1682 viel Unheil in der Welt angerichtet. Seit Alexis de Tocque⸗
1129 1679 2165 1726 ville ſo ſcharf und gründlich bewieſen, daß der Födera⸗
1128 1722 2164 1769 lismus die Wurzel aller Freiheit ſei und die Republik in
1127 1767 2166 1809 Frankreich ſtets an dem unausrottbaren Centralismus der
1131 1809 2165 1855 Franzoſen und dem ungebührlichen Uebergewicht der Haupt⸗
1127 1853 2164 1897 ſtadt zu Grunde gegangen ſei — ſeitdem ſchreit jedes inter⸗
1131 1896 2160 1939 eſſante Natiönchen, das in den hochgehenden Wogen einer
1129 1938 2163 1984 großen Culturbewegung zu erſaufen fürchtet, nach der föde⸗
1129 1982 2160 2025 raliſtiſchen Wünſchelruthe und hält ſeinen kleinen Egoismus
1124 2025 2161 2068 für edlen Freiheitsdrang. In den Vereinigten Staaten iſt
1128 2068 2161 2109 nun allerdings das föderaliſtiſche Syſtem verwirklicht, aber
1131 2108 2165 2153 die Befugniſſe der Centralgewalt ſind ſo ausgedehnt, daß
1130 2152 2164 2197 die Staatseinheit nie zu kurz kommen kann. Auch geht ſeit
1128 2194 2160 2237 fünfundzwanzig Jahren ein leiſer centraliſtiſcher Zug durch
1129 2237 2160 2279 die nordamerikaniſche Geſetzgebung, der ſich ſeit dem letzten
1128 2282 2165 2328 Bürgerkriege bedeutend verſtärkt hat und darauf hinarbei⸗
1124 2322 2163 2371 tet, die Machtſphäre des Weißen Hauſes zu erweitern. Die
1126 2365 2156 2412 Yankees wiſſen aus Erfahrung, wohin die Conſequenzen des
1127 2409 2155 2457 Föderalismus führen, und ſie bauen für die Zukunft vor.
1211 2458 2163 2506 Noch Manches könnten wir anführen, worin uns die
1126 2504 2167 2549 Bewohner der Vereinigten Staaten ein nützliches Beiſpiel,
1130 2548 2168 2593 eine gute Lehre geben. Aber wir wollen uns darauf be⸗
1128 2592 2163 2636 ſchränken, nur noch Eines hervorzuheben. Gewiß ſind die
1129 2634 2162 2676 Nordamerikaner kluge, nüchterne Leute, frei von Träumerei
1128 2676 2163 2718 und Romantik, und man ſagt ihnen wol nicht mit Unrecht
1128 2716 2167 2761 nach, daß ſie den Dollar über Gebühr ſchätzen. Dennoch
1128 2758 2166 2803 ſind ſie eines ſtarken politiſchen Idealismus fähig, einer
1128 2801 2162 2850 Begeiſterung für große Zwecke, welche kein Opfer ſcheut.
1128 2845 2162 2889 Als die Sklavenſtaaten ſich von der Union losreißen und
1130 2890 2163 2932 eine ſelbſtſtändige Republik bilden wollten, da rechnete der
1128 2934 2163 2976 kalte, kaufmänniſche Norden nicht, ſondern er griff zu den
1130 2977 2167 3022 Waffen und warf ungezählte Millionen, Hunderttauſende
1130 3020 2167 3063 ſeiner rüſtigen Männer in die blutige Wagſchale des Krieges
1129 3066 2169 3105 — um den Enkeln das Sternenbanner unverſtümmelt zu
1130 3107 2170 3150 hinterlaſſen. All die Corruption, die in der amerikaniſchen
1130 3152 2171 3193 Verwaltung herrſcht, alle Sünden des gewinn⸗ und ſpecu⸗
1130 3195 2168 3235 lationslüſternen Neu⸗Englands macht dieſer heroiſche Auf⸗
2201 898 3242 944 ſchwung wett, der ein leuchtendes Beiſpiel für die ganze
2201 948 2432 987 Welt lieferte.
2284 984 3239 1031 Die Wurzel, welcher er entſprang, brauchen wir nicht
2201 1028 3249 1073 in falſcher Beſcheidenheit zu verſchweigen. Der germaniſche
2201 1072 3240 1115 Geiſt iſt es, der unverwüſtliche germaniſche Idealismus, der
2203 1115 3236 1160 zu ſolchen Thaten treibt. Unter den Angelſachſen hat er
2204 1158 3234 1201 ſeinen krankhaften, ſentimentalen Beigeſchmack verloren und
2206 1201 3236 1242 auf dem Boden der neuen Welt den Mann beſeelt, deſſen
2206 1242 3244 1288 man gedenken muß, wo und wann immer von den Kinder⸗
2203 1285 3241 1331 tagen der nordamerikaniſchen Republik geredet wird. George
2202 1330 3236 1372 Waſhington war einer jener Auserwählten, die wir praktiſche
2202 1373 3240 1416 Idealiſten nennen möchten: einer der Wenigen, die es ver⸗
2204 1415 3235 1457 ſtehen, das Große mit edlen Mitteln zu verwirklichen. Nur
2203 1459 3240 1502 unter einem Volke germaniſcher Race konnte ein Mann ge⸗
2204 1501 3243 1546 boren werden, wie dieſer ſchlichte Held, deſſen ſittliche Hoheit
2204 1544 3245 1589 an die erhabenſten Geſtalten des Alterthums erinnert. Nicht
2206 1587 3235 1631 Frankreich, nicht Spanien werden je einen Waſhington
2204 1631 3235 1674 ſchauen und vergebens des Meſſias harren, der ſie zur
2204 1672 3240 1716 Freiheit und Größe führt und dann die Stille des Privat⸗
2204 1718 3236 1759 lebens aufſucht. Der Union ward dieſes Glück zu theil, und
2203 1758 3236 1803 wenn wir heute ihres Geburtstages gedenken, ſo dürfen
2203 1803 3237 1847 wir es nicht unterlaſſen, zugleich dem ehernen Manne mit
2204 1846 3237 1891 dem goldreinen Herzen, dem großen Feldherrn und größeren
2202 1892 2887 1936 Bürger unſere Huldigung darzubringen.
2387 1991 3058 2047 Nationale und Ultramontane.
2964 2061 3203 2098 Wien, 4. Juli.
2289 2111 3236 2156 Die Feudalen haben bisher ihre Kraft aus der engen
2204 2154 3234 2198 Allianz mit den nationalen Parteien geſchöpft. Trotz der
2205 2199 3242 2243 hervorragenden ſocialen Stellung ihrer Häupter und trotz
2205 2242 3235 2285 des Einfluſſes auf einzelne bäuerliche Kreiſe wären ſie
2204 2285 3237 2327 längſt vom politiſchen Schauplatze weggefegt, wenn ſie nicht
2205 2326 3241 2369 durch den Bund mit den Nationalen eine Verſtärkung aus⸗
2204 2369 3238 2414 giebiger Art erfahren hätten. Die moderne Zeit braucht
2205 2410 3237 2458 die Maſſe. Jede politiſche Partei, welche nach Einfluß
2204 2453 3239 2500 ſtrebt, ſucht ſich einer gewiſſen volksthümlichen Grundlage
2204 2498 3239 2543 zu verſichern. In der Blüthezeit für die Herrſchaft der
2206 2545 3238 2585 Feudalen genügten die wenigen hervorragenden Häupter, die
2205 2586 3246 2629 Mohnköpfe; wer dieſe abſchlug, hatte die ganze Partei ver⸗
2207 2628 3240 2672 nichtet. Heute ſenden die Feudalen ihre frommen Miſ⸗
2206 2672 3238 2715 ſionäre aus, um die Bauernſchaft für ſich zu gewinnen und
2205 2714 3239 2758 für die ariſtokratiſche Pyramide, die plebejiſche Baſis zu
2206 2757 3243 2802 finden. Die Kraft jeder Partei ruht in der Zahl. Da nun
2207 2800 3245 2844 die Bauernſchaften an und für ſich nicht ſo geneigt ſind, den
2207 2843 3242 2888 ehemaligen Zehentherren in Rothfrack und Stola zu folgen,
2207 2886 3240 2930 um ihnen als Material erneuter Herrſchaft zu dienen, ſo
2207 2928 3244 2974 mußte die nationale Triebfeder, welche in unſeren Tagen
2208 2972 3245 3017 mächtiger iſt, als die religiöſe, angeſpannt werden, um für
2209 3015 3244 3061 die Feudalen die fehlende ungezählte Maſſe, die Armee für
2209 3059 3240 3104 die Führer zu werben. Die Nationalen, insbeſondere die
2210 3103 3241 3147 Czechen und Slovenen, ließen ſich dieſe Bundesgenoſſen⸗
2210 3147 3245 3188 ſchaft gefallen, weil ſie zwar über das nöthige Maſſenauf⸗
2210 3192 3244 3232 gebot verfügen, aber gerade das entbehren, was für die
388 3303 754 3378 Feuilleton.
287 3410 862 3455 Römiſche Jubeljahre.
147 3469 1086 3514 Man kann es oft ausſprechen hören, daß die Eiſen⸗
60 3507 1085 3558 bahnen und Dampfſchiffe das Reiſen demokratiſirt haben.
60 3550 1087 3597 Der Satz iſt zum Gemeinplatz geworden und hat daher die
61 3597 1086 3640 vorzügliche Eigenſchaft, daß er eine Seite der Wahrheit in
62 3637 1091 3685 ausſchließlicher Einſeitigkeit zum Verſtändniſſe bringt. An
62 3678 1087 3727 der thatſächlich gegebenen Demokratiſirung des Reiſens als
59 3720 1088 3770 Vergnügen und Bildungsmittel zweifeln wollen, hieße vor
56 3765 1086 3815 der Evidenz die Augen ſchließen oder die Weltausſtellung
63 3812 1086 3856 verträumen. Die Maſſen ſind im unbeſtrittenen Beſitze des
61 3847 1093 3898 Rechtes, aus aller Herren Ländern zuſammenzuſtrömen auf
63 3891 1087 3941 den Einen Punkt, der ihnen gerade Intereſſe bietet, und ſie
61 3932 1087 3984 wiſſen von dieſem Rechte Gebrauch zu machen. Sie neh⸗
62 3980 1087 4026 men ſich ſo heraus, was ihre Ur⸗Urväter in nicht minder
64 4018 1087 4070 großartigem Maßſtabe, hoch zu Roß oder in endlos langen
64 4060 1088 4113 Zügen einen Fuß vor den anderen ſetzend, ſich herausge⸗
63 4105 1093 4158 nommen hatten. Das Reiſen en masse iſt durch die Erfin⸗
64 4146 1093 4199 dungen der Neuzeit erleichtert worden; da es aber noth⸗
64 4190 1087 4244 wendig iſt wie des Baumes Frucht oder wie der Heerden⸗
62 4230 1088 4289 flug der Zugvögel und wandernden Heuſchrecken, ſehen wir
64 4273 1088 4328 es mit Naturgewalt hervorbrechen durch die lange Flucht
63 4320 1087 4370 der Jahrhunderte, welche für den geiſtigen Fortſchritt ſo
63 4358 1090 4413 unendlich viel und für die Durchſchnittsrichtung unſerer
65 4399 1087 4456 ewig ſich gleich bleibenden, uns ewig gleich bewegenden Lei⸗
60 4443 1014 4499 denſchaften und Neigungen ſo unendlich wenig bedeuten.
142 4487 1094 4543 Wenn ehedem die Maſſen auf Reiſen gingen, war es
65 4529 1093 4586 die Schauluſt oder das Intereſſe oder ein unbewußt drän⸗
64 4577 1088 4629 gender Bildungstrieb, was ſie in Bewegung ſetzte, ganz wie
64 4617 1087 4671 es heutzutage auch nicht anders der Fall iſt. Nur wollte
62 4659 1086 4714 man ehedem Anderes ſchauen, intereſſirte ſich für Anderes
62 4702 1086 4756 und wollte ſich für Zwecke bilden, für die es gegenwärtig
63 4745 1096 4799 nur ſporadiſch und bei einem beſchränkten Theile des Publi⸗
63 4791 1089 4843 cums einige Empfänglichkeit gibt. Was ſich nicht geändert
62 4831 1088 4886 hat, iſt die Stimmung für das Wunderbare, die angeregt
62 4874 1087 4927 ſein muß, wenn die Maſſen in Bewegung kommen ſollen:
63 4920 1087 4967 das Wunderbare in der Natur, wie es Tauſende an die
60 4961 1087 5012 Niagarafälle oder an den Rheinfall lockt, das Wunderbare
59 5005 1086 5055 in der Kunſt und Induſtrie, wie es in voller Pracht und
58 5046 1086 5100 Herrlichkeit dem Beſucher der Weltausſtellung entgegentritt,
1130 3289 2168 3332 für das Wunder der eigenen Phantaſie endlich, dem ſich ge⸗
1130 3333 2165 3375 fangen zu geben Hunderttauſende in längſt entſchwundenen
1131 3375 2164 3420 Tagen die beſchwerlichſten Fahrten unternommen haben. Die
1132 3419 2164 3461 beſondere Gattung dieſer Fahrten, von der hier die Rede
1131 3462 2171 3505 ſein ſoll, iſt ſowol was die Großartigkeit der Anlage, als
1132 3505 2171 3547 die Beſtimmung zu eminent friedlichen Zwecken betrifft, mit
1133 3549 2164 3590 den Weltausſtellungen des neunzehnten Jahrhunderts in eine
1131 3593 2171 3633 Parallele zu ſetzen. Als unvergleichlich höher entwickelt wird
1131 3634 2178 3674 ſich uns nur das Syſtem der fiscaliſchen Benützung heraus⸗
1132 3677 2175 3716 ſtellen, welches bei derartigen Zügen und Unternehmun⸗
1132 3719 2163 3761 gen im Mittelalter doch lediglich Nebenſache war, ſich aber
1131 3763 2174 3804 ſo glänzend rentirte, als wenn es die Hauptſache ge⸗
1132 3807 1339 3847 weſen wäre.
1216 3855 2160 3898 Die Feier des Jubeljahres, die während der letzten
1130 3899 2162 3941 zweihundert Jahre des Mittelalters ganze Schwärme von
1131 3942 2164 3985 Rompilgern nach Italien führte, iſt zuerſt im Jahre 1300
1132 3985 2172 4026 feſtlich begangen worden. Man hat ſie, wol mit Unrecht,
1132 4028 2171 4070 aus den Säcularſpielen des heidniſchen Rom herleiten wol⸗
1133 4071 2168 4114 len; der Gedanke, den Wechſel des Jahrhunderts mit Er⸗
1132 4113 2159 4157 ſchließung des ganzen Gnadenſchatzes kirchlicher Indulgenzen
1132 4158 2159 4200 pomphaft zu begehen, mochte einem Papſte, der Geld und
1132 4200 2168 4244 Glanz über Alles liebte, ohne heidniſche Reminiscenzen ge⸗
1131 4242 2168 4285 kommen ſein. Bonifaz VIII. verkündigte einen General⸗
1130 4285 2156 4329 Ablaß für Alle, ſo im Laufe des Jubeljahres die Baſiliken
1133 4328 2168 4371 von St. Peter und St. Paul, die Römer durch dreißig,
1131 4370 2166 4413 Fremde durch fünfzehn Tage, beſuchen würden. Den from⸗
1131 4414 2164 4458 men Büßern ſollte Schuld und Strafe ihrer Sünden aus⸗
1132 4456 2159 4501 nahmslos nachgelaſſen ſein. Der Zudrang von Nah wie
1132 4500 2160 4544 Fern war ein außerordentlicher. In die Mauern der Leo⸗
1132 4542 2158 4586 ſtadt mußte, damit die Maſſen das Ufer entlang ziehen
1131 4586 2158 4629 könnten, eine Oeffnung gebrochen werden, und wenn am
1132 4629 2159 4672 Freitag und an Feſttagen das Schweißtuch der Veronica
1131 4671 2158 4715 mit des Heilands Bildniß der Menge in St. Peter gezeigt
1131 4715 2157 4757 wurde, ging dieſe feierliche Ausſtellung nicht immer ohne
1130 4758 2157 4801 Niedertreten von Frauen und Männern im Gedränge ab.
1131 4800 2157 4845 Die Zahl der Pilger, die jeder Tag des Jubeljahres nach
1131 4844 2157 4886 Rom brachte, ſetzt der ſonſt verläßliche Giovanni Villani
1132 4886 2158 4929 mit der unglaublichen Ziffer von 200,000 an, und er fügt
1130 4929 2160 4971 hinzu: „Alle konnten ſich mit den nöthigen Lebensbedürf⸗
1131 4972 2157 5014 niſſen genügend verſehen, ſo Pferde als Menſchen, und Alles
1131 5013 2163 5056 lief mit großer Geduld, ohne Lärm oder Streit ab. Ich,
1131 5055 2155 5101 der ich dabei war und es geſehen habe, kann's bezeugen.
2209 3285 3239 3329 Und durch die Opfergaben der Pilger wuchs der Schatz der
2208 3329 3240 3373 Kirche, und die Römer haben ſich bereichert.“ Wir erfahren
2207 3372 3239 3416 denn auch, daß in St. Peter wie in St. Paul Tag und
2207 3415 3245 3460 Nacht zwei Cleriker am Altar ſtanden, die mit Rechen in
2210 3457 3248 3502 der Hand das Gold zuſammenſcharrten. Wie viel dieſe geiſt⸗
2207 3502 3254 3545 lichen Herren Croupiers wol zuſammengeſchaufelt haben? —
2209 3544 3249 3588 Wir können uns eine Vorſtellung von der Summe nur
2208 3587 3247 3631 durch Induction machen. Die einzige auf uns gekommene gleich⸗
2208 3630 3245 3675 zeitige Angabe, 80,000 Goldgulden (der Florin iſt mit ungefähr
2209 3675 3240 3716 drei Thalern Metallwerth zu berechnen), findet ſelbſt der
2207 3717 3241 3762 papſtfreundliche Geſchichtſchreiber der Stadt Rom, Herr
2209 3760 3248 3802 v. Reumont, viel zu niedrig. Es iſt vielleicht ein Wagniß,
2208 3802 3240 3847 aber es dürfte uns jedenfalls der Wahrheit etwas näher
2207 3846 3244 3890 führen, wenn wir behufs Correctur dieſer Angabe auf die
2206 3889 3240 3933 Mittheilungen Gewicht legen, die Ferdinand Gregorovius
2206 3931 3246 3976 aus dem Archiv der Familie Gaetani⸗Sermoneta beizubrin⸗
2207 3974 3245 4017 gen in der Lage war. Der Nepot des Papſtes, Peter Gae⸗
2206 4018 3251 4062 tani Graf v. Caſerta, hat ſich nämlich im Laufe des acht⸗
2206 4060 3249 4103 jährigen Pontificats ſeines Oheims um 320,000 Goldgul⸗
2208 4104 3245 4149 den liegende Güter gekauft, und man dürfte ſchwerlich fehl⸗
2205 4148 3246 4191 gehen, wenn man etwa die Hälfte des Betrages aus dem
2203 4191 3239 4233 Product der Opfergaben während des Jubeljahres her⸗
2204 4235 3241 4280 ſchreibt. Die Verſicherung, daß die Peterspfennige von
2205 4276 3250 4321 dazumal nur dem Kirchengut der Baſiliken von St. Peter
2205 4321 3249 4364 und Paul zugetheilt wurden, iſt eine ganz allgemein gehal⸗
2204 4362 3245 4407 tene; die Thatſache der plötzlichen Bereicherung des Nepoten⸗
2203 4405 3238 4448 hauſes Gaetani dagegen eine, wie man ſieht, ins Detail
2204 4448 3246 4492 feſtgeſtellte. Dem gegenüber wäre es ſicher ein ſehr unkri⸗
2203 4492 3247 4539 tiſches Verfahren, wenn man die ſtattlichen finanziellen Er⸗
2204 4533 3245 4577 gebniſſe des Jubeljahres 1300 — und ſie repräſentirten
2204 4578 3251 4625 dem Tauſchwerth des Geldes nach heute vielleicht fünf Mil⸗
2204 4621 3249 4666 lionen Thaler — zum größeren Theile im Haben der Kirche,
2203 4665 3237 4708 als in dem Papſt Bonifaz' VIII. und der Seinigen buchen
2202 4708 3249 4750 wollte. Zum Zoll der hiſtoriſchen Wahrheit muß auch ver⸗
2201 4751 3238 4794 zeichnet werden, daß die Ghibellinen ſchon damals den
2201 4794 3244 4837 Glauben verbreiteten, der Papſt habe nur um des Geldes
2201 4837 3245 4880 willen das Jubeljahr ausgeſchrieben. Bonifaz VIII. wußte
2201 4880 3249 4921 ſich als praktiſcher Mann zu helfen und excommunicirte ſie
2194 4922 2380 4970 ſchlechtweg.
2286 4971 3241 5016 Das erſte Jubeljahr war alſo befriedigend ausgefallen.
2198 5014 3244 5056 Das zweite hätte der urſprünglichen Feſtſetzung zufolge erſt
2196 5056 3235 5101 nach Ablauf eines weiteren Jahrhunderts gefeiert werden
