3488 5255
278 215 427 250 Seite 14
931 208 1204 250 Wien, Samstag
1513 208 2086 243 Neue Freie Presse.
2465 202 2691 237 6. Juli 1895
3183 198 3370 234 Nr. 11085
432 381 1625 474 Statt jeder besonderen Anzeige.
431 544 1727 592 Die Hinterbliebenen geben tiefbetrübt Nachricht von dem Hinscheiden
331 596 1730 646 des innigstgeliebten Gatten, respective Vaters, Schwiegervaters und Gross-
328 651 647 695 vaters, des Herrn
532 744 1516 897 Jakob Losch,
326 948 1731 999 welcher nach kurzem Leiden im 73. Lebensjahre am 4. Juli 1895 sanft
328 1003 611 1045 verschieden ist.
428 1061 1727 1109 Die irdische Hülle des theuren Verblichenen wird Sonntag den 7. Juli,
327 1112 1728 1159 Vormittags 10 Uhr, auf dem Central-Friedhofe (israelitische Abtheilung) zur
331 1167 742 1216 ewigen Ruhe bestattet.
431 1233 898 1275 WIEN, am 5. Juli 1895.
329 1329 798 1373 Julius Pollak, Fritz Sachs
419 1390 715 1427 als Schwiegersöhne.
338 1458 780 1503 Alma Losch geb. Sachs,
403 1517 705 1557 als Schwiegertochter.
895 1380 1155 1425 Amalia Losch,
947 1438 1104 1469 als Gattin.
857 1561 1194 1600 Sämmtliche Enkel.
1258 1327 1722 1372 Emil, Adolf, Josef Losch,
1423 1376 1575 1406 als Söhne.
1261 1427 1722 1473 Rosalie Millet geb. Losch,
1260 1480 1723 1525 Janett Pollak geb. Losch,
1263 1533 1725 1578 Regine Sachs geb. Losch,
1405 1583 1577 1613 als Töchter.
357 1834 704 1959 Wohin
720 1825 1715 1865 reiſt man dieſes Jahr? In Lübeck, der altehrwürdigen Hanſe⸗
721 1860 1718 1898 ſtadt, findet in dieſem Sommer vom 21. Juni bis zum October die
721 1894 1716 1932 Deutſch⸗Nordiſche Handels⸗ und Induſtrie⸗Aus⸗
720 1930 1717 1968 ſtellung ſtatt, eine der intereſſanteſten und größten Ausſtellungen,
357 1964 1718 2006 die je in Deutſchland ſtattgefunden hat. Schon der Name kennzeichnet den Zweck der Aus⸗
358 1998 1719 2039 ſtellung, welche berufen iſt, die vielfachen Verbindungen, welche der deutſche Handel und
358 2031 1717 2073 die deutſche Induſtrie mit den Staaten des Nordens, Rußland, Finnland, Skandinavien
359 2067 1716 2106 und Dänemark, unterhält, zu veranſchaulichen. Auf der Ausſtellung ſind daher neben den
360 2102 1718 2143 Erzeugniſſen der Heimat auch vor Allem die mannigfachen Producte der nordiſchen
362 2137 1716 2176 Staaten, ferner, wie ſich dies bei den überſeeiſchen Beziehungen Lübecks nicht anders erwarten
360 2170 1717 2211 läßt, alle mit dem Seeweſen zuſammenhängenden Gewerbe in reicher und intereſſanter
361 2205 1718 2246 Mannigfaltigkeit vertreten. Einen beſonderen Anziehungspunkt werden auch die großartige
362 2239 1718 2280 Ausſtellung der Kaiſerlichen Marine, wie die zum erſtenmale ſtattfindende
362 2274 1717 2313 Deutſche Colonial⸗Ausſtellung und die nordiſche Kunſtausſtellung in der
362 2308 1718 2347 St. Katharinenkirche bilden. Es werden ſich ferner verſchiedene Sonder⸗Ausſtellungen, wie
362 2342 1716 2382 Gartenbau⸗Ausſtellung und die bedeutende III. Deutſche Molkerei⸗Ausſtellung,
361 2378 1718 2419 anſchließen. Alle dieſe Abtheilungen ſind ſo reichlich beſchickt, daß die alte Hanſeſtadt Lübeck
361 2413 1718 2453 in dieſem Jahre ein Hauptanziehungspunkt für Tauſende und aber Tauſende ſein wird, und
363 2447 1719 2486 wahrlich, der Beſuch wird für Jedermann, nicht nur für den Fachmann, der auf der Aus⸗
363 2481 1717 2521 ſtellung lernen will, ſondern auch für den Touriſten, der Unterhaltung, Belehrung und
364 2515 1718 2555 Anregung ſucht, ein lohnender ſein. Daß die Ausſtellung auch durch ein gut gewähltes
363 2552 1718 2591 Vergnügungs⸗Programm, Concerte, Feuerwerke, Ruder⸗ u. Segel⸗Regatten u. ähnliche Veran⸗
363 2584 1717 2625 ſtaltungen der verſchiedenſten Art für das Amuſement der Beſucher ſorgt, iſt ſelbſtverſtändlich.
362 2621 1718 2658 Lübeck mit ſeinen vielen mittelalterlichen Reminiscenzen iſt architektoniſch eine der intereſſan⸗
362 2655 1718 2694 teſten deutſchen Städte und lohnt ſicher ein Beſuch. Die Reiſeverbindungen ſind von allen
365 2689 1719 2730 Großſtädten die denkbar bequemſten, auch für jene zahlreichen Touriſten, welche Sommerreiſen
363 2724 1335 2763 nach Dänemark u. Schweden ausführen wollen, ſind die vorzüglichen
364 2759 1338 2797 Dampfer⸗Verbindungen zwiſchen Lübeck u. Skandinavien zu erwäh⸗
364 2792 1336 2831 nen. Die oben geſtellte Frage, wohin man in dieſem Sommer reiſt,
365 2826 1336 2866 kann daher mit Fug und Recht beantwortet werden: Auf nach
1354 2745 1726 2863 Lübeck.
297 2891 362 2918 10265
244 2956 1406 3038 Bäder von Bormio.
670 3042 1405 3087 Am Südfuß des Stilfſerjochs gelegen.
1451 2954 1826 2996 Veltlin. Italien.
1476 2996 1805 3039 1500 M. ü. M.
347 3102 1828 3133 Altberühmte Thermen, Schlammbäder, Hydrotherapie. Herrliches Gebirgsklima, 16—83° C. Sommertemperatur. Com⸗
245 3126 1827 3161 plet renovirt. Neuer, prachtvoller Speisesaal. Großes Veſtibule ꝛc. Elektrische Beleuchtung. Mäßige Preiſe.
244 3152 1501 3188 Schweizeriſche Leitung. Deutſche Aerzte. Tägliche Poſtverbindungen mit Tirol, Engadin und Mailand.
1758 3158 1828 3180 10250
821 3253 1354 3355 KLYTHIA
1384 3376 1786 3482 PUDER
1403 3255 1695 3295 ZUR PFLEGE
1434 3307 1663 3347 DER HAUT
733 3363 1373 3419 VERSCHÖNERUNG U. VERFEI⸗
825 3428 1298 3469 NERUNG DES TEINTS
787 3494 1728 3548 Elegantester Toilette-, Ball- und Salonpuder,
1072 3548 1456 3574 weiss, rosa oder gelb.
739 3576 1786 3607 Chemisch analysirt und begutachtet von Dr. J. J. Pohl, k. k. Pro-
1138 3606 1383 3630 fessor in Wien.
735 3636 1788 3665 Anerkennungsschreiben aus den besten Kreisen liegen jeder Dose bei.
1730 3549 1785 3571 7987
830 3700 1687 3756 GOTTLIEB TAUSSIG,
737 3766 1788 3801 K. u. K. Hof-Toilette-Seifen- und Parfümerien-Fabrik, Wien.
915 3814 1619 3861 Haupt-Niederlage: Wien, I., Wollzeile 3.
739 3876 1788 3908 Zu haben in den meisten Parfümerien, Droguerien und Apotheken.
290 3801 708 3830 Preis einer Dose fl. 1.20.
292 3828 709 3856 Versandt gegen Nach⸗
293 3855 711 3883 nahme oder vorherige
296 3882 710 3908 Einsendung des Be⸗
442 3906 558 3935 trages.
1888 282 2304 337 Gelegenheitskauf.
1950 342 2235 377 Eine ſehr ſchöne
1835 386 2347 502 Herrſchaftsvilla
1835 512 2349 550 mit Stall ꝛc., in Salzburg, in
1836 546 2349 582 einem prächtigen, alten Park, mit
1837 580 2349 619 22 Herrſchaftszimmern, vollſtändig
1837 615 2349 652 mit werthvollen ſtylvollen, alt⸗
1836 650 2349 687 deutſchen Möbeln, Antiquitäten,
1834 684 2349 722 ſchönen, alten Holzplafonds ein⸗
1837 719 2349 756 gerichtet, wird um 50,000 fl.
1836 751 2351 790 incluſive der werthvollen Ein⸗
1837 789 2350 824 richtung verkauft. Nur direct
1837 821 2350 859 an Käufer ertheilt Auskunft
1838 857 2352 894 Richard Patz, Wien, Mar⸗
1837 893 2164 927 garethenſtraße 12.
2287 898 2351 923 10747
2033 954 2324 981 Feuerfeste eiserne
2062 991 2289 1023 Cassetten
2040 1031 2297 1056 anschraubbar, sowie
2044 1057 2220 1086 gebrauchte
1854 1099 1969 1120 u. neue
1916 1096 2079 1163 feuerfeste
1876 1078 2309 1255 KASSEN
2177 1202 2315 1229 billigst bei
2058 1230 2301 1285 S. Berger,
1884 1286 2333 1326 Wien, I., Wipplingerstrasse 39,
1911 1322 2283 1347 nächst dem Telegraphen-Amt.
1873 1378 2314 1428 Ausgezeichnete Mühle.
1864 1435 2353 1466 Wegen eingetretenen Todesfalls iſt eine im
1840 1460 2351 1492 ausgezeichnetſten Betriebe befindliche Mühle
1838 1488 2353 1518 im vorzüglichſten Bauzuſtande, ganz an der
1840 1513 2352 1541 Bahn, mir ausgezeichneter, nie einfrier⸗
1838 1538 2353 1569 barer 80 pferd. Waſſerkraft, conſtant,
1839 1564 2352 1595 mit großartigem Kundenkreis, ſowol als
1837 1591 2355 1619 Bauern⸗ u. Kunſtmühle zu verkaufen, oder
1837 1616 2353 1645 wird ein Compagnon mit mindeſt 30⸗ bis
1837 1642 2355 1672 40 000 fl. geſucht. bei Convenienz ſpäter
1840 1667 2353 1699 Heirat nicht ausgeſchloſſen. Anträge unter
1837 1693 2351 1724 „Glück auf 537“ an das Auk.⸗Bur.
1837 1723 1975 1747 d. Blattes.
2287 1721 2353 1743 10726
1857 1992 2334 2070 Prima-Fliegenleim
1857 2069 2335 2098 in Doſen à 1 Ko. fl. 1.50, in Doſen
1856 2095 2336 2124 à ½ Ko. fl. —.80 Fliegenfallen per
1856 2122 2336 2148 Stück 60 kr., 6 Stück fl. 3, 12 Stück
1857 2147 2335 2175 fl. 5.50. Per Nachnahme od. Barſendung
1958 2175 2233 2200 des Betrages verſendet
1909 2198 2281 2234 H. Schön's Sohn.
1857 2230 2334 2263 Slaupnitz bei Leitomiſchl (Böhmen).
2273 2174 2336 2196 10495
1868 2293 2323 2375 Dr. J. Engländer,
1842 2376 2349 2413 Specialarzt, behand. gewiſſenhaft all.
1842 2411 2352 2448 geheimen Haut⸗, Frauenkrankh.
1842 2446 2352 2482 und vorzeitige Nervenſchwäche.
1841 2478 2352 2516 Ord. von 9—5 Uhr, auch brieflich.
1840 2523 2354 2572 Wien, I., Lugeck 3.
1982 2587 2212 2638 Sehr ſchönes
1846 2654 2356 2827 adeliges GUT
1843 2842 2354 2872 (302) Ungarn (ſteiermärkiſche Grenze),
1845 2869 2354 2898 in ſehr ſchöner, geſunder und guter Lage,
1844 2895 2355 2925 Ortſchaft ganz nahe, mit ca. 350 Joch
1844 2917 2355 2949 vorzügl. Grundſtücken, ſchönem, werth-
1845 2947 2355 2975 vollem Walde (30,000 fl.), reizend ge⸗
1845 2972 2356 3002 legenem comfortablen Schlosse
1847 2998 2354 3027 mit ſchönem Park, Wald anſtoßend,
1850 3024 2356 3052 Schwimmbad ꝛc., Wirthschaftsge-
1847 3050 2356 3078 bäuden. Alles im beſten Stande, ſehr
1846 3076 2357 3105 einträglicher Ziegelei, guter eigener
1846 3101 2356 3132 u. gepachteter Jagd, Fischerei
1846 3128 2356 3156 ꝛc., inclus. Fundus, Einrichtung ꝛc. um
1845 3154 2356 3181 75.000 fl. zu verkaufen. Dr. R. von
1845 3180 2357 3208 Hohenblum, Wien, I., Loth⸗
1846 3209 2131 3238 ringerstrasse 15.
2293 3207 2358 3228 10818
1901 3247 2312 3318 Doctor
1848 3324 2358 3419 Max Engländer
1843 3425 2358 3454 Dr. der Med., Chir., Officier d. königl. ſerb.
1844 3453 2358 3482 Takowa⸗Ordens, gew. pr. Arzt an der I. Ab⸗
1846 3475 2357 3506 theilung f. geheime Krankheiten d. allg. Kran⸗
1846 3504 2357 3532 kenhauſes, auch gew. k. k. Milit.⸗Spit.⸗Arzt,
1847 3529 2358 3557 corr. Mitglied der Société Franç. d'Hygiène
1847 3554 2358 3583 in Paris, behandelt gewiſſenhaft alle ge⸗
1846 3579 2358 3609 heimen und Hautkrankheiten, ſowie Schwäche
1847 3605 2360 3633 ohne Berufsſtörung. Briefe werden beant⸗
1847 3630 2357 3658 wortet. Ord. von 9—1, 2—4 ½ Uhr. An
1847 3657 2301 3685 Sonn⸗ u. Feiertagen von 9—1 Uhr.
1846 3657 2359 3718 Wien, II., Taborſtraße Nr. 5
1898 3756 2312 3804 Dr. Hirsch.
1873 3814 2335 3841 Specialärztl. Ordinat.⸗Anſtalt für alle
1872 3839 2337 3870 geheim. u. Hautkrankh., Nervenſchwäche,
1873 3866 2336 3894 Frauenleiden. Ordinat. tägl. v. 10—4 Uhr.
1874 3890 2335 3919 Wien, I., Babenbergerſtraße 5.
1926 3919 2263 3946 Briefliche Anfragen discret.
2272 3919 2337 3940 10333
333 4011 1220 4104 Ausverkauf.
407 4124 1148 4197 Tapeten um jeden Preis.
254 4199 1300 4256 MICHAEL COHN, I., Fleischmarkt Nr. 1.
1233 4123 1300 4148 10418
998 4312 1266 4386 Sieg auf Sieg
1105 4392 1157 4418 auf
1001 4428 1251 4539 Humber.
1036 4545 1233 4577 Welt-Record.
1029 4621 1239 4650 829 Kilometer
996 4653 1268 4690 legte Herr Huret
1001 4690 1272 4721 in 24 Stunden auf
295 4721 1270 4758 einem und demselben Humber-Fahrrade zurück. Eine ähn-
452 4757 1109 4794 liche Leistung ist noch niemals dagewesen.
406 4836 1158 4872 Der Derby-Sieger Herr Banker fuhr Humber.
295 4869 1274 4908 Ausserdem gewann derselbe alle Hauptrennen am 29. und
476 4906 1095 4937 30. Juni beim Bundesfest auf Humber.
539 4956 1033 4998 Oesterr. Filiale:
302 5017 1274 5128 Albert H. Curjel,
402 5132 1171 5184 WIEN, I., Elisabethstrasse 5.
1208 4973 1273 5000 10421
1321 4000 2364 4094 Lehr- u. Erziehungsanſtalt f. Knaben
1507 4102 2177 4167 zu Dresden⸗Friedrichſtadt,
1319 4182 2364 4209 bekannt unter dem Namen „Freimaurer⸗Inſtitut“, iſt eine lateinloſe Realſchule, deren
1320 4207 2364 4236 Abgangsprüfung die Schüler zum Dienſt als Einjährig⸗Freiwillige berechtigt. Die
1321 4234 2325 4262 Aufnahme erfolgt mit vollendetem 9. Lebensjahre, der Lehrgang umfaßt 8 Claſſen.
1397 4260 2365 4287 Das Freimaurer⸗Inſtitut iſt zugleich eine Erziehungs⸗Anſtalt, ſie nimmt
1322 4285 2365 4313 daher Knaben in Wohnung und Verpflegung und ſorgt für deren Erziehung durch
1321 4312 2366 4339 liebevolle, doch ſtrenge Behandlung und ſtetige gewiſſenhafte Beaufſichtigung; die
1321 4338 2365 4365 weiten wohnlichen Räume, die nahrhafte Koſt bieten Bürgſchaft für eine geſunde
1322 4365 1605 4390 körperliche Entwicklung.
1396 4390 1903 4417 Der Eintritt kann zu jeder Zeit erfolgen.
1397 4415 2364 4444 Proſpecte und Auskünfte bereitwilligſt und unentgeltlich durch die Expedition.
1346 4459 1703 4487 Für die Vorſteherſchaft:
1396 4502 1670 4535 Theodor Hultzsch,
1321 4535 1761 4561 k. ſ. Commerzienrath, Handelskammer-
1488 4560 1596 4589 Präſident.
1983 4458 2237 4488 Für die Leitung:
1907 4502 2321 4538 Dr. Krumbiegel, Dir. (Lehre).
1850 4544 2364 4581 Dr. Friedrich, Vicc-Dir. (Erziehung).
2299 4365 2363 4389 10831
1408 4688 2289 4802 „Gasglühlicht.“
1529 4806 2164 4867 Reform-Hartglas-Cylinder.
1474 4879 2295 4907 Dieſer aus einer beſonderen Hartglasart hergeſtellte Cylinder,
1397 4904 2294 4933 bei dem ein Zerſpringen, reſp. Platzen unmöglich iſt, iſt die neueſte
1397 4929 2294 4958 epochemachende Erfindung im Bereich dieſes Lichtes. Hiedurch iſt die
1396 4954 2296 4984 weitgehendſte Garantie gegen das ſo läſtige Zerſtören des Glüh⸗
1396 4982 2048 5011 körpers gegeben. Proſpecte auf Wunſch zu Dienſten.
1613 5015 2094 5050 Hohlglashüttenwerke,
1395 5048 2299 5085 Stolberger Glashütten-Actien-Gesellschaft
1653 5084 2047 5118 Glashütte Jordan,
1619 5119 2070 5154 Stolberg, Rheinland.
2228 4984 2294 5006 10819
2531 340 3342 391 Tieferſchüttert geben wir hiemit die traurige Nachricht
2445 387 3342 423 von dem Ableben unſerer innigſtgeliebten Gattin, Mutter,
2445 421 3101 461 Schwiegermutter und Großmutter, der Frau
2516 470 3293 609 Fanny Seif
2710 618 3081 693 geb. Gänſel
2444 712 3342 752 welche am 4. Juli 1895 nach kurzem Leiden im 51. Lebens⸗
2445 749 2824 789 jahre ſanft entſchlafen iſt.
2532 781 3342 819 Die irdiſche Hülle der theuren Verblichenen wird
2445 818 3343 856 Sonntag den 7. d. M. um ½ 11 Uhr Vormittags vom
2448 852 3089 893 Central⸗Friedhofe (iſr. Abth.) aus beſtattet.
2532 894 2926 933 Wien, am 5. Juli 1895.
2739 953 3043 991 M. Seif, als Gatte.
2463 1005 3327 1045 Dr. Sigmund Seif, Carl Seif, Sofie Kahane
2464 1047 3325 1087 geb. Seif, Roſa Kurzmann geb. Seif, Paula Seif,
2820 1093 2970 1122 als Kinder.
2515 1143 3274 1183 Dr. Heinrich Kahane, Iſidor Kurzmann,
2765 1187 3024 1223 als Schwiegerſöhne.
2580 1238 3211 1277 Eliſe Seif geb. Seif, als Schwiegertochter.
2691 1291 3087 1329 Norbert Seif, als Enkel.
2524 1340 3270 1389 Um ſtilles Beileid wird gebeten.
3266 1288 3339 1315 10815
2580 1480 3223 1565 Kundmachung.
2456 1588 3421 1629 Bei der in Gemäßheit des §. 18 der Anſtaltsſtatuten am
2370 1625 3420 1666 5. Juli 1895 vorgenommenen XI. öffentlichen Verloſung der
2370 1658 3418 1701 Pfandbriefe der niederöſt. Landes⸗Hypothekenanſtalt ſind
2369 1693 3418 1734 nachſtehende Pfandbriefe im Geſammtbetrage per 143,200 Gulden
2369 1732 2608 1771 gezogen worden:
2455 1773 3414 1810 à 5000 fl.: Nr. 113 528 610 896 1294 1982 1990 2045 2117
2370 1806 3142 1843 2464 2863 3240 3456 3825 4035 4133 4328 4430.
2457 1840 3421 1879 à 1000 fl.: Nr. 258 622 996 1282 1486 1494 1776 1977
2371 1876 3422 1912 2282 2370 2670 2958 3320 3920 3923 3949 4382 5090 5268 5280
2371 1910 3422 1946 5538 5574 5602 5620 5953 5955 5968 6168 6478 6572 7494 7635
2370 1944 3421 1981 7858 8191 8400 8467 8534 8613 9494 10221 10655 11072 11155.
2457 1978 3422 2017 à 500 fl.: Nr. 184 397 596 869 1094 1396 1596 1795 1868
2371 2019 2619 2049 2064 2264 2268.
2457 2047 3422 2085 à 100 fl.: Nr. 11 12 60 154 311 365 522 834 1241 1498 1686
2372 2082 3421 2119 1690 2083 2152 2482 2489 2769 2869 2951 3151 3390 3403 3982
2370 2117 3419 2154 4056 4341 4360 4413 4806 4882 4951 5104 5373 5671 5743 5898
2371 2155 2795 2187 6482 6496 6884 7143 7260.
2456 2187 2940 2224 à 50 fl.: Nr. 25 272 426 427.
2457 2223 3415 2267 Die Zahlung dieſer Pfandbriefe erfolgt nach §. 20 der Anſtalts⸗
2370 2261 3420 2300 ſtatuten ſechs Monate nach der Ziehung, ſonach am 2. Januar 1896
2372 2295 3423 2335 in Wien durch die Anſtaltscaſſa gegen Rückſtellung des Pfandbriefes
2371 2330 3422 2370 ſammt Couponbogen und Talon. Verloſte Pfandbriefe werden gegen
2372 2364 3424 2404 neue umgetauſcht, hiebei bereits behobene Coupons vom Kapitale nicht
2371 2397 3420 2439 in Abzug gebracht; dem Pfandbriefbeſitzer verloſter Stücke, welcher bei
2373 2432 3421 2474 deren Einlöſung das Kapital behebt, werden vom Verfallstage an
2372 2473 2764 2510 3 Percent Zinſen vergütet.
2460 2508 3420 2552 Von den bei früheren Verloſungen gezogenen Pfandbriefen ſind
2373 2549 2877 2587 noch nicht zur Einlöſung gelangt:
2456 2590 3422 2630 à 5000 fl.: Nr. 461 505 738 1444 1513 1960 2422 2423
2373 2632 2450 2661 3532.
2461 2659 3424 2696 à 1000 fl.: Nr. 195 687 880 964 1307 1371 1396 3427 3753
2373 2693 3424 2732 3813 3943 4084 4518 4992 5031 5360 5373 5641 6156 6429 6468
2373 2727 3419 2767 6666 6858 6894 6909 7071 7867 8116 10147 10550 10551 10552.
2462 2763 3423 2799 à 500 fl.: Nr. 4 265 325 533 562 804 923 1148 1515 2015.
2461 2797 3426 2835 à 100 fl.: Nr. 45 47 70 97 372 634 675 795 1184 1234
2374 2830 3421 2869 1239 1406 1643 1675 1819 2183 2210 2295 2372 2503 2515 2529
2373 2867 3423 2904 2572 2606 2686 2909 2954 3045 3196 3778 3937 4600 4706 4894
2374 2899 3422 2938 5272 5354 5918 6480 6484 6787 6792 6866 7125 7221 7227.
2460 2938 2979 2974 à 50 fl.: Nr. 21 22 24 222 399.
2459 2973 3427 3017 Die nächſte XII. Verloſung findet Montag den 6. Januar
2374 3018 2529 3054 1896 ſtatt.
2462 3054 2863 3096 Wien, am 5. Juli 1895.
2376 3100 3425 3160 Vom Curatorium der niederöſterr. Landes-Hypothekenanſtalt.
2378 3170 3420 3264 Société de Photominiature.
2461 3281 3423 3326 Nach jeder beliebigen Photographie erhält man bei uns
2377 3317 3422 3359 ein Oelporträt in vornehmer Ausführung unter Garantie voll⸗
2376 3352 3419 3395 kommener Aehnlichkeit und Haltbarkeit Proſpecte gratis und franco.
2375 3406 3422 3465 Société de Photominiature, Wien, I., Kärntnerring 14,
2379 3468 3427 3503 k. u. k. Grossh. Toscana'sche u. kgl. Württemberg'sche
2736 3498 3068 3525 Hof-Lieferanten.
3371 3495 3428 3519 8280
2431 3599 2700 3906 BUCHSTABEN
2531 3714 2792 3778 SCHILDER
2857 3708 3382 3758 MICH WINKLER & SOHN
2774 3588 3404 3657 WAPPEN, EMBLEME & dgl. in allen
2827 3639 3399 3681 Arten Materialien, und für alle Zwecke.
2518 3793 3322 3878 WIEN XV. LÖHRGASSE No 17.
2585 3873 2947 3928 • TELEPHON 4669 •
2955 3872 3410 3902 früh. Gaſſenname: Michaelergaſſe.
3043 3898 3304 3928 Gegründet 1845.
2399 3932 3408 3967 ☛ Um vielfachen Verwechslungen mit ähnlich lautenden Firmen zu begegnen,
2398 3959 3410 3993 wird um genaue Beachtung des Firmenwortlautes Mich. Winkler & Sohn
2514 3986 3289 4018 und der Adreſſe XV., Fünfhaus, Löhrgasse 17, gebeten.
3342 3986 3412 4012 10533
2382 4080 3427 4191 Zug-, Nutz- und Einſtellvieh-Markt
2657 4202 3152 4249 in Pressburg.
2466 4266 3429 4307 Von Seite der kön. Freiſtadt Preßburg wird hiemit bekannt⸗
2383 4301 3427 4347 gegeben, daß, abgeſehen von den wöchentlich Freitag hierorts ſtattfindenden
2383 4344 2631 4381 Viehmärkten, am
2561 4378 3254 4441 letzten Freitag jeden Monats
2384 4440 3426 4482 auf dem hiezu eingerichteten Territorium des Viehmarktplatzes ein
2384 4475 3426 4518 großer Viehmarkt, namentlich für Einſtellochſen (färbiger Race), dann
2383 4509 3095 4553 für Maſt⸗, Nutz⸗ und Zugvieh abgehalten wird.
2470 4544 3427 4586 Für gute Unterkunft und im Bedarfsfalle für Verpflegung der
2384 4582 2756 4622 Thiere iſt beſtens geſorgt.
2470 4613 3007 4655 Der erſte dieſer großen Märkte wird
2435 4656 3380 4714 ☛ Freitag den 26. Juli l. J. ☚
2385 4722 2548 4760 abgehalten.
2470 4760 2911 4800 Preßburg, im Juni 1895.
3071 4793 3385 4837 Der Bürgermeiſter.
3362 4720 3432 4753 10783
2431 4865 2881 4893 Das Depot hygienischer Artikel von
2663 4910 3080 5004 Sigi Ernst
2712 5013 3042 5040 befindet sich nach wie vor
2507 5062 3234 5126 Wien, Kärntnerstrasse Nr. 45
2657 5141 3093 5173 und Paris, 11 rue Martel.
3309 5144 3379 5171 10401
