3104 4827
188 81 716 128 Samstag den 1. Juli 1911.
1247 82 1789 132 Innsbrucker Nachrichten
2481 81 2854 134 Nr. 148. Seite 7.
189 176 990 248 Das Abenteuer der Tiroler
234 254 939 331 Ballonfahrer in Italien.
173 349 1043 397 Die in Italien ebenſo wie in Frankreich
137 394 1043 439 graſſierende Spionagefurcht, hat die Inſaſſen
136 439 1042 485 des am Donnerstag ¾ 1 Uhr früh aufgeſtie⸗
130 483 1043 529 genen und nach Italien verſchlagenen Ballons
132 528 1041 572 „Tirol“ in eine recht unangenehme und un⸗
130 573 1040 618 erquickliche Situation gebracht, welche nahezu
129 616 1041 663 eine diplomatiſche Aktion erforderlich machen
130 661 1040 706 würde. Der italieniſche Konſul in Innsbruck,
130 706 1040 751 der aus eigener Anſchauung und Erfahrung
130 751 1039 796 weiß, daß die Ballonfahrer nur eine harm⸗
130 795 1040 841 loſe Vergnügungsluftſchiffahrt machen wollten
132 841 1040 883 und keine Abſicht haben, die ſchönſten Geheim⸗
131 884 1042 929 niſſe des nervöſen Königreiches auszuſpionieren,
132 929 1040 974 hat bereits an ſeine Regierung einen eingehen⸗
131 972 577 1018 den Bericht abgeſandt.
174 1017 1039 1062 Zu den von uns geſtern gemeldeten Nach⸗
131 1062 1037 1108 richten über das Malheur, das den Innsbruckern
131 1106 1037 1149 paſſiert iſt, liegen uns heute noch folgende
131 1149 1039 1196 Einzelnheiten vor, deren eine erkennen läßt,
130 1194 1039 1242 daß zwei der Verhafteten ſich ſchon auf freiem
130 1239 591 1286 Fuße befinden dürften.
168 1285 1041 1330 Wie uns weiter mitgeteilt wird, iſt hier
130 1329 1037 1374 heute nachts ein Telegramm aus Udine einge⸗
128 1371 1039 1416 langt, worin es heißt, daß das Miniſterium noch
126 1417 1036 1464 auf die Antwort des hieſigen italieniſchen Kon⸗
130 1459 1034 1504 ſuls betreffend die Identität der Verhafteten warte.
130 1503 1034 1551 Demnach ſind die letzteren derzeit noch immer
130 1548 1036 1594 „Gäſte der Carabinieri“. Der Luftſchiffahrtver⸗
129 1593 1034 1638 ein antwortete ſofort, daß der hieſige Konſul ſich
129 1636 1034 1685 der Sache bereits ſehr warm angenommen und
130 1682 1036 1730 ſchon geſtern mittags ein langes Telegramm an
129 1726 1035 1774 das italieniſche Miniſterium des Äußern geſendet
129 1769 926 1816 habe. Die Antwort hierauf ſteht noch aus.
168 1813 1034 1861 Über Wien wurde uns telegraphiert: über
128 1861 1042 1904 die in der Provinz Udine verhafteten öſter⸗
131 1905 1035 1952 reichiſchen Luftſchiffer liegen folgende Nachrich⸗
130 1949 1034 1994 ten vor: Kaiſ. Rat Fritz Heigl und Oberleut⸗
132 1992 1034 2039 nant v. Sarlay erklären, es ſei nicht ihre
129 2038 1034 2084 Abſicht geweſen, über italieniſches Gebiet zu
131 2081 1033 2128 fliegen, der Wind hätte ſie aber in ſüdöſtlicher
129 2125 1033 2174 Richtung von ihrem urſprünglichen Weſtoſtkurſe
131 2172 1034 2219 weggetrieben. Die Landung im Gebiete von
129 2216 1034 2265 Friaul wäre alſo die Folge eines unglücklichen
129 2260 1035 2306 Zufalls geweſen. Von der italieniſchen Gen⸗
129 2304 1034 2354 darmerie wird geſagt, die Luftſchiffer hätten
129 2349 1034 2397 einen Mappeur und einen Photographen bei
129 2394 1033 2438 ſich und in ihren Karten wären die italie⸗
128 2437 1034 2487 niſchen Befeſtigungen der Alpen und der Taglia⸗
129 2483 1033 2529 mentolinie rot eingezeichnet. Die Militärbehörde
129 2526 1033 2575 hat den Verhafteten die Karten und Photogra⸗
129 2570 1032 2620 phien abgenommen. Ihre Entſcheidung iſt für
129 2614 1032 2665 die nächſten Stunden zu erwarten. Man glaubt,
129 2660 1032 2706 ſie werde die Verhafteten freigeben, aber die
129 2699 1031 2750 mit Beſchlag belegten Gegenſtände zurückbe⸗
129 2747 257 2788 halten.
166 2790 1031 2842 Und heute gegen 10 Uhr kam in Innsbruck
129 2836 1031 2887 nachſtehendes Telegramm an: „Vive la liberté!
129 2880 691 2930 Aviſo! Schweighofer, Heigl.“
488 2970 676 3038 Sport.
168 3050 1030 3093 (Lawn⸗Tennis⸗Turnier des Inns⸗
125 3083 1030 3127 brucker Eislauf⸗Vereines.) Das Turnier,
126 3121 1028 3163 das Donnerstag abends mit dem unentſchiedenen
128 3155 1030 3200 Kampfe um die Meiſterſchaft im Herren⸗Einzelſpiel
129 3193 1029 3233 nach Einbruch der Dunkelheit abgebrochen werden
127 3229 1028 3269 mußte, fand geſtern ſeine Fortſetzung mit einzelnen
126 3264 1029 3304 außerordentlich intereſſanten und hartnäckigen Käm⸗
127 3299 1028 3340 pfen. Am Morgen begann die weitere Austragung
127 3333 1028 3376 der Herren⸗Einzelſpiel⸗⸗Meiſterſchaft zwiſchen den
127 3369 1028 3411 Herren Dr. v. Hayek und Leutnant Another. Das
127 3405 1027 3447 Spiel endete mit 18 Geam für Leutnant Another,
125 3439 1027 3481 der die Meiſterſchaft von Tirol mit 2:6, 4:6, 6:1,
124 3475 1025 3518 8:6 und 18:16 gewann. Nachmittags kam das
126 3514 1028 3552 Schlußſpiel im Damen⸗Einzelſpiel um die Meiſter⸗
126 3546 1028 3588 ſchaft für Tirol zur Austragung, das ſich ebenfalls
125 3582 1028 3622 ſehr intereſſant und ſpannend geſtaltete, weil ſich in
124 3619 1027 3658 den Damen Frl. Grete Kofler und Frl. Hedwig Merkh
124 3654 1028 3695 zwei gleichwertige, ausgezeichnete Spielerinnen gegen⸗
127 3689 1027 3730 überſtanden. Nach langem Kampfe ſiegte Frl. Merkh
125 3724 1026 3763 mit 1:6, 9:7, 6:4 und hat ſo die Meiſterſchaft von
124 3759 1028 3799 Tirol errungen. Im Herren⸗Doppelſpiel um die
125 3795 1026 3835 Meiſterſchaft von Tirol ſiegte das Paar Another⸗ v.
125 3831 1026 3869 Gelb mit 6:2, 6:0, 6:3 gegen Baron Roſt⸗Haus⸗
126 3866 1026 3906 mann. Auch dieſes Spiel bot zahlreiche intereſſante
124 3901 1027 3939 Momente. Unentſchieden blieben, weil die Dämme⸗
124 3938 1026 3977 rung hereinbrach, die Schlußrunde im Damen⸗Ein⸗
124 3972 1024 4010 zelſpiel mit Vorgabe zwiſchen Frau Baronin Roſt und
124 4009 1025 4044 Frau Hauptmann Jaſchke und das Herren⸗Doppelſpiel
125 4043 1024 4081 mit Vorgabe zwiſchen „Giovanni“⸗Hausmann und
125 4078 1026 4121 Dr. Hayek⸗de Lucchi. Das gemiſchte Doppelſpiel ohne
125 4114 1025 4156 Vorgabe um die Meiſterſchaft von Tirol gedieh bis
126 4150 1025 4191 zur Schlußrunde, in der Frau Altmann⸗de Lucchi
126 4185 1024 4225 mit Frl. Merkh⸗v. Gelb zu kämpfen haben werden.
124 4221 1025 4261 Das Spiel fand auch geſtern bei den zahlreich er⸗
123 4257 1021 4297 ſchienenen Sportfreunden das lebhafteſte Intereſſe.
125 4291 1025 4335 Wenn das Wetter günſtig iſt, können die letzten
124 4325 1025 4368 Spiele noch im Laufe des heutigen Tages ausge⸗
125 4362 1024 4404 tragen werden. Abends ½ 9 Uhr findet ſodann im
127 4399 1023 4438 Hotel „Mariabrunn“ auf der Hungerburg die Ver⸗
125 4433 727 4472 teilung der prächtigen Preiſe ſtatt.
1097 182 1970 220 („Fußball Innsbruck“.) Heute nachmittags
1063 220 1968 254 ½ 5 Uhr Zuſammenkunft am Sportplatz in Mariahilf.
1065 254 1967 290 Die Mitglieder wollen bei der Herrichtung des Platzes
1064 288 1701 328 für das morgige Wettſpiel mithelfen.
1105 325 1969 361 (Wiener Sportklub in Innsbruck.) Mor⸗
1065 359 1969 399 gen Punkt ½ 11 Uhr ſpielt das Innsbrucker Team
1065 397 1968 434 gegen den erſtklaſſigen Wiener Sportklub in der
1065 432 1968 469 Kloſterkaſerne. Der Wiener Sportklub wurde vor zehn
1060 468 1967 506 Jahren gegründet und hat ſich nun zu einer erſt⸗
1058 502 1966 540 klaſſigen Mannſchaft empor gearbeitet. Überall haben
1063 538 1967 577 die Schwarz⸗Weißen glänzende Erfolge aufzuweiſen.
1062 573 1965 610 Beſonders gegen Graz, Troppau, Ungarn und es
1064 611 1970 645 gelang ihnen ſogar vor vier Wochen, die engliſche
1063 643 1966 681 Berufsſpielermannſchaft im ſchärfſten Kampfe nieder⸗
1063 682 1966 718 zuringen. Der Wiener Sportklub iſt als die fairſte
1062 714 1965 751 Mannſchaft Wiens bekannt. Für Innsbruck werden
1061 749 1965 788 die beſten Spieler der hieſigen Sportvereine die Far⸗
1062 786 1965 823 ben Tirols verteidigen. Für den Fußballſport in
1063 820 1964 860 Tirol wird dieſes Wettſpiel ein Markſtein werden.
1062 855 1964 895 Denn bis jetzt war es den Innsbrucker Sportsleuten
1062 893 1964 929 noch nie möglich, ein erſtklaſſiges Wettſpiel zu ſehen
1060 928 1962 964 und dadurch für ihre Spielweiſe zu lernen. Das
1062 964 1964 1000 morgige Wettſpiel wird zeigen, was der Innsbrucker
1062 997 1964 1034 Mannſchaft noch fehlt. Die veranſtaltenden Vereine
1062 1035 1965 1070 hoffen durch einen zahlreichen Beſuch des ſport⸗
1061 1069 1964 1106 liebenden Publikums ihre Bemühungen um das Zu⸗
1061 1104 1963 1142 ſtandekommen des Wettſpieles belohnt zu ſehen. Er⸗
1060 1139 1963 1176 mäßigte Karten haben für dieſes Wettſpiel keine Gil⸗
1061 1176 1962 1212 tigkeit. Die Eintrittspreiſe ſind wie g wöhnlich: 60
1061 1210 1961 1248 Heller Stehplatz, 1 Krone Sitzplatz. Die Spieler des
1060 1247 1962 1283 Innsbrucker Teams treffen ſich um 10 Uhr im Gaſt⸗
1059 1283 1962 1319 hof „Grauer Bär“ (Bürgerſtube). — Aufnahmen der
1060 1317 1960 1355 Mannſchaft ſind bei Groß, Kaltſchmidt, Max Jeggle
1061 1354 1525 1389 und Leo Stainer zu ſehen.
1104 1390 1961 1424 (Rund um die Gletſcher. — 1620 Kronen
1060 1424 1961 1459 Preiſe.) Der am 9. d. Mts. vom Tiroler Rad⸗
1060 1458 1960 1497 fahrer⸗Verbande veranſtalteten großen Fernfahrt über
1059 1494 1961 1532 351 km auf der Strecke Innsbruck — Landeck — Re⸗
1058 1530 1961 1568 ſchen — Me an — B zen — B enner — I n b uck wird
1060 1566 1961 1602 allſeits reges Intereſſe entgegengebracht. Der Stre⸗
1058 1601 1961 1637 ckendienſt iſt bereits organiſiert und wird den muſter⸗
1058 1636 1960 1673 gültigen des Jahres 1909 noch weſentlich übertreffen.
1058 1673 1960 1711 Alle Innsbrucker Radfahrer⸗Vereine, ſowie jene von
1058 1708 1960 1744 Telfs, Landeck, Mals, Schlanders, Meran, Lana,
1059 1744 1960 1782 Gries, Bozen, Sterzing, Deutſch⸗Matrei haben ſich
1059 1777 1960 1815 mit Begeiſterung in den Dienſt dieſer Fernfahrt ge⸗
1057 1813 1960 1851 ſtellt. Zwiſchen den einzelnen Kontrollſtationen wer⸗
1058 1850 1958 1888 den überdies Automobile einen ſtrengen fliegenden
1059 1883 1959 1922 Überwachungsdienſt ausüben, ſo daß mit den weiters
1058 1920 1958 1958 aufgeſtellten geheimen Streckenpoſten jede verſuchte
1057 1954 1958 1993 Unregelmäßigkeiten der Rennfahrer von vorneherein
1057 1989 1958 2029 gänzlich unmöglich iſt. Ein Auto wird für die Preſſe
1057 2028 1959 2063 und ein Sanitätsauto gegebenen Falles ſtets hilfs⸗
1056 2062 1959 2100 bereit raſch am Platze ſein. Ein verläßlicher Tele⸗
1058 2098 1958 2137 phon⸗ und Telegraphendienſt wird das Eintreffen der
1057 2133 1958 2170 Fahrer und jedes Vorkommnis von Ort zu Ort be⸗
1056 2169 1958 2206 kanntgegeben. Es wird ein hochintereſſanter Wett⸗
1057 2204 1958 2243 kampf in den Tiroler Bergen werden, den ſich die
1057 2240 1958 2277 beſten deutſchen, ſchweizeriſchen und öſterreichiſchen
1055 2275 1959 2313 Herren⸗ und Berufsfahrer in jeder Kategorie liefern
1055 2311 1958 2350 werden. Mit wuchtigen Pedaltritten werden Schweizer,
1056 2344 1957 2383 Deutſche und Öſterreicher ihre Räder über zwei der
1056 2381 1958 2420 höchſten Tiroler Päſſe dem Sieg und Ziele zutreiben,
1056 2417 1958 2454 Zwölf prachtvolle Ehrenpreiſe, von denen manche
1056 2454 1958 2490 von Gönnern und Freunden des Radſportes gewid⸗
1055 2487 1959 2527 met wurden, winken den Herrenfahrern und der
1055 2522 1957 2562 Ruhm, in dieſer gewaltigen, ſchwierigen Fernfahrt
1056 2560 1959 2596 unter den Preisträgern zu ſein, wird den Berufsfah⸗
1056 2594 1958 2632 rern mehr einbringen, als manche Fernfahrt über
1056 2630 1959 2665 längere Strecken; denn die Tiroler Berge werden er⸗
1056 2666 1958 2701 weiſen, welche unter den von ihnen benützten Mar⸗
1055 2700 1958 2738 ken die beſten und zuverläßigſten ſind. Außerdem er⸗
1052 2738 1957 2776 halten alle Fahrer, welche innerhalb der feſtgeſetzten
1053 2773 1957 2809 Maximalzeit einlangen und nicht unter den Siegern
1054 2807 1956 2845 ſind, die eigens hiefür hergeſtellte künſtleriſche Pla⸗
1052 2843 1956 2880 kete des Tiroler Radfahrer⸗Verbandes. Der erſte
1054 2877 1957 2916 Öſterreicher gewinnt den von der ſteiermärkiſchen
1053 2916 1957 2951 Fahrradfabrik A.⸗G. Johann Puch in Graz gewid⸗
1051 2950 1956 2986 meten Sonderpreis. Die drei erſten öſterreichiſchen
1052 2984 1956 3024 Fahrer dieſer Fernfahrt erwerben ſich das Vorrecht,
1051 3020 1956 3057 an den Auswahlrennen für die olympiſchen Spiele
1053 3057 1956 3092 in Stockholm 1912 teilnehmen zu können. Der Nen⸗
1054 3090 1956 3129 nungsſchluß mit einfachem Einſatze wurde auf
1051 3125 1957 3164 Mittwoch, 5. d. Mts., 6 Uhr abends, verſchoben.
1050 3161 1955 3200 Nachnennungen mit doppeltem Einſatze werden bis
1050 3197 1955 3233 Samstag, 8. d. Mts., 6 Uhr abends, angenommen.
1052 3232 1956 3271 Alle diesbezüglichen Schriftſtücke ſind an Herrn Rich.
1052 3268 1919 3307 Holzhammer, Innsbruck, Erlerſtraße, zu richten.
1094 3304 1953 3341 (Training der Radfahrer.) Am 28. v.
1051 3339 1954 3376 Mts. abends konnte man unſere heimiſchen Meiſter⸗
1052 3372 1956 3411 fahrer Franz Hammerle und Emil Falkner und noch
1050 3410 1956 3448 mehrere bewundern, wie ſie kühn den ſteilen „Hohl⸗
1051 3446 1956 3482 weg“ von der Brennerſtraße bis zum „Sonnenbur⸗
1048 3480 1955 3518 gerhof“ fuhren. Emil Falkner beherrſchte ohne viel
1050 3515 1955 3552 Anſtrengung in 2 Min. 40 Sek. dieſe ſteile Strecke.
1050 3551 1955 3588 — Hoffentlich haben unſere Meiſterfahrer bei der
1050 3586 1956 3623 Fernfahrt „Rund um die Gletſcher“ mehr Glück wie
1050 3621 1954 3660 bei der Bozner Bergfahrt, wobei dem Emil Falkner,
1050 3659 1957 3696 der als ſicherer erſter Sieger galt, ein Radreifen
1050 3694 1208 3728 zerplatzte.
1158 3770 1850 3866 Nach den Wahlen.
1075 3878 1930 3925 Aus dem Deutſchen Nationalverband.
1087 3943 1953 3989 Aus Wien wird uns unterm 1. Juli tele⸗
1053 3982 1950 4033 graphiert: Geſtern nachmittags trat der vom
1049 4032 1951 4080 Deutſchen Nationalverbande nach der Auflöſung
1048 4074 1951 4121 des Abgeordnetenhauſes eingeſetzte Vollzugsaus⸗
1048 4120 1951 4165 ſchuß unter dem Vorſitze des Abg. Dr. Syl⸗
1047 4164 1949 4211 veſter zu einer Sitzung zuſammen, um über
1048 4208 1950 4252 die Modalitäten einer Neukonſtruktion des Deut⸗
1047 4253 1742 4300 ſchen Nationalverbandes zu beraten.
1085 4298 1949 4345 An der Sitzung nahmen teil die Abg. Dr.
1047 4342 1949 4390 Groß, Prof. Erb, Herzmansky, Markhl, Dr. von
1039 4385 1949 4433 Oberleithner, Pacher, Dr. Roller, Dr. Schrei⸗
1043 4431 1947 4479 ner, Dr. Steinwender, Dr. Stölzel, Wolf, Dr.
1992 184 2899 234 Urban, Jeſſer, Dr. v. Langenhan, Hummer, Dr.
1992 229 2902 277 Waber und Dr. Wichtl. Es wurde beſchloſſen,
1991 276 2901 323 alle diejenigen Abgeordneten zum Beitritte ein⸗
1990 321 2902 366 zuladen, welche auf das Programm des Deut⸗
1991 365 2902 410 ſchen Nationalverbandes kandidiert und ſich den
1990 408 2900 453 Wählern gegenüber verpflichtet haben, dem Na⸗
1991 452 2899 499 tionalverbande beizutreten. Die konſtituierende
1989 496 2898 546 Sitzung iſt für Freitag den 7. Juli nachmittags
1988 542 2898 589 in Ausſicht genommen. Am Vormittag desſelben
1988 587 2898 634 Tages wird der Vollzugsausſchuß zu einer Sit⸗
1988 631 2899 677 zung zuſammenzutreten. Der bisherige Vorſtand
1988 675 2899 721 wurde mit der proviſoriſchen Weiterführung der
1989 719 2901 766 Geſchäfte betraut. Sodann fand eine eingehende
1988 764 2899 810 Debatte über die politiſche Lage ſtatt, wobei ein⸗
1986 809 2898 855 mütig die Auffaſſung zutage trat, daß den
1988 853 2900 898 neuen Verhältniſſen gegenüber eine zuwar⸗
1988 898 2899 944 tende Haltung einzunehmen ſei, da auch
1988 940 2898 986 das Programm der Regierung und die poli⸗
1989 985 2897 1031 tiſche Richtung, welche ſie einzuſchlagen gedenkt,
1987 1030 2898 1076 gegenwärtig noch nicht bekannt ſind. Der
1988 1075 2898 1117 Deutſche Nationalverband muß unter allen Um⸗
1985 1115 2896 1165 ſtänden an der Forderung, daß die Verwaltung
1987 1160 2895 1208 eine ſtreng objektive ſei, feſthalten. Hinſichtlich
1986 1205 2896 1252 des Regierungsſyſtems wurde allſeits der An⸗
1986 1250 2897 1297 ſchauung Ausdruck gegeben, daß ein parla⸗
1985 1294 2897 1342 mentariſches Kabinett, welches ledig⸗
1986 1338 2895 1385 lich eine Perſonenkoalition darſtellt,
1985 1380 2319 1429 unmöglich ſei.
2027 1424 2899 1473 Bei Beginn der Sitzung gedachte die Ver⸗
1986 1473 2895 1519 ſammlung des abtretenden Vorſitzenden des Ver⸗
1985 1518 2894 1565 bandes, Dr. v. Chiari, und beſchloß einmütig,
1986 1562 2894 1608 ihm für ſein überaus verdienſtvolles Wirken
1986 1605 2892 1651 wärmſten Dank und Anerkennung auszuſprechen.
2026 1651 2894 1698 Zu Beginn der Sitzung wurde auch die Frage
1985 1695 2895 1743 erörtert, ob der Deutſche Nationalverband im
1986 1740 2897 1785 neuen Hauſe in gleicher Form ins Leben treten
1984 1784 2898 1829 ſolle, wie im alten Hauſe, nämlich als Ver⸗
1985 1829 2897 1876 band von Parteien und einzelnen Abgeordne⸗
1983 1872 2898 1916 ten. Dieſe Form wurde in der Debatte allſeits
1983 1917 2147 1960 gebilligt.
2022 1960 2895 2006 Bezüglich des Beitrittes der Parteien,
1983 2007 2893 2051 bezw. der Abgeordneten wurden folgende An⸗
1983 2048 2893 2095 träge des Abg. K. H. Wolf einſtimmig ange⸗
1982 2094 2896 2141 nommen: 1. Alle jene Herren Abgeordneten,
1982 2138 2896 2184 welche im verfloſſenen Hauſe dem Nationalver⸗
1981 2183 2899 2228 bande angehört haben, 2. diejenigen Herren Ab⸗
1981 2228 2895 2272 geordneten, die auf das Programm einer der
1981 2271 2894 2317 bisher im Nationalverband vertretenen Parteien
1981 2313 2896 2361 kandidiert haben, 3. die Abgeordneten, die auf
1980 2359 2893 2406 das Programm der Deutſchen Arbeiterpartei
1981 2404 2890 2450 kandidiert haben, 4. diejenigen Abgeordneten,
1981 2447 2895 2491 welche unter der Verpflichtung, dem National⸗
1980 2492 2894 2538 verbande beizutreten, kandidiert haben — ſind
1981 2536 2897 2582 zur konſtituierenden Sitzung des Deutſchen Na⸗
1982 2582 2504 2626 tionalverbandes einzuladen.
2022 2625 2892 2671 In der Debatte über die politiſche Situation
1980 2672 2892 2716 wurde darauf verwieſen, daß jede etwa geplante
1981 2711 2894 2760 Syſtemänderung auf den ſchärfſten Widerſtand
1978 2757 2893 2802 des Deutſchen Nationalverbandes ſtoßen müſſe.
1978 2802 2894 2847 Es müſſe auch feſtgeſtellt werden, daß durch das
1978 2847 2891 2893 einſeitige Vorgehen der Chriſtlichſozialen ein
1979 2893 2891 2937 Wechſel des Miniſterpräſidenten ſtattgefunden
1979 2937 2888 2981 habe, ohne daß der Deutſche Nationalverband
1979 2981 2891 3025 zu der durch das Stichwahlergebnis herbeige⸗
1979 3024 2890 3070 führten geänderten Situation Stellung nehmen
1980 3069 2111 3106 konnte.
2057 3123 2819 3172 Baron Gautſch und die Parteien.
2018 3182 2883 3227 Der Abg. Dr. Urban iſt nach Wien abgereiſt.
1976 3227 2883 3271 Es dürfte ſich um eine Berufung zum Miniſter⸗
1976 3270 2883 3314 präſidenten Baron Gautſch handeln. Die „Na⸗
1975 3314 2883 3361 rodni Liſty“ melden, daß zwiſchen Freiherrn
1976 3359 2881 3405 v. Gautſch und den Polen eine Verſöhnung
1977 3403 2882 3447 ſtattgefunden habe, welche von Freunden des
1976 3446 2882 3492 Miniſterpräſidenten ver t wurde. Gautſch
1973 3490 2877 3535 wird das Waſſerſtra ngeſetz, das unter
1975 3534 2881 3583 Bienerth ausgearbeitet urde, dem Reichsrate
1975 3581 2147 3623 vorlegen.
1974 3635 2882 3684 Praſchek und die tſchechiſche Agrarpartei.
2020 3690 2882 3736 Prag, 1. Juli. Der Exekutionsausſchuß
1975 3734 2884 3780 der tſchechiſchen Agrarpartei hat ſich dahin aus⸗
1976 3778 2882 3826 geſprochen, daß der Exminiſter und Abgeord⸗
1977 3824 2883 3870 nete Praſchek nicht in den Verband aufzunehmen
1976 3870 2885 3914 ſei, obwohl eine große Minorität für die Auf⸗
1976 3910 2882 3959 nahme war. Doch ſoll Praſchek eine gewiſſe
1977 3955 2884 4001 Friſt eingeräumt werden, nach deren Ablauf
1976 3999 2883 4045 er, wenn ſein Verhalten zu der Partei ein
1976 4044 2762 4089 einwandfreies war, aufgenommen wird.
1997 4135 2847 4201 Aus dem Staatseiſenbahnrate.
2012 4213 2874 4261 Geſtern wurde in den Sitzungslokalitäten des
1972 4259 2874 4308 niederöſterreichiſchen Landhauſes die diesjährige
1969 4303 2874 4353 Frühjahrsſeſſion des Staatseiſenbahnrates mit
1969 4350 2873 4395 den Beratungen des Ausſchuſſes für allgemeine
1968 4394 2875 4438 Angelegenheiten unter dem Vorſitze des Ob⸗
1969 4436 2873 4486 mannes Herranhausmitgliedes Dr. Ruß eröffnet.
