3168 4834
647 214 903 267 — 204 —
254 291 1393 354 „Erich, Sie ſind zu edel und hochherzig, als daß Sie
161 346 943 399 ſich etwas vorzuwerfen haben könnten.“
254 385 1401 442 „Es gibt Dinge, an denen man nicht die Schuld trägt,
163 429 1395 486 und für die man doch beſtraft wird. Wer wüßte das beſſer
164 480 376 530 als Sie?“
251 519 1398 582 Er blieb ſtehen und rechte ihr die Hand, um Abſchied
161 568 1398 627 zu nehmen. Lieber wollte er mit Gewalt ein Ende machen,
165 609 1401 676 als derartige Marter länger erdulden. Doch Magda begann
168 665 936 717 abermals voll unausſprechlicher Angſt:
253 708 1401 771 „Erich, ich fürchte immer noch, daß alles das, was Sie
165 755 1400 814 mir geſagt haben, nicht wahr iſt — ich bin mißtrauiſch —
168 799 1401 859 ich habe ſo viel gelitten. Wenn es ein Vorwand von Ihnen
168 843 1402 903 wäre, ſich von mir zu trennen, Ihre Freiheit wieder zu ge⸗
173 887 1402 946 winne. In dieſem Falle ſagen Sie es offen — es iſt
168 931 1403 992 mir lieber — wenigſtens weiß ich dann, daß ich allein zu
168 975 1400 1038 leiden habe Sagen Sie es — ich verzeihe Ihnen den Schmerz,
169 1021 1398 1079 welchen Sie mir bereiten werden, im voraus, nicht wahr,
170 1065 1404 1125 Sie lieben mich nicht mehr? Es gab eine Zeit, in welcher
173 1112 1407 1171 Sie mich zu lieben glaubten, aber es war eine Täuſchung
170 1158 1409 1214 — der Kopf ſprach vielleicht lauter als das Herz. Sie
172 1200 1408 1257 fanden ein junges Mädchen, ſchöner, liebenswürdiger, welches
168 1241 1406 1306 Ihr Herz gefangen nahm. Es ſchändet Sie nicht, wenn Sie
180 1288 1406 1347 es mir geſtehen, Erich, ich hätte Sie doch geliebt. Sagen
180 1333 1211 1391 Sie mir die Wahrheit — Sie ſehen, ich bin ruhig.“
258 1380 1300 1449 „Ich liebe Sie, Magda — ich kann nicht lügen!“
259 1436 1406 1497 Sie legte beide Hände an die Stirn und zitterte wie
179 1493 384 1545 im Fieber.
260 1535 1412 1595 „Dann weiß ich nicht mehr! Ich kann es nicht glauben
178 1579 1408 1640 — es iſt nicht wahr — es iſt eine Prüfung — leider eine
175 1619 1412 1689 entſetzliche. Hören Sie damit auf, Erich — lächeln Sie weiter
182 1673 1407 1727 — ſehen Sie mich an, wie früher mit Ihren lieben Augen.
178 1714 1411 1771 Wie ſoll ich mich denn an den Gedanken gewöhnen, Sie
175 1756 1414 1819 für immer verlieren zu müſſen? Es iſt mein Glück, mein
178 1799 1414 1863 Leben, das Sie mit ſich hinwegtragen. Und es iſt nicht
172 1846 1413 1905 gerecht — ich habe es nicht verdient, mein Leben ewig ver⸗
176 1890 1416 1949 trauern zu müſſen — es wäre ungerecht. Geben Sie mir
173 1937 1418 1997 Hoffnung, mein Freund, wenn Sie nicht wollen, daß ich
180 1992 437 2039 sterben ſoll.“
262 2027 1131 2085 „Leben Sie wohl, Magda, es muß ſein!
1794 271 2942 331 Er hatte die letzten Worte mit gebrochener Stimme ge⸗
1711 317 2944 377 ſprochen, war vor ihr auf die Knie geſunken und hatte ſeine
1702 361 2941 423 tränenſtrömenden Augen in ihr Gewand gedrückt. Ihre kleinen
1704 404 2940 467 Hände preßten die ſeinen — ſie wollte ſeinen Widerſtand
1711 449 2940 511 beſiegen, wollte ihm die Hoffnung auf die Zukunft mitteilen,
1710 496 2940 555 Und er — er wäre geflohen, hätte ihn die zarte Liebkoſung
1708 549 2043 598 nicht feſtgehalten.
1795 590 2298 644 „Erich, ich bitte Sie —“
1796 625 2673 689 „Laſſen Sie mich, Magda, es muß ſein!“
1799 668 2940 732 „Erich, ich liebe Sie ſo unendlich!“ hauchte das junge
1718 730 1889 775 Mädchen.
1804 761 2942 818 Er kämpfte übermenſchlich, doch ſein Wille ſiegte. „Leben
1708 815 1938 864 Sie wohl!“
1804 846 2948 909 „Erich — behalte Dein Geheimnis — behalte es für
1712 894 2944 953 dich — laß es auf ewig in deinem Herzen begraben ruhen.
1709 935 2947 1000 Ich werde dich nie danach fragen — ich ſchwöre es dir —
1711 981 2948 1045 o, mein innig Geliebter, ich ſchwöre es dir bei deinem Leben,
1712 1025 2949 1089 bei dem Leben meines Vaters — nie werde ich die geringſte
1711 1070 2948 1134 Anſpielung machen, nicht einmal daran denken. Noch iſt unſer
1715 1116 2952 1177 Glück möglich, mein Erich. Weiſe mich nicht zurück! Wenn
1713 1160 2950 1218 du wüßteſt, wieviel Tränen ich ſeit meiner Kindheit vergoſſen
1713 1204 2954 1264 habe. Und ich möchte doch auch gern wiſſen, was es heißt,
1711 1258 2227 1309 leben und glücklich ſein.“
1800 1291 2948 1354 Sie zog ſeine Finger an ihre Lippen und küßte ſie ein⸗
1716 1338 2953 1399 zeln, wie eine Mutter die Finger ihres Kindes küßt. Und
1713 1384 2957 1442 dieſe weichen, roten Lippen redeten lauter als Worte in
1718 1425 2955 1489 ihrer ſchüchternen Liebkoſung. Ihm erſchienen ſie wie Wun⸗
1712 1470 2955 1533 den, die gleich einem Feuer brannten. Sein Kopf war wüſt.
1717 1513 2925 1577 Magdas Worte klangen wie aus weiter Ferne an ſein Ohr.
1804 1558 2958 1618 Er hob das Haupt, ein Schatten von einem Lächeln irrte
1717 1613 2075 1667 um ſeine Lippen.
1812 1644 2957 1708 Und Magda lächelte auch — wartete auf die Worte, die er
1717 1691 2957 1754 ja nun ausſprechen mußte: Ich liebe dich — ſei mein Weib
1715 1748 1966 1803 und vergiß!
1808 1781 2958 1840 Er wollte es ausſprechen, da ſank ſein Haupt auf die
1717 1826 2958 1887 Bruſt zurück. Vor ſeinen geiſtigen Augen ſtieg es auf, das
1714 1871 2963 1927 ſchreckliche Drama, der Mord Markmanns, an welchem ſeine
1721 1913 2963 1977 Mutter wahrſcheinlich mitſchuldig — die ungerechte Verurtei⸗
1714 1958 2959 2017 lung Wellbachs — der Tod ſeines Vaters — alles. Und
1716 1999 2959 2067 die, welche ihm in ihrer Unſchuld anflehte, daß er ſie hei⸗
617 2600 874 2650 — 208 —
247 2682 1377 2743 Der Arzt zweifelte. Er vermutete weit eher einen großen
154 2738 325 2786 Schmerz.
239 2779 1053 2830 „Hat ſie einen großen Verdruß gehabt?“
244 2822 1056 2875 „Nein. Ich erfülle ihr jeden Wunſch!“
247 2872 492 2919 „Liebt ſie?“
245 2903 1337 2963 „Sie liebt und wird geliebt. Das kann es nicht ſein!“
238 2948 1388 3009 Der Arzt ſtellte ſeine Fragen ein, obwohl er keineswegs
161 3011 453 3053 überzeugt war.
251 3037 1384 3096 Wellbach blieb von nun an Tag und Nacht am Schmerzens⸗
162 3080 1380 3144 lager ſeines Kindes. Was er nicht wußte, erfuhr er bald
159 3129 1383 3189 aus Magdas wilden Fieberphantaſien. Zwar ſprach ſie nur
166 3172 1381 3231 in abgeriſſenen Sätzen, aber es genügte ihm, um zu begreifen,
161 3218 1383 3275 daß Erich Mohrfeld ſie nicht mehr mochte. Und das Mädchen
167 3260 1382 3322 lebte nur in dieſer Liebe. Alſo darum war ſie ſo traurig,
165 3306 1391 3365 darum war ſie krank geworden. Sie würde, ſie mußte da⸗
166 3362 557 3410 von zugrunde gehen.
256 3395 1387 3451 Eines Tages ließ er anſpannen und fuhr nach Rahnsdorf
167 3437 1386 3500 in der Hoffnung, den jungen Rechtsanwalt daſelbſt zu treffen
167 3481 1390 3541 und ſich mit ihm ausſprechen zu können. Es war an einem
165 3529 1398 3588 Sonntag. Erich war tags vorher mit ſeiner Mutter an⸗
166 3589 311 3630 gelangt.
256 3619 1386 3675 Als er Wellbachs ernſtes, ſorgenvolles Geſicht erblickte,
166 3663 1390 3720 begriff er ſofort, daß jener alles wußte. Dazu ſagte ihm
167 3706 1388 3765 ein Vorgefühl, daß Magda krank ſein müſſe. Er empfand
171 3752 1389 3808 eine kindiſche Luſt zu fliehen, aber ſchon kam das Mädchen,
171 3796 1342 3853 den Beſuch zu melden, und dieſer folgte ihr auf dem Fuße.
260 3842 1390 3895 „Kommen Sie“, ſprach er nach recht flüchtigem Gruße,
170 3886 1392 3943 „und laſſen Sie uns in den Garten gehen. Ich muß Sie
170 3941 613 3985 ohne Zeugen ſprechen.“
260 3975 1390 4030 Minutenlang ſchritten Sie ſchweigend durch die Gänge,
163 4019 1404 4077 bis endlich Erich begann: „Sie wollten mich ſprechen, Herr
168 4073 369 4122 Wellbach.“
262 4110 1395 4164 „Ja, Herr Mohrfeld! Meine Tochter iſt ſchwerkrank. In
172 4153 1395 4211 ihren Fieberphantaſien hat ſie mir verraten, daß ſie Ihnen
172 4197 1397 4252 das Neueſte mitgeteilt hat. Das Zutagekommen meiner Un⸗
173 4241 1396 4301 ſchuld an dem mir zur Laſt gelegten Verbrechen und die Ent⸗
174 4284 1401 4347 larvung des wahren Schuldigen. Ich weiß ferner, daß Sie
178 4333 1396 4385 ſie lieben, daß Sie ſie um ihre Hand gebeten haben, und daß
176 4372 1398 4433 Sie ſie nun unbegreiflicherweiſe auf einmal verſchmähten Ver⸗
176 4430 528 4476 hält es ſich ſo?“
1732 2364 2715 2426 Beilage zu den „Innsbrucker Nachrichten“.
2185 2583 2430 2631 — 201 —
1791 2663 2918 2722 „O, Magda — mehr als alles auf der Welt, mehr als
1699 2723 1960 2760 mein Leben!“
1791 2753 2815 2809 „Weshalb haben Sie dann Geheimniſſe vor mir?“
1789 2807 2141 2853 „Ich habe keine!“
1794 2839 2923 2898 „Sie lügen!“ rief ſie, vor Bewegung zitternd. Nach kurzem
1702 2884 2923 2942 Stillſchweigen fuhr ſie fort: „Erich, ich bat Sie, mit nach
1702 2927 2922 2989 Friedrichshagen zu kommen, damit mein Papa Sie umarmen,
1702 2986 2089 3030 uns ſegnen könne!“
1794 3021 2806 3077 „Wozu das?“ murmelte er mit erſtickter Stimme.
1794 3063 2921 3121 Er hatte es ſo leiſe geſagt, daß ſie es nicht verſtand.
1701 3115 2386 3168 Trotzdem begriff ſie und erbleichte.
1795 3155 2926 3214 „Ich ängſtige mich“, ſagte Magda ſchwer atmend. „Sie
1701 3199 2929 3256 haben mir ein Unglück zu verkünden — ich weiß es. Ich
1695 3246 2928 3300 war auch zu glücklich — ich lachte, ich ſang — ich, die ich
1701 3299 2069 3345 ſtets traurig war.“
1800 3333 2928 3386 „Ich kann jetzt nicht zu Ihrem Vater gehen, Magda“,
1702 3378 2931 3433 erwiderte der junge Mann, über ihre Veränderung erſchreckend.
1705 3412 2928 3477 „Jetzt wenigſtens nicht, aber bald — bald. Ich muß vor
1708 3465 2928 3523 allen Dingen meine Mutter aufſuchen, die etwas leidend iſt!“
1801 3511 2933 3567 „So werde ich Sie begleiten“, entgegnete ſie, entſchloſſen,
1711 3555 2932 3611 die Wahrheit um jeden Preis kennen zu lernen. „Wir neh⸗
1710 3602 2934 3656 men Ihre Mutter dann mit nach Friedrichshagen und erzählen
1709 3646 2942 3701 ihr die traurige Geſchichte meines Papas, die wir nicht länger
1710 3697 2278 3749 geheim zu halten brauchen!“
1800 3740 2019 3787 Er erſchrak.
1802 3778 2934 3833 „Nein, Magda, ich bleibe den ganzen Tag bei meiner
1713 3824 2933 3880 Mutter. Und da ich gezwungen bin, in wichtiger, unaufſchieb⸗
1712 3868 2934 3923 barer Angelegenheit noch heute nach Berlin zurückzukehren, kann
1714 3915 2489 3968 ich Ihren Papa erſt ſpäter aufſuchen.“
1804 3955 2935 4011 Jetzt war die Reihe des Schweigens an Magda gekom⸗
1713 3999 2936 4058 men. Geſenkten Hauptes gingen ſie nebeneinander her. Sie
1714 4044 2932 4100 hatte ſeinen Arm losgelaſſen und verſank in tiefes Nachdenken.
1716 4091 2936 4146 Als ſie die erſten Häuſer von Rahnsdorf erreicht hatten, wandte
1717 4144 2149 4190 ſie ſich ihm wieder zu.
1809 4180 2934 4233 „Erich“, ſagte ſie feſt, „ich will die Wahrheit wiſſen,
1718 4228 2576 4279 koſtete ſie auch das Glück meines Lebens.“
1810 4273 2831 4324 „Ich flehe Sie an, Magda, fragen Sie mich nicht!“
1808 4317 2368 4366 „Sehen Sie, ich hatte recht!“
1806 4368 1985 4413 „Leider!“
1801 4406 2568 4457 „Sprechen Sie, ich will alles wiſſen!“
1809 4459 2585 4503 Guſtav Rebfeld, Ein dunkles Verbrechen
