3168 4829
301 109 663 157 Seite 4. Nr. 148.
1362 123 1911 172 Innsbrucker Nachrichten
2439 138 2960 185 Samstag den 1. Juli 1911.
255 215 1154 266 tikan beim Papſt um das Agrement eines neuen
255 258 666 308 Botſchafters angeſucht.
589 323 810 367 Portugal.
293 373 1152 418 Das Trennungsgeſetz. Die Regierung
253 416 1153 462 hat den Reklamationen der Mächte über die
254 459 1154 504 Ausführung des Trennungsgeſetzes nunmehr
253 506 1154 556 nachgegeben. Machado gab Erklärungen, aus
252 547 1153 597 denen zu entnehmen iſt, daß das Geſetz auf
252 593 1153 640 die Ausländerkirchen nicht angewendet werden
249 636 1154 684 ſoll. — Das Blatt „El Liberal“ meldet aus
253 681 1151 728 Liſſabon: Ernſte militäriſche Unruhen haben in
247 725 1152 773 Coimbra ſtattgefunden. Es haben ſchwere mili⸗
248 770 1139 817 täriſche Ausſchreitungen ſtattgefunden. Soldaten
247 817 1149 861 trupps veranſtalteten unter Vorantragung des
248 859 1144 905 Bildes des Exkönigs eine monarchiſtiſche De⸗
247 904 1149 948 monſtration. Aus Liſſabon ſind zwei Artillerie⸗
246 948 993 996 Abteilungen nach Coimbra abgegangen.
616 1008 777 1048 Türkei.
289 1061 1145 1106 Der Aufſtand im Yemen. Bezüglich
244 1108 1144 1149 der Meldung über einen für die türkiſchen
245 1147 1145 1195 Truppen verluſtreichen Kampf bei Dſchiſan
243 1191 1145 1240 Aſſir gibt jetzt das Kriegsminiſterium zu, daß
245 1240 1145 1283 einige Truppendetachements, welche Waſſer⸗
243 1285 1146 1334 quellen beſetzen wollten, aus dem Hinterhalte
242 1327 1145 1374 angegriffen wurden, ſich zurückziehen mußten, die
242 1374 1139 1420 Verluſte ſeien jedoch nicht bedeutend geweſen.
242 1415 1141 1465 Der Wali von Yemen, der das Oberkommando
241 1461 1139 1510 der Expedition nach Aſſir übernahm, ſei in
241 1505 1140 1554 Dſchiſan gelandet. Wie aus Konſtantinopel ge⸗
239 1554 1137 1598 meldet wird, hat die Regierung beſchloſſen,
239 1600 1138 1644 nach Aſſir neue Bataillone zu entſenden. Wei⸗
238 1640 1138 1688 ter ſollen vier Bataillone nach Bagdad abge⸗
237 1684 1139 1732 hen, um den Kämpfen der feindlichen Stämme
240 1733 537 1774 Einhalt zu tun.
280 1777 1138 1824 Der Aufſtand in Albanien. Der Groß⸗
237 1819 1137 1868 weſir Hakki Paſcha machte dem öſterreichiſch⸗unga⸗
237 1863 1137 1911 riſchen Botſchafter Markgrafen Pallavicini die Zu⸗
238 1909 1136 1955 ſicherung, daß die Pforte alle möglichen Opfer
237 1955 1138 2002 bringen werde, um die Pazifizierung der Ma⸗
234 2000 1136 2046 liſſoren zu bewerkſtelligen. Pallavicini erklärte
233 2041 1137 2088 dem Großweſir, Europa würde im Falle
234 2088 1075 2131 eines Krieges nicht intervenieren.
532 2144 832 2190 Griechenland.
275 2198 1135 2243 Eine Demonſtration. 5 Offiziere, die
231 2242 1133 2287 Abgeordnete der Nationalverſammlung ſind und
230 2288 1131 2332 früher Mitglieder des Militärbundes waren,
230 2328 1132 2379 legten wegen der Annahme des Geſetzes, das
228 2374 1132 2423 dem Kronprinzen ſeine militäriſche Charge
230 2418 853 2464 wiedergibt, ihr Mandat nieder.
583 2481 781 2523 England.
270 2533 1135 2579 Der Verfaſſungskampf. Im britiſchen
227 2577 1133 2623 Oberhaus iſt Paragraph 1 der Vetobill mit
230 2621 1128 2665 verſchiedenen Amendements angenommen worden,
225 2664 1018 2711 die die Regierung teilweiſe bekämpft hatte.
273 2709 1129 2755 Neue Befeſtigungen. Die Admiralität
226 2751 1129 2800 beſchloß die Errichtung von 14 neuen Sperr⸗
227 2796 1126 2844 forts zum Schutze der im Oſten gelegenen
229 2842 459 2886 Kriegshäfen.
558 2888 757 2929 Amerika.
262 2940 1125 2988 Das Ende des mexikaniſchen Bür⸗
226 2985 1125 3033 gerkrieges.) Die von Madero abgefallenen
227 3027 1125 3075 und auf eigene Fauſt weiterkämpfenden 3000
223 3073 1123 3120 Rebellen des Anführers Juarez haben ſich der
223 3119 1124 3164 Regierung unterworfen. Juarez iſt über die
223 3161 1117 3209 Grenze in die Vereinigten Staaten geflüchtet.
226 3206 901 3252 Der Bürgerkrieg iſt damit beendet.
265 3253 1120 3299 Die Schiedsgerichtsverhandlungen.
222 3295 1123 3346 Die Verhandlungen über den Entwurf eines
220 3339 1120 3388 Schiedsvertrages, die von der Regierung zu
220 3383 1121 3432 Waſhington mit Deutſchland zur gleichen Zeit
219 3431 1120 3477 wie mit Frankreich und England gepflogen
217 3473 1119 3522 werden, ſtoßen auf ernſte Schwierigkeiten, da
214 3517 1120 3567 Frankreich und England wenig Neigung zei⸗
219 3562 1120 3608 gen, die Monroedoktrin in Form eines Staats⸗
219 3610 667 3654 vertrages anzuerkennen.
590 3665 749 3708 Afrika.
259 3717 1117 3764 Marokko. Die engliſche Regierung richtete
217 3761 1115 3810 an die ſpaniſche eine zweite Note in Bezug
217 3805 1115 3854 auf die Beſetzung von Larraſch. Bekanntlich
213 3849 1115 3899 fand zwiſchen den beiden Mächten in dieſer
212 3895 1116 3943 Frage ſchon ein Notenaustauſch ſtatt, doch er⸗
215 3942 1116 3989 achtete England damals die ſpaniſche Antwort
213 3983 1115 4032 als nicht zufriedenſtellend. — Nach einer Mel⸗
213 4027 1114 4078 dung aus Fez will General Moinier mit dem
212 4075 1115 4122 Gros ſeiner Truppen in der erſten Auguſt⸗
212 4114 1113 4166 hälfte über Caſablanca nach der Schauja zu⸗
214 4162 1113 4211 rückkehren. Er glaubt, daß er mit dem großen
211 4206 1112 4255 Teil ſeiner Mannſchaften gegen den 15. Auguſt
212 4251 1112 4300 in Caſablanca eintreffe. Der Rückmarſch wird
213 4296 1111 4343 ſtaffelweiſe vor ſich gehen. Von den in der
212 4340 1111 4388 franzöſiſchen Kolonne befindlichen 120 Offizieren
214 4382 1112 4432 haben ſich nur ſieben bereit erklärt, einer Mili⸗
214 4428 1110 4477 tärmiſſion zugeteilt zu werden. Oberſt Gou⸗
1179 224 2084 271 raud ſoll an der Spitze einer Mehalle ſtehen,
1184 269 2084 317 die zur eventuellen Verteidigung von Fez und
1186 311 2082 362 Melines, beſtimmt iſt. — Die Blätter melden
1189 356 2082 406 aus Madrid: Die Regierung entſandte weitere
1187 401 2080 451 2000 Mann nach Marokko und beſchloß, die
1182 446 2080 497 Proteſte Frankreichs und Mulen Hafids nicht
1186 491 2082 540 zu beachten. Die Algeciras⸗Mächte haben, wie
1185 535 2081 587 zuverläſſig verlautet, das von Frankreich gegen
1183 580 1977 628 Spanien beantragte Vorgehen abgelehnt.
1223 676 2046 747 Hof⸗ und Perſonalnachrichten.
1222 765 2079 817 Der Kaiſer hat dem- Oberſtleutnant des Ruhe⸗
1179 806 2078 860 ſtandes Franz Fuchs den Titel und Charak⸗
1178 853 1751 901 ter eines Oberſten verliehen.
1219 894 2077 948 Der Eiſenbahnminiſter ernannte den dem Eiſen⸗
1178 941 2075 993 bahnminiſterium zugeteilten Bahnkonzipiſten Dr.
1178 985 2075 1035 Wilhelm Rottleuthner zum Bahnkommiſſär.
1224 1032 2077 1082 Dem Bahnſekretär im Eiſenbahnminiſterium
1178 1077 2074 1126 Dr. Heinrich Schieſtl wurde der Titel eines
1175 1120 2076 1170 Inſpektors verliehen, ebenſo dem Oberrevidenten
1175 1163 2075 1215 Richard Peil, Reichsritter von Hartenfels
1177 1208 1664 1251 der Eiſenbahnbaudirektion.
1218 1250 2072 1304 Das k. k. Oberlandesgericht für Tirol und
1176 1297 2072 1348 Vorarlberg hat den Kanzleioffizianten Joſef
1173 1340 2071 1391 Leoni zum Kanzliſten beim Bezirksgerichte Tione
1174 1386 2068 1438 und die Rechtspraktikanten Doktor Alois
1174 1427 2071 1482 Bill in Bozen und Franz Hoſp in Innsbruck
1173 1475 1665 1521 zu Auskultanten ernannt.
1215 1519 2069 1571 Der k. k. Richter Dr. Max Duregger
1170 1565 2070 1615 wurde, wie man uns aus Meran ſchreibt, zur
1170 1608 2070 1661 aushilfsweiſen Dienſtleiſtung auf die Dauer von
1169 1652 2068 1703 6 Monaten dem Juſtizminiſterium zugeteilt und
1170 1697 2063 1748 begibt ſich bereits heute Samstag nach Wien.
1209 1743 2068 1790 Das k. k. Handelsminiſterium hat den Rech⸗
1168 1789 2066 1838 nungspraktikanten Joſef Fiſcher zum Rech⸗
1169 1833 2062 1881 nungsaſſiſtenten bei der k. k. Poſt⸗ und Tele⸗
1166 1876 2064 1930 graphen⸗Direktion für Tirol und Vorarlberg
1163 1922 1326 1962 ernannt.
1208 1964 2061 2017 Der abſolvierte Realſchüler Rudolf Pillat
1164 2011 2062 2060 wurde zum Poſtamtspraktikanten für den Dienſt⸗
1165 2054 2061 2106 bereich der k. k. Poſt⸗ und Telegraphen⸗Direk⸗
1162 2099 1626 2141 tion Innsbruck ernannt.
1292 2194 1926 2264 Aus Stadt und Land.
1209 2286 2058 2336 (Statthalter Freiherr von Spie⸗
1167 2331 2063 2379 gelfeld) iſt heute früh aus Wien nach Inns⸗
1163 2377 1521 2420 bruck zurückgekehrt.
1208 2419 2056 2470 (Von der Univerſität Innsbruck.)
1162 2463 2056 2512 Zum Rektor Magnificus wurde für das Stu⸗
1160 2508 2053 2558 dienjahr 1911/12 Herr Dr. Alois Lode, o. ö.
1162 2550 2046 2602 Profeſſor für Hygiene, ordentliches Mitglied
1160 2597 2056 2646 des Landes⸗Sanitätsrates für Tirol und Vor⸗
1159 2641 2055 2693 arlberg und Gemeinderat in Innsbruck uſw.,
1157 2685 2057 2734 gewählt. — An der philoſophiſchen Fakultät wurde
1158 2729 2054 2779 Prof. Dr. Rudolf von Scala zum Dekan
1157 2775 1301 2817 gewählt.
1212 2819 2044 2870 (Preisſteigerung in den Kaffee⸗
1156 2863 2054 2914 häuſern.) Der heutige Tag hat uns Inns⸗
1156 2908 2052 2958 bruckern außer der Steigerung der Tabakfabrikate
1155 2953 2051 3004 und der „Regulierung“ der Lokalbahntarife noch
1156 2995 2051 3049 eine andere, keineswegs angenehme Überraſchung
1153 3042 2049 3093 gebracht. Wie wir erfahren, haben ſich nämlich
1154 3086 2049 3135 auch die Cafétiers von Innsbruck in einer Ver⸗
1153 3130 2051 3180 ſammlung entſchloſſen, ihre Preiſe den Lokalen
1154 3173 2048 3224 entſprechend zu „regulieren“. Sie begründen dies
1153 3219 2047 3269 mit der ſeit zehn Jahren erfolgten Steigerung
1154 3263 2048 3310 aller Lebens⸗ und Bedarfsartikel, mit der Er⸗
1153 3308 2047 3358 höhung der Kaffeepreiſe, mit dem Emporgehen der
1153 3352 2050 3401 Mietzinſe, mit der erfolgten Steigerung der poli⸗
1151 3397 2046 3448 zeilichen Lizenz, welche nunmehr für jedes bis
1150 3441 2046 3493 3 Uhr früh offen gehaltene Lokal 1128 Kronen
1150 3486 2046 3536 pro Jahr beträgt, und endlich mit der verteuer⸗
1150 3531 2046 3580 ten Erhaltung des Perſonals. Der Kaffeepreis ſoll
1150 3576 2043 3625 um 4 Heller pro Schale erhöht werden und auch
1148 3616 2045 3668 die anderen Getränke, wie: Tee, Schokolade uſw.
1145 3663 2049 3714 ſollen eine entſprechende Steigerung erfahren. So
1148 3708 2047 3757 wenig man gegen die Argumente der Cafétiers
1145 3752 2045 3801 einzuwenden vermag, muß man ſich doch fragen:
1146 3796 2044 3844 „Wohin mit der Welt, wenn es mit den Preis⸗
1146 3840 1673 3885 ſteigerungen ſo weitergeht?“
1186 3893 2043 3945 (Wohltätigkeitskonzert im Hofgar⸗
1144 3940 2039 3989 ten.) Dienstag den 4. Juli findet im k. u. k.
1144 3983 2041 4034 Hofgarten ein Wohltätigkeits⸗Promenade⸗Konzert
1143 4028 2042 4077 ſtatt, und zwar zu Gunſten des Witwen⸗ und
1142 4072 2042 4122 Waiſen⸗Penſionsfondes der Militärkapellmeiſter.
1144 4117 2041 4166 Ausgeführt wird es von der k. u. k. Kaiſer⸗
1141 4161 1575 4205 jäger⸗Regimentskapelle.
1183 4215 2037 4265 (Monatsbericht der freiwilligen
1141 4257 2037 4307 Rettungs⸗Abteilung.) Im Juni wur⸗
1143 4302 2043 4348 den im Meldebuche 157 Inanſpruchnahmen ver⸗
1136 4347 2037 4396 zeichnet. Erſte Hilfe bei Unfällen wurde in
1143 4392 2038 4442 78 Fällen geleiſtet, zu 40 derſelben mußte auch
1140 4436 2041 4484 ein Rettungswagen ausrücken. Krankontrans⸗
2107 232 3002 285 porte wurden 71 durchgeführt. Irrige Mel⸗
2107 278 3008 332 dungen und unterbliebene Transporte gab es
2111 322 3004 371 acht. — Krankenpflegeperſonen wurden vier ver⸗
2109 363 2786 414 mittelt, zwei davon nach auswärts.
2147 410 3009 461 (Abſchieds ⸗ Abend.) Die Ortsgruppe
2110 453 3003 509 Innsbruck des deutſchöſterreichiſchen Eiſenbahn⸗
2109 499 3004 552 beamten⸗Vereines und des Reichsbundes deut⸗
2108 542 3000 595 ſcher Eiſenbahner veranſtaltete am 24. Juni
2109 588 2998 640 im Hotel „Neue Poſt“ eine Zuſammenkunft
2108 631 2998 683 ihrer Mitglieder, um von dem eifrigen Mit⸗
2108 674 3000 727 arbeiter, dem zur Generaldirektion nach Wien
2104 718 2998 772 einberufenen Revidenten Röggl Abſchied zu
2108 764 2996 814 nehmen. Außer den zahlreich erſchienenen Mit⸗
2105 805 3001 860 gliedern der beiden Vereine, hatte ſich auch
2103 850 2997 904 noch eine ſtattliche Anzahl von Freunden des
2103 894 3002 947 Scheidenden eingefunden. Auch Werkſtättenchef
2103 938 2998 991 Oberkommiſſär Ing. Kriſa, der unmittelbare
2101 981 3000 1036 Vorgeſetzte des Valetanten nahm an der Feier teil.
2103 1029 3000 1082 Im Namen des deutſch⸗öſterr. Eiſenbahnbeamten⸗
2103 1073 3001 1124 vereines ſprach der Obmann der hieſigen Orts⸗
2102 1116 2995 1167 gruppe Adjunkt Sepp Straffner, im Namen des
2102 1161 2993 1211 Reichsbundes deutſcher Eiſenbahner Ing. Suske
2101 1204 2992 1254 in warmen Worten auf den Scheidenden, den
2099 1249 2997 1299 ſie als ſtrammes und treues Mitglied, als Men⸗
2098 1293 2993 1344 ſchen, der wohl, ohne Feinde zurückzulaſſen, nach
2097 1338 2994 1388 fünfzehnjähriger Tätigkeit von Innsbruck ſcheidet,
2099 1381 2986 1432 ſchilderten. In bewegten Worten dankte Re⸗
2097 1426 2989 1476 vident Röggl für die gezollte Anerkennung und
2097 1470 2990 1520 für die Freundſchaft, die man ihm ſtets ent⸗
2095 1518 2991 1568 gegengebracht habe, mit der Verſicherung, den
2099 1560 2989 1612 Innsbruckern ſtets ein getreues Gedenken zu
2095 1604 2988 1654 bewahren. Mitglieder des Eiſenbahnſängerklubs
2095 1649 2993 1699 und ein Viergeſang des Wiltener Männergeſang⸗
2095 1694 2990 1744 vereines ſtellten ebenfalls ihr bewährtes Können
2094 1737 2990 1787 in den Dienſt des Abends, der unter ernſten
2091 1782 2991 1832 und heiteren Reden und unter Chorgeſängen,
2093 1823 2992 1876 Quartetten und Einzelvorträgen einen ſehr
2091 1869 2987 1919 ſchönen Verlauf nahm und die Teilnehmer noch
2091 1915 2987 1962 lange nach Mitternacht beiſammenhielt, ein
2091 1958 2987 2008 Zeichen, daß die genannten Vereine nebſt ernſter
2090 2003 2828 2052 Arbeit auch frohe Geſelligkeit pflegen.
2133 2049 2992 2099 (III. Erwerbſteuertermin.) Den Er⸗
2089 2093 2992 2144 werbſteuerpflichtigen diene zur Kenntnis, daß
2090 2138 2986 2186 mit 1. Juli die III. Rate der allgemeinen Er⸗
2088 2183 2988 2231 werbſteuer und der Erwerbſteuer von dem der
2089 2227 2985 2277 öffentlichen Rechnungslegung unterworfenen Un⸗
2088 2272 2983 2321 ternehmungen fällig wird. Sofern die Jahres⸗
2088 2316 2981 2366 ſchuldigkeit eines Kontribuenten an einer dieſer
2088 2358 2979 2412 Steuergattung 100 Kronen überſteigt und in
2090 2405 2984 2454 der Zeit vom 1. bis 15. nicht entrichtet wird,
2089 2450 2980 2500 tritt nach dem Geſetze vom 9. März 1870,
2084 2495 2975 2544 R.⸗G.⸗Bl. Nr. 23, die Verzugszinſenpflicht ein.
2084 2538 2981 2589 Nach Ablauf von 4 Wochen noch aushaftende
2086 2582 2986 2629 Beträge müßten im Exekutionswege hereinge⸗
2084 2628 2355 2670 bracht werden.
2128 2671 2974 2725 (Ungeteilte Amtsſtunden.) Beim k. k.
2084 2716 2988 2770 Steuer⸗ und gerichtlichen Depoſitenamte in
2080 2762 2977 2813 Innsbruck werden in der Zeit vom 3. Juli
2082 2807 2982 2855 bis inkl. 15. September die ungeteilten Amts⸗
2085 2852 2977 2901 ſtunden mit der Geſchäftszeit von ½ 8 Uhr vor⸗
2083 2894 2974 2943 mittags bis ½ 3 Uhr nachmittags — Kaſſaſchluß
2085 2941 2975 2991 um ½ 2 Uhr nachmittags — eingeführt. —
2083 2983 2977 3033 Die Geſchäftsſtunden wurden bei der hieſigen
2081 3027 2971 3078 k. k. Steueradminiſtration für die Dauer der
2076 3070 2975 3122 Monate Juli inkl. September auf die Zeit von
2078 3113 2972 3166 8 Uhr vormittags bis 2 Uhr nachmittags feſt⸗
2081 3161 2973 3212 geſetzt. Das Einreichungsprotokoll bleibt jedoch
2081 3201 2972 3255 auch in den bezeichneten Monaten während der
2081 3249 2655 3295 bisherigen Amtsſtunden offen.
2121 3293 2973 3344 (Lehrerkonferenz.) Am Donnerstag den
2073 3336 2977 3387 6. Juli, 1 nachmittag findet im Gaſthof „Bier⸗
2074 3382 2975 3434 waſtl“ (Parterre) eine Lehrerkonferenz ſtatt, wo⸗
2076 3427 2968 3477 zu alle Lehrer und Lehrerinnen eingeladen
2073 3469 2975 3522 ſind. Wegen der Wichtigkeit der Verhandlungs⸗
2076 3516 2920 3566 punkte iſt zahlreiche Beteiligung notwendig.
2138 3561 2970 3612 (An der k. k. Lehrer⸗ und Lehrerin⸗
2074 3607 2973 3657 nenbildungsanſtalt in Innsbruck) be⸗
2074 3650 2973 3701 ginnen die Aufnahmsprüfungen zum
2073 3694 2976 3744 Eintritt in den erſten Jahrgang für Kandida⸗
2073 3739 2970 3787 ten am 10. Juli, für Kandidatinnen am 12.
2073 3781 2971 3834 Juli, jedesmal um 8 Uhr morgens. Anmeldun⸗
2068 3828 2964 3880 gen werden bis 8. Juli täglich von 11 bis 12
2073 3872 2965 3922 Uhr vormittags in der Direktionskanzlei ent⸗
2067 3917 2963 3967 gegengenommen. Beizubringen ſind: 1. Tauf⸗
2072 3957 2967 4014 oder Geburtsſchein; 2. Impfzeugnis; 3. amts⸗
2069 4004 2965 4055 ärztliches Zeugnis über phyſiſche Eignung für
2071 4048 2962 4100 den Lehrberuf; 4. letztes Schulzeugnis; 5. Leu⸗
2069 4092 2962 4147 mundszeugnis. Zur Prüfung mitzubringen ſind
2068 4137 2966 4188 Zeichnungen und Schönſchriften, von Mädchen
2070 4182 2606 4228 auch weibliche Handarbeiten.
2113 4223 2958 4276 (Ein exzedierender Soldat.) Geſtern
2068 4264 2956 4321 nachmittag wurde in der Innſtraße ein betrunke⸗
2068 4311 2956 4366 ner Kaiſerjäger durch einen Schutzmann verhaftet.
2065 4353 2957 4411 Der Soldat benahm ſich ſo renitent, daß er durch
2064 4399 2958 4453 eine Militärpatrouille in die Kloſterkaſerne abge⸗
2066 4442 2434 4490 führt werden mußte.
