3488 5365
214 223 355 263 Seite 4
773 213 1048 257 Wien, Samstag
1485 202 2062 249 Neue Freie Presse.
2523 198 2752 244 1. Juli 1911
3108 191 3309 236 Nr. 16830
254 293 1201 344 Aus dieſer Darſtellung geht hervor, daß das entſcheidende
174 332 1202 384 Moment für die Einlöſung der Geſellſchaft das Ergebnis der
177 372 1202 426 gerichtlichen Schätzung der Objekte bilden wird. Wie
177 414 1202 462 in Rathauskreiſen verlautet, beabſichtigt die Gemeinde der
179 452 1200 503 Allgemeinen Elektrizitätsgeſellſchaft 12 ½ Millionen Kronen
178 492 1202 542 als Abſchlagszahlung zu bieten, während dieſe einen um
177 531 1201 583 mehrere Millionen höheren Betrag verlangt. Die Einlöſungs⸗
175 573 1202 622 ſumme wird darum auf Grund des Schätzungsergebniſſes be⸗
179 611 1204 662 ſtimmt werden. Durch die Kündigung des Vertrages erfahren
177 652 1203 702 die Prozeſſe der Allgemeinen Elektrizitätsgeſellſchaft gegen
177 690 1202 743 die Kommune Wien ſelbſtverſtändlich keine Siſtierung, ins⸗
175 731 1202 783 beſondere ſchwebt jetzt das Verfahren wegen der von der
175 771 1201 825 Allgemeinen Elektrizitätsgeſellſchaft geforderten Schadenserſatz⸗
177 812 1202 863 ſumme von 1,630.000 K., weil das Unternehmen die Gemeinde
179 851 1202 904 haftbar macht, daß ihm der Magiſtrat geſetzwidrig die Her⸗
177 897 825 943 ſtellung von Hauptanſchlüſſen verbietet.
251 931 1202 983 Die Allgemeine Oeſterreichiſche Elektrizitätsgeſellſchaft iſt im
180 971 1203 1021 Jahre 1891 gegründet worden, indem ſie in alle Rechte und
177 1011 1201 1064 Pflichten des Vertrages aus dem Jahre 1887 eingetreten iſt,
182 1051 1204 1102 den die Firma Siemens & Halske mit der Gemeinde Wien
182 1089 1204 1144 hinſichtlich der Zentrale Neubaugaſſe und Körblergaſſe abge⸗
178 1140 405 1184 ſchloſſen hatte.
261 1199 1130 1274 Der aviatiſche Gordon Bennett-Preis.
918 1281 1171 1322 Wien 1. Juli.
258 1333 1208 1384 Heute gelangt auf dem Flugplatze von Eaſt Church
182 1374 1208 1428 in England der aviatiſche Gordon Bennett⸗
184 1414 1209 1465 Preis zur Entſcheidung. Um dieſen kann jedes Land mit
183 1454 1209 1506 maximal drei Vertretern kämpfen. Oeſterreich wird in
181 1493 1206 1546 dem Wettbewerbe leider auch heuer nicht vertreten
181 1531 1210 1584 ſein. Es haben wohl ſeinerzeit die Oeſterreichiſche
184 1571 1214 1625 Motorluftfahrzeuggeſellſchaft, dann kaiſerlicher
182 1610 1211 1667 Rat Joſef Fleſch und die Oeſterreichiſch⸗unga⸗
182 1649 1214 1705 riſchen Autoplanwerke Nennungen abgegeben, allein
184 1689 1213 1748 das ſpät einſetzende Frühjahr und die ſehr ungünſtige Wit⸗
185 1730 1212 1786 terung in den letzten Monaten haben eine gründliche Vor⸗
185 1769 1211 1826 bereitung der Apparate und der Flieger nicht in dem Maße
187 1811 1211 1868 zugelaſſen, das einzig einen Erfolg verbürgen könnte. Im
186 1851 1210 1908 heutigen Wettfliegen werden nur drei Nationen vertreten ſein,
189 1889 1214 1947 und zwar England als Verteidiger des Preiſes, dann
190 1932 1216 1986 Frankreich und die Vereinigten Staaten von
189 1970 1216 2026 Nordamerika. Der Sieg dürfte aller Wahrſcheinlichkeit
190 2010 1216 2067 nach an Frankreich fallen, für das Leblanc (Eindecker
188 2048 1215 2107 Blériot), der Gewinner des vorjährigen Rundfluges durch
187 2089 1216 2148 Oſtfrankreich, dann Chevalier (Nieuport⸗Eindecker) und
193 2130 1220 2186 Nieuport ſelbſt (Nieuport⸗Eindecker) mit Apparaten ins
195 2169 1216 2226 Feld ziehen, die eine Geſchwindigkeit von 125 bis
195 2207 1218 2267 130 Kilometern per Stunde zeigen. Die Diſtanz
195 2255 838 2306 des Wettfliegens beträgt 150 Kilometer.
490 2333 925 2405 Staatseiſenbahnrat.
930 2388 1183 2430 Wien, 1. Juli.
265 2433 1222 2494 Die Verhandlungen des Staatseiſenbahnrates fanden heute
192 2475 1222 2533 mit den Beratungen der Ausſchüſſe für Angelegenheiten des
190 2516 1220 2573 Perſonenverkehres und des Güterverkehres
192 2569 462 2612 ihre Fortſetzung.
268 2589 1222 2650 Im Ausſchuß für Angelegenheiten des Güterverkehres
194 2632 1223 2692 beſprach zu Beginn der Beratung Miniſterialrat Dr. von
195 2672 1225 2730 Pichler die Erneuerung des Ausnahmstarifes für
195 2709 1223 2768 Heizöl und brachte zur Kenntnis, daß das Eiſenbahn⸗
196 2749 1224 2809 miniſterium mit Rückſicht auf den Zuſammenhang der zwiſchen
196 2788 1226 2846 den allgemeinen Petroleumtarifen und der Begünſtigung für
197 2826 1226 2887 Heizöl beſtehe, der Anſchauung ſei, daß eine Aufhebung oder
196 2866 1225 2927 Aenderung dieſer Begünſtigung nur im Zuſammenhange mit
198 2907 1226 2966 einer Aenderung der allgemeinen Petroleumtarife tunlich wäre.
199 2945 1227 3004 Das Eiſenbahnminiſterium hat die Abſicht, die letzteren Tarife
198 2982 1227 3042 im Falle einer Konſolidierung der Verhältniſſe der Petroleum⸗
199 3021 1229 3080 induſtrie einer Reviſion zu unterziehen und bei dieſem
200 3062 1229 3119 Anlaſſe auch die Frage der Heizöltarife zu regeln. Die Be⸗
201 3101 1228 3162 günſtigung für Heizöl ſei daher vom Juni 1911 bis zum
199 3140 1229 3201 Ablauf des Giltigkeitstermins der allgemeinen Petroleumtarife,
201 3181 1230 3238 das iſt bis zum 10. Auguſt 1911, verlängert worden.
278 3217 1230 3277 Es gelangte auch der Antrag des Mitgliedes Dr. Hans
206 3257 1229 3319 Grafen Lariſch⸗Mönnich, betreffend Durchrechnung
206 3294 1230 3359 der Frachtſätze im Verkehr zwiſchen den Stationen der
206 3332 1232 3397 öſterreichiſchen Staatsbahnen und der Auſſig⸗
207 3375 1231 3435 Teplitzer Bahn zur Verhandlung. Der Regierungs⸗
203 3410 1232 3474 vertreter Sektionsrat Dr. Scheike führte aus, daß die Durch⸗
205 3451 1231 3515 rechnung der Gütertarife zwiſchen den Stationen der Auſſig⸗
204 3490 1232 3553 Teplitzer Bahn und den Staatsbahnen einen Ausfall von zirka
206 3531 1232 3593 3 Millionen Kronen, davon allein 2·2 Millionen Kronen für
205 3571 1232 3630 Kohlentransporte, zur Folge haben würde. Da auch das gleiche
205 3608 1233 3671 Recht wie die Intereſſenten der Auſſig⸗Teplitzer Bahn jene der
206 3650 1234 3709 übrigen Privatbahnen haben und mit Rückſicht auf die finan⸗
207 3687 1233 3750 ziellen Konſequenzen einer ſolchen Maßnahme ſei das Eiſen⸗
208 3728 1235 3788 bahnminiſterium nicht in der Lage, den Antrag zu akzep⸗
209 3777 818 3829 tieren. Der Antrag wurde abgelehnt.
286 3804 1239 3867 Zum Antrage des Mitgliedes Janotta, betreffend die
211 3845 1237 3907 Einführung des bei den preußiſchen Staatsbahnen üblichen
211 3885 1238 3945 Vorganges bei telephoniſchen Güteraviſierun⸗
212 3926 1238 3984 gen erklärte der Regierungsvertreter Dr. Gintl, daß zu⸗
212 3964 1237 4022 folge der Inſtruktionsbeſtimmungen die Frage der telephoni⸗
213 4003 1236 4063 ſchen Güteraviſierungen im Bereiche der Staatseiſenbahnver⸗
213 4056 600 4103 waltung geregelt werde.
399 4098 1054 4148 Der Eiſenbahnverkehr nach Bosnien.
282 4135 1238 4198 In der heutigen Sitzung des Staatseiſenbahnrates ſtellte
211 4180 1238 4239 Mitglied Abg. Maſtalka den Antrag, einen direkten kom⸗
212 4215 1240 4275 binierten Eiſenbahn⸗ und Schiffahrtstarif von öſterreichiſchen
213 4256 1239 4314 Stationen über Trieſt und die dalmatiniſchen Häfen nach
213 4296 1236 4354 Eiſenbahnſtationen Dalmatiens, Bosniens und der Herzegowina
212 4334 1239 4393 nach Art des norddeutſch⸗öſterreichiſch⸗ungariſchen Eiſenbahn⸗
210 4374 1239 4430 verbandes zu erſtellen, welcher für den Verkehr zwiſchen
210 4412 1239 4470 Schweden und Norwegen einerſeits und Oeſterreich⸗Ungarn
211 4453 1240 4509 andererſeits beſteht. In der Begründung des Antrages wird
213 4490 1243 4550 ausgeführt: Trotzdem die heutigen Tarifſätze nach Bosnien
215 4530 1240 4587 und der Herzegowina doppelt ſo hoch ſind als nach Kal⸗
216 4568 1241 4625 kutta und China, wird es wegen des in politiſchen Rückſichten
214 4609 1242 4665 begründeten Widerſtandes der ungariſchen Staatsbahnen nicht
215 4647 1242 4707 möglich ſein, durch direkte Eiſenbahntarifſätze volle Abhilfe
217 4688 1244 4743 zu ſchaffen. Es wäre daher angezeigt, für den genannten
217 4724 1246 4780 Verkehr aus den cisleithaniſchen Ländern nach Bosnien und
217 4764 1244 4821 ſpeziell nach Dalmatien und der Herzegowina billigere Sätze
217 4806 1245 4857 im Wege des kombinierten Bahn⸗ und Seeverkehres über
217 4843 1245 4897 Trieſt und dalmatiniſche Häfen, wobei die Agentie des Oeſter⸗
217 4884 1245 4936 reichiſchen Lloyd die Umladung der Güter aus den Waggons
217 4922 1245 4974 in die Schiffe und aus den Schiffen in die Waggons be⸗
218 4969 667 5017 ſorgen würde, anzuſtreben.
294 5001 1248 5051 Nach den koloſſalen Opfern, welche die öſterreichiſchen
220 5037 1249 5091 Steuerträger und in erſter Reihe die öſterreichiſche Induſtrie
221 5077 1248 5130 gebracht haben und zum Zwecke der Angliederung dieſer
220 5119 1251 5168 Länder an die öſterreichiſche Monarchie auch weiterhin werden
222 5157 1251 5208 bringen müſſen, iſt dieſes von der öſterreichiſchen Induſtrie
223 5195 1251 5247 zum Zwecke der Ermöglichung und Verbilligung der Handels⸗
1244 283 2267 328 beziehungen in dieſen Ländern geſtellte Verlangen gewiß be⸗
1244 323 2268 370 rechtigt und für die Entwicklung des ganzen Staates nützlich
1244 369 1500 411 und notwendig.
1319 401 2269 447 Aeußerſt mißlich und unerträglich ſind die heutigen Ver⸗
1248 440 2269 487 hältniſſe zu einer Zeit, wo der öſterreichiſchen Induſtrie ſämt⸗
1247 479 2267 525 liche überſeeiſchen fremden Kolonien zugänglicher ſind als
1248 518 2268 564 die eigenen direkt angrenzenden Länder Bosnien, Herzego⸗
1250 558 2269 606 wina und Dalmatien, trotzdem Abhilfe in der Hand der
1249 598 2269 646 Staatsverwaltung liegt und eine ſolche ohne jede Opfer,
1250 639 2270 685 reſpektive ohne jede weitere Ermäßigung der Frachtſätze mög⸗
1250 685 1366 724 lich iſt.
1321 713 2273 761 Die bei dem Transporte erreichten Erſparniſſe würden
1252 756 2274 802 unſerer regen Induſtrie genügen, damit ſie auch in Hinkunft
1252 792 2273 842 in dieſen Ländern eine feſte Poſition, welche ihr für die
1251 832 2272 882 dargebrachten Opfer mit Recht gebührt, bewahren könnte.
1253 872 2276 921 Es wird ſohin der Antrag geſtellt, einen direkten kombinierten
1253 911 2276 961 Tarif aus den cisleithaniſchen Ländern nach Bosnien, Herze⸗
1254 948 2277 1000 gowina und Dalmatien via Trieſt nach den dalmatiniſchen,
1254 989 2276 1042 bosniſchen und herzegowiniſchen Stationen von allen für die
1254 1030 2181 1081 Induſtrie wichtigen öſterreichiſchen Stationen zu erſtellen.
1251 1103 2275 1175 Das Befinden des Hofoperndirektors Mottl.
1506 1174 2016 1213 (Telegramm der „Neuen Freien Preſſe“.)
1920 1209 2241 1248 München, 1. Juli.
1325 1249 2274 1304 In dem Befinden des Hofoperndirektors Mottl hat nach
1248 1288 2276 1345 den heute vormittags im Krankenhauſe erteilten Auskünften die
1248 1329 2278 1381 kleine Beſſerung, die ſich geſtern einſtellte, bis heute früh
1250 1367 2276 1424 angehalten. Das ſchwankende Befinden bleibt aber nach wie vor
1251 1419 1407 1464 ſehr ernſt.
1371 1477 2176 1551 Der internationale Seemannsſtreik.
1383 1550 2168 1602 Mißhandlung von chineſiſchen Streikbrechern.
1329 1590 2278 1649 Cardiff, 1. Juli. Für Liverpool angeworbene Chineſen
1254 1632 2282 1690 wurden hier von Ausſtändigen durch die Straßen
1252 1680 1766 1734 gejagt und mißhandelt.
1453 1723 2093 1770 Beſchlüſſe der Ausſtändigen in Hull.
1332 1764 2279 1824 Hull, 1. Juli. Eine Verſammlung von 12.000 Aus⸗
1256 1802 2277 1861 ſtändigen lehnte es ab, den von den Führern des Aus⸗
1255 1843 2279 1899 ſtandes angenommenen Einigungsbedingungen zuzu⸗
1253 1882 2280 1941 ſtimmen, ſolange nicht auch eine Regelung der Forde⸗
1256 1920 2281 1979 rungen der Dockarbeiter erfolgt ſei. Die Eiſenbahn⸗
1257 1958 2284 2017 arbeiter haben ihre Stellungnahme bis zu der für morgen an⸗
1257 2004 1859 2057 beraumten Verſammlung aufgeſchoben.
1326 2046 2215 2100 Beſchlüſſe der Rhedervereinigung in Nordengland.
1335 2087 2284 2148 Newcaſtle, 1. Juli. In einer Verſammlung der Rheder⸗
1261 2129 2285 2190 vereinigung von Nordengland wurde angekündigt, daß Schritte
1260 2170 2286 2232 getan werden ſollen, um zu erreichen, daß 25 Prozent der
1260 2208 2286 2269 geſamten nichtgecharterten Schiffe der Welt
1261 2253 2001 2305 aus dem Verkehr gezogen würden.
1275 2327 2273 2410 Das portugieſiſche Trennungsgeſetz und die
1689 2400 1866 2463 Mächte.
1518 2463 2040 2507 (Telegramm der „Neuen Freien Preſſe“.)
1960 2495 2255 2536 Berlin, 1. Juli.
1341 2534 1960 2589 Aus Liſſabon wird berichtet:
1342 2574 2284 2632 Am kommenden Montag den 3. Juli tritt das
1267 2619 2289 2683 vorbehaltlich der ſpäteren Genehmigung durch die National⸗
1265 2661 2289 2724 verſammlung erlaſſene Dekret über die Trennung
1266 2704 2287 2768 von Kirche und Staat in Kraft. Dadurch wird
1266 2749 2289 2813 eine ernſte völkerrechtliche Streitfrage
1267 2793 2290 2857 aufgerollt, denn die proviſoriſche Regierung hat bisher
1266 2837 2291 2901 noch nicht auf die Anfragen der hieſigen fremden
1265 2883 2290 2944 diplomatiſchen Vertretungen darüber geantwortet, ob die
1265 2925 2289 2988 in Portugal beſtehenden ausländiſchen Kirchen
1270 2972 2291 3031 und geiſtlichen Geſellſchaften von der Wirk⸗
1268 3016 2290 3076 ſamkeit ſämtlicher Beſtimmungen des Trennungsdekrets
1269 3071 1613 3119 ausgenommen ſind.
1350 3106 2294 3162 Der engliſche Geſchäftsträger wie der
1270 3150 2293 3207 deutſche, italieniſche und franzöſiſche
1270 3192 2292 3250 Geſandte haben dem Miniſter des Auswärtigen,
1270 3237 2295 3294 Machado, mitgeteilt, daß ſie die Erſtreckung jener
1272 3280 2297 3338 Beſtimmungen auf die fremden Kirchen und deren Kirchen⸗
1274 3327 2294 3383 vermögen nicht anerkennen. Sie haben weiter erklärt,
1274 3370 2296 3425 wenn die portugieſiſche Regierung nicht vor Ablauf
1275 3412 2298 3468 dieſes Monats beſtimmte Zuſicherungen gebe, daß die
1273 3457 2297 3512 fremden Kirchen und deren Eigentum vollſtändig von
1274 3502 2293 3556 der Giltigkeit des Trennungsgeſetzes ausgeſchloſſen ſind,
1275 3548 2296 3600 ſo würden am 1. Juli alle dieſe fremden Kirchen
1278 3589 2299 3644 geſchloſſen und auf ihnen die betreffenden
1275 3634 2299 3684 Nationalflaggen gehißt, alſo den portu⸗
1278 3675 2300 3733 gieſiſchen Behörden der Zutritt zu dieſen Gebäuden un⸗
1278 3729 1707 3775 möglich gemacht werden.
1358 3765 2303 3817 Auch Rußland, Oeſterreich⸗Ungarn
1279 3808 2303 3863 und Spanien ſind, obwohl keine Kirchen ihrer
1281 3852 2300 3908 Landesangehörigen in Portugal beſtehen, entſchloſſen,
1278 3899 2301 3951 das Vorgehen der genannten vier Mächte zu unterſtützen.
1433 3988 2145 4048 Ungariſches Abgeordnetenhaus.
1536 4053 2058 4093 (Telegramm der „Neuen Freien Preſſe“.)
1948 4086 2273 4127 Budapeſt, 1. Juli.
1359 4137 2306 4189 Im Abgeordnetenhauſe wurde heute zunächſt das Inter⸗
1282 4179 2309 4227 pellationsbuch verleſen. Dasſelbe enthält unter anderen eine Inter⸗
1281 4219 2308 4265 pellation des Abg. Lovaszy, der an den Landesverteidigungs⸗
1283 4258 2309 4305 miniſter Hazai die Frage richtet, ob er Kenntnis davon beſitze,
1281 4295 2309 4344 daß zwei Reſerveoffiziere, die bei der jüngſten Abgeordnetenwahl
1281 4335 2309 4385 in Szegedin oppoſitionell geſtimmt haben, vom Oberſten ihres
1282 4380 1790 4422 Regiments beſtraft worden ſeien
1358 4413 2310 4462 Hierauf wird vor ziemlich leeren Bänken die Appro⸗
1285 4454 2310 4503 priationsdebatte fortgeſetzt. Zu derſelben ſprachen zu⸗
1283 4493 2310 4539 nächſt Stephan Szabo (Achtundvierziger Landwirtepartei) und
1284 4530 2312 4579 Stephan Haller (Volkspartei), welche beide wegen Mißtrauens
1284 4574 2142 4621 gegen die Regierung die Vorlage abzulehnen erklärten.
1362 4608 2312 4657 Der nächſte Redner war der Abg. Benedek (Juſth⸗
1287 4647 2312 4697 Partei), der in einer mehr als einſtündigen Rede ſeinen ab⸗
1285 4692 1815 4736 lehnenden Standpunkt begründete.
1364 4727 2232 4775 Hierauf ging das Haus auf die Interpellationen über.
1289 4812 2314 4867 Die Unabhängigkeitsparteien und das Wehr⸗
1739 4859 1858 4905 geſetz.
1370 4914 2315 4965 Die Bemühungen, eine Kooperation der beiden
1295 4957 2317 5011 Gruppen der Unabhängigkeitspartei gegen die militäriſchen
1294 5001 2317 5052 Vorlagen zu ſtande zu bringen, dauern fort. Dienstag
1293 5044 2319 5095 abends findet ein gemeinſames Bankett der
1295 5088 2316 5141 Mitglieder der beiden Parteien ſtatt, bei welchem auch
1292 5135 1996 5182 politiſche Reden gehalten werden ſollen.
2343 275 3312 328 Die kroatiſchen Abgeordneten im ungariſchen
2715 323 2930 369 Reichstag.
2395 374 3339 429 Der geſtrigen Rede des kroatiſchen Abgeordneten
2317 421 3339 473 Szekulics, der in der Appropriationsdebatte wohl
2316 464 3343 516 die Beſchwerden der Kroaten aufzählte, das Budget aber
2319 510 3342 560 nicht ablehnte, war eine längere Beratung im Klub der
2321 552 3345 606 kroatiſchen Abgeordneten vorausgegangen. Der Abgeord⸗
2320 597 3344 650 nete Papratovics vertrat den Standpunkt, daß die
2322 642 3346 695 kroatiſchen Abgeordneten das Budgetgeſetz ſolange nicht
2318 690 3344 738 votieren ſollen, bis alle kroatiſchen Beſchwerden ſaniert
2321 731 3347 783 ſeien. Einen ähnlichen, wenn auch in der Form ge⸗
2320 776 3347 829 mäßigteren Standpunkt vertrat der Abgeordnete Pin⸗
2321 821 3346 875 terovics. Auf Wunſch des Banus Dr. v. Toma⸗
2320 866 3346 919 ſics, der erklärt, daß er im Falle der Annahme des
2322 913 3345 963 Antrages Papratovics ſeine Demiſſion geben müßte,
2323 960 2881 1007 wurde dieſer Antrag abgelehnt.
2405 1008 3347 1061 In den ungariſchen Regierungskreiſen legt man der
2323 1056 3346 1104 geſtrigen Konferenz der kroatiſchen Abgeordneten kein
2324 1098 3346 1150 Gewicht bei, da es ſich nur um die Unzufriedenheit eines
2325 1142 3349 1194 einzelnen Abgeordneten handelt. Sollte Papratovics auch
2327 1187 3348 1239 aus dem Klub austreten, ſo würde dies doch die Lage
2324 1232 3349 1283 nicht im geringſten ändern. Es beſteht gegenwärtig
2327 1275 3350 1329 nicht die Abſicht, in Kroatien irgend
2325 1321 3349 1372 welche wichtige Aenderungen durchzu⸗
2326 1371 2503 1419 führen.
2366 1453 3310 1508 Die Sozialdemokraten und die Juſth⸗Partei.
2407 1513 3352 1565 Das ſozialdemokratiſche Organ „Nepſzava“ kriti⸗
2327 1558 3352 1611 ſiert die geſtrige Rede des Wortführers der Juſth⸗Partei,
2327 1601 3354 1655 Ludwig Hollo. Das Blatt findet es auffallend, daß
2329 1646 3354 1698 Hollo nur von dem allgemeinen und nicht von dem all⸗
2329 1689 3356 1740 gemeinen, gleichen, geheim und länderweiſe auszuüben⸗
2330 1731 3355 1783 den Wahlrecht geſprochen habe. In dem Tone wie Hollo
2331 1774 3360 1827 hätten auch die Gegner einer wirklich demokratiſchen Wahl⸗
2328 1827 2640 1870 reform geſprochen.
2328 1911 3353 1978 Der Vortrag des Profeſſors Carrel über das
2328 1973 3354 2039 Wachſen von Geweben außerhalb des Körpers.
2373 2048 3316 2105 Mitteilungen eines hervorragenden Wiener
2707 2100 2975 2144 Phyſiologen.
3064 2146 3320 2184 Wien, 1. Juli.
2412 2197 3355 2244 Jeder Lebensvorgang in den Zellen, den wir unter
2329 2241 3356 2293 dem Mikroſkop auf dem Objekttiſch beobachten,
2335 2284 3361 2334 bedeutet das Fortleben der Zellen außerhalb des Organis⸗
2338 2330 3361 2381 mus. Die Zellen leben nicht bloß weiter, ſondern ſie
2333 2372 3357 2426 wachſen außerhalb des Körpers, was man an der Zellen⸗
2335 2418 3359 2470 teilung wahrnimmt. Profeſſor Stricker in Wien hat
2335 2461 3359 2517 bereits vor zwanzig Jahren an der Hornhaut des Froſches
2335 2507 3362 2559 beobachtet, und zwar außerhalb des Organismus unter
2337 2551 3358 2606 dem Mikroſkop, daß die Zellen wachſen, ſich vermehren,
2337 2596 3362 2648 ſich teilen und auswandern. Hiemit war das Prinzip des
2338 2640 3364 2696 Fortlebens der Zellen außerhalb des Organismus ge⸗
2336 2685 3366 2739 geben. Profeſſor Winterſtein, der bekannte Phyſio⸗
2338 2727 3363 2784 loge aus Roſtock, hat auf dem letzten Internationalen
2337 2772 3362 2829 phyſiologiſchen Kongreß im Herbſte des Vorjahres in
2339 2818 3363 2870 Wien vier Embryonen demonſtriert, welche außerhalb des
2341 2860 3366 2915 mütterlichen Körpers wachſen. Es handelt ſich alſo hier
2341 2905 3362 2962 um Tatſachen, welche bereits ſeit längerer Zeit be⸗
2341 2962 2528 3006 kannt ſind.
2422 3003 3366 3060 Intereſſant iſt die Tatſache, daß die Geſchwulſtzellen,
2342 3049 3366 3106 welche auch im Organismus ein raſcheres Wachstum
2341 3090 3367 3150 zeigen, außerhalb des Organismus raſcher wachſen, als
2343 3147 2594 3195 andere Zellen.
2425 3184 3368 3242 Die Verſuche von Carrel ſind vom phyſiologiſchen
2346 3228 3369 3288 Standpunkte aus ſehr intereſſant, wenn ſie auch prin⸗
2347 3274 3370 3332 zipiell nichts Neues bieten. Denn wir ſehen unter dem
2348 3317 3370 3374 Mikroſkop ganz beſtimmte Lebens⸗ und Wachstumsvor⸗
2350 3360 3369 3419 gänge, zum Beiſpiel die Zuſammenziehung des Muskels,
2350 3404 3374 3460 die Teilung und Vermehrung der Zellen, und auch, wie
2348 3449 3370 3506 ſchon Stricker beobachtet hat, das Wandern der Zellen.
2351 3493 3373 3547 Der ganze Fortſchritt, der Transplantation in der
2352 3533 3374 3591 Chirurgie, das heißt das Ueberpflanzen von Geweben und
2351 3576 3374 3636 Gewebsteilen auf andere Stellen desſelben Menſchen oder
2352 3620 3372 3679 anderer Menſchen beruht ja auf dem Ueberleben der Ge⸗
2350 3664 3374 3721 websteile außerhalb des Organismus. Zweifellos hat
2351 3707 3372 3765 Carrel durch eine ausgebildete Verſuchstechnik auf dieſem
2351 3751 3371 3809 Gebiete ſehr intereſſante Beobachtungen gemacht. Ob dieſe
2352 3794 3371 3855 Beobachtungen für die praktiſche Medizin von Bedeutung
2353 3847 2968 3899 ſind, kann erſt die Zukunft lehren.
2350 3951 3376 4009 Operation an einem Enkel des Grafen Witte.
2603 4011 3128 4053 (Telegramm der „Neuen Freien Preſſe“.)
2437 4058 3375 4112 Frankfurt am Main, 1. Juli. Von kompetenter
2352 4101 3374 4156 Seite wird Ihrem Korreſpondenten mitgeteilt, daß die
2353 4145 3372 4198 Gerüchte, Graf Witte ſei in Frankfurt operiert worden,
2354 4188 3376 4244 unrichtig ſind. Es liegt eine Verwechſlung vor. Nicht
2355 4234 3376 4287 an Grafen Witte, ſondern an einem ſeiner
2355 4275 3374 4332 Enkel wurde eine geringfügige Ope⸗
2353 4326 2901 4374 ration vorgenommen.
2434 4364 3375 4418 Graf Witte befindet ſich vollkommen wohl und
2355 4411 3375 4464 hat geſtern im Kreiſe einer ihm ſeit langem bekannten
2357 4453 3374 4507 Familie ſeinen Geburtstag gefeiert. Er reiſt heute in ein
2358 4498 3378 4550 deutſches Bad und wird ſich hierauf nach längerem Auf⸗
2357 4544 3170 4596 enthalte dortſelbſt nach Biarritz zurückbegeben.
2480 4630 3259 4685 Die Millionen des Fürſten Oginski.
2612 4690 3123 4730 (Telegramm der „Neuen Freien Preſſe“.)
2443 4732 3386 4788 Berlin, 1. Juli. Aus Petersburg wird ge⸗
2365 4779 3388 4831 meldet: Wegen der Millionenerbſchaft des
2365 4822 3386 4874 Fürſten Oginski, die zu dem Senſationsprozeſſe
2360 4869 3386 4918 Wonljarljarski führte, ſteht ein zweiter aufſehen⸗
2363 4908 3386 4963 erregender Prozeß bevor. Geſtern wurde der Mitarbeiter
2366 4953 3390 5004 der „Nowoje Wremja“, Gaideburow, verhaftet,
2365 4996 3388 5049 der beſchuldigt wird, das Teſtament des Fürſten zu
2365 5041 3391 5096 Gunſten ſeiner Frau, angeblich einer außerehelichen Tochter
2364 5092 2963 5140 Oginskis, gefälſcht zu haben.
