1536 2323
710 34 807 77 1339
86 109 1427 157 doch iſt dieſe Zahl vorläufig noch nicht verbürgt. Die 6. Kompagnie des 35. Regi⸗
86 154 1429 198 ments brachte von ihrer Batterie aus das Feuer eines im Wennig⸗Bund liegen⸗
85 193 819 235 den däniſchen Kanonenboots zum Schweigen.
167 234 1432 279 Turin, 30 Juni. In der heutigen Sitzung der Deputirtenkammer erklärte
86 275 1429 319 der Finanzminiſter: er werde das Defizit der Jahre 1864 und 1865 mit 200 Mill.
84 315 1431 361 aus den Domanialgütern und mit dem Verkauf der Staatseiſenbahnen decken
84 358 1429 401 können ohne eine Anleihe zu machen. Im Ausgabenbudget weist er eine Erſparniß
84 399 1428 442 von 10 Mill. nach. Sobald man die neuen organiſchen Geſetze votirt haben wird,
84 437 1430 483 werden die Erſparniſſe die Höhe von 100 Mill. erreichen. Die Regierung und
83 480 1428 523 die Nation ſind, nach Anſicht des Miniſters, nicht in der Lage die von dem Ab⸗
84 521 1429 563 geordneten Saracco verlangte Politik der Zurückhaltung (recueillement) zu der
85 562 1429 606 ihrigen zu machen. Die Regierung ſteht dem Programm der Aktionspartei eben
85 603 1429 647 ſo fern wie dem der Entwaffnung. Das Programm der Regierung iſt noch immer
83 643 1427 688 daſſelbe, welches ſie bei Uebernahme der Staatsgeſchäfte verkündet hat, nämlich:
88 686 1427 727 ſich bereit zu halten und die politiſchen Ereigniſſe zu benutzen um Italien der Er⸗
83 726 749 765 füllung ſeiner Geſchicke entgegenzuführen.
166 767 1428 811 Rom, 29. Juni. Am heutigen Petersfeſt verſah der Papſt im Vatican
83 807 1427 853 das Pontifikalamt, und erneuerte bei dieſer Gelegenheit ſeine Verwahrungen gegen
84 849 473 888 die Invaſion Piemonts.
513 917 993 958 Angekommene in Innsbruck.
168 960 1426 997 Haſchnigg, Hdls.⸗Reiſ. v. Wien. Guradke, v. Puttkammer u. Raue, Stud. v.
87 1000 1427 1040 Hohenheim. Hochleitner, k.k. Förſter u. Ruef, k.k. Forſtgehilf v. Mairhofen. Ober⸗
82 1041 1425 1080 ladſtetter, Priv. v. Ellmau. Scheuring, Minorit v. Würzburg. Handle, Hdlsm. v.
82 1082 1425 1124 Ried. Bramſtaler, Kfm. v. Gröden. Urbanek, Hauptm. m. Schweſter v. Bozen.
83 1122 1426 1164 Thompſon u. Lees, Rent. v. England. Lady Bruce, Priv. m. Fam. u. Forhes, Priv.
80 1162 1424 1204 v. Schottland. Stengel, Kfm. m. Fam. v. Leipzig. Fr. Schubert, Priv. v. Hamburg.
81 1204 1424 1248 Rübenach, Kfm. v. Frankfurt. Fr. Bar. Kles v. Sterzing. Stobeaus, Bürgermſtr.
81 1246 1423 1286 m. Gatt. v. Lindau, v. Görm, Rittergutsbeſ. v. Wallbruck. Bacinlerrot, Propr.
82 1285 1424 1329 m. Gatt, v. Chaux de Fonds. Dorm, Fabr. v. Frankfurt. Reuter, Bez⸗Ger.⸗Aff.
81 1326 1424 1371 v. Würzburg Herz, Staatsanwalt v. München. Rabe, kaiſ. Rath u. Spitzer, Kfm.
82 1367 1423 1410 v. Wien. Hulcheſen, Rent. v. London. Pentels. Priv. v. Brüſſel. Graul, Fabr.
81 1409 1423 1452 v Aſch. Redlich. Fabr. v. Brünn. Hirſch, Kfm. v. Linz. Freyberg, Kfm. v.
81 1450 1423 1493 Würzburg. Edler v. Schüttelsberg, Gutsbeſ. v. Nebrenitz. Willoughby u. Boulger,
81 1491 1421 1531 Partik. v. England. Ratzenbeck, Med.⸗Dr. v. Prag. Duna, Stud. v. Amerika.
82 1531 1422 1576 Theilheimer, Kfm. v. Nördlingen. Francke, Landwirth m. Gatt. v. Dresden. Schleicher,
80 1572 1422 1618 Kfm. v. Linz. Straßberger, Bürger v. München. Embacher, Priv. v. Schwoich.
81 1614 1421 1658 Rößler Künſtler m. Vater v. Joſefſtadt Mauracher, Prieſter v. Unterinnthal.
81 1654 1421 1696 Hechenblaickner, Lehrer v. Wildſchönau. Baron v. Hunolſtein, General m. Fam. v.
82 1695 1421 1740 München Graf Sprinzenſtein m. Fam. v. Horehutz. Schuſuth, Priv. v. Biberich.
80 1736 1422 1781 Rieſinger, Med.⸗Dr. v. Wien Baroneſſe v. Oberkirch v. Regensburg. Chauvier,
81 1778 1421 1822 Priv. m. Gatt. v. Paris Tiedemann, Ober⸗Ger⸗Sekr. v. Glückſtadt. Dimitrovich,
82 1816 1421 1863 Priv. v. Spalato. Hoffmann, Buchhändler m. Gatt. v. Leipzig. Stegner, Kfm. v.
81 1859 1421 1904 Brünn. Manhart, Agent v. Wien. Baur, Beamter m. Gatt. v. Stuttgart. Miller,
80 1898 1419 1945 Bildhauer u. Seitz, Maler v. München. Rechenmacher, Priv. v. Meran. Prinſer,
81 1940 1378 1986 Priv. v. Bozen. Schwarz, Seilermſtr. v. Klauſen. Teuchler, Kfm. v. Puſterthal.
317 1996 1176 2036 Marktpreiſe zu Innsbruck am 2. Juli 1864.
82 2037 742 2069 Weizen 2 fl. 98 kr. — 3 fl. 20 kr.
80 2077 737 2109 Roggen 1 fl. 82 kr. — 2 fl. 10 kr.
79 2116 739 2149 Türken 1 fl. 82 kr. — 1 fl. 96 kr.
80 2155 741 2190 Gerſte 1 fl 80 kr. — 2 fl. 6 kr.
756 2040 1417 2075 Daker 1 fl. 46 kr. 1 fl. 64 kr.
756 2078 1416 2113 Erbſen 2 fl. 58 kr. 3 fl. 20 kr.
757 2122 1416 2156 Fiſolen 2 fl. 32 kr. 3 fl. — kr.
757 2162 1416 2195 Schmalz 1 Ztr. 54 fl. — kr. 57 fl. — kr.
