2479 3508
98 212 202 242 Nr. 182
443 209 629 238 Wien, Samstag
960 203 1212 234 Arbeiter-Zeitung.
1552 208 1712 233 6. Juli 1895
1937 206 2032 231 Seite 5
70 279 715 316 ſeine Herzthätigkeit war herabgeſetzt. Schneider iſt nach
69 305 715 337 entſprechender Behandlung ins Allgemeine Krankenhaus
69 328 714 364 (Klinik Schrötter) gebracht worden. — Wie wir erfahren, wird
66 355 716 388 der Vorſtand des hygieniſchen Inſtituts, Profeſſor Dr. Max
66 379 715 414 Gruber, der ſeitens des Miniſteriums des Innern mit
67 405 716 437 dem Studium der Caiſſonkrankheit und der Erſtattung zweck⸗
69 431 715 463 dienlicher Vorſchläge zu deren Hintanhaltung betraut worden
66 454 716 489 iſt, in der nächſten Sitzung des Oberſten Sanitätsrathes das
67 481 715 513 Referat erſtatten. Profeſſor Gruber ſtudiert die Bedingungen
67 504 716 538 des Auftretens der Krankheit an Ort und Stelle und ihren
68 530 716 562 Verlauf am Krankenbett. Sehr auffällig iſt, daß in letzter
67 554 717 591 Zeit insbeſondere häufig Arbeiter erkrankten, die zum erſten⸗
69 579 716 614 mal im Caiſſon beſchäftigt waren. Die ärztliche Unter⸗
70 604 717 640 ſuchung, die der erſten Verwendung zu dieſer gefährlichen
70 630 717 664 Arbeit vorhergeht, ſcheint bisher nicht feſtſtellen zu können,
69 657 629 691 welche Perſonen widerſtandsfähig genug ſein werden.
136 687 717 718 * So wird das Volk begraben. Wir erhalten
62 713 716 746 folgende Zuſchrift, der wir gern Raum geben: Löbliche
61 737 716 771 Redaktion! Mit Bezugnahme auf eine im Morgenblatt
63 761 718 797 Ihres geſchätzten Journals vom 4. d. enthaltene Notiz
64 785 718 820 erſucht die gefertigte Direktion zur gefälligen Kenntniß zu
62 813 716 847 nehmen, daß für das Waſchen der Leichen in der Allgemeinen
65 837 716 871 Poliklinik keinerlei Gebühr eingehoben werden darf, und
62 860 716 896 daß der Portier wegen ſeines ungebühr⸗
63 891 716 921 lichen Vorgehens zur Rechenſchaft gezogen
62 913 715 947 wurde. Die Beſichtigung der im Spital der Poliklinik
62 938 715 970 Verſtorbenen durch die Angehörigen iſt jedoch nach behörd⸗
62 962 716 996 licher Anordnung erſt dann geſtattet, nachdem die amtliche
63 987 715 1023 Todtenbeſchau vorgenommen worden war. Mit dem Ausdruck
60 1014 716 1049 vorzüglichſter Hochachtung Die Direktion: Dr. Monti m. p.
122 1043 716 1073 * Das letzte Hagelwetter im XIX. Bezirk. Durch das
64 1065 716 1096 in der Nacht vom 2. auf den 3. d. niedergegangene furchtbare
62 1088 716 1120 Hagelwetter wurde, wie wir bereits mitgetheilt haben, der
64 1109 715 1145 XIX. Bezirk in beſonders empfindlicher Weiſe in Mitleidenſchaft
62 1133 715 1166 gezogen. Es wurde nun der Schaden ziffermäßig feſtgeſtellt um
64 1154 716 1186 auf Grund der Ergebniſſe desſelben eine Entſchädigung der be⸗
61 1174 716 1208 dauernswerthen Einwohner von Staatswegen zu gewährleiſten.
60 1198 716 1231 Seitens des Abgeordneten Wrabetz wurde, wie erinnerlich, noch
62 1222 716 1252 vorgeſtern ein diesbezüglicher Dringlichkeitsantrag im Parlament
62 1244 716 1277 eingebracht. Ueber die zur Ermittlung der Schäden gepflogenen
61 1267 714 1298 Erhebungen theilt man folgende authentiſche Einzelheiten mit:
61 1286 715 1319 Während ſich der Bezirksvorſteher Oeſterreicher von Döbling
64 1311 716 1341 noch am Tage des Hagelwetters über die Beſchädigungen der
65 1331 715 1365 Kulturen eingehend informirt hatte, traten am Donnerstag die
62 1353 716 1386 Obmänner der landwirthſchaftlichen Vereinigungen des Bezirkes
63 1376 713 1411 gemeinſchaftlich mit den Bezirksausſchüſſen einen Rundgang durch
61 1399 716 1432 das geſammte ländliche Gebiet des XIX. Bezirkes an, um auf dieſe
62 1422 716 1453 Weiſe die Größe des entſtandenen Schadens annähernd kennen zu
63 1443 716 1475 lernen. Die Sachverſtändigen kamen zu dem Ergebniß, daß durch
64 1464 715 1499 gänzliche oder theilweiſe Zerſtörung der heurigen Fechſung ſowie
64 1489 716 1520 durch Verwüſtung der Kulturen und Neuanlagen der Weingärten,
62 1511 716 1540 die gerade heuer zu den ſchönſten Hoffnungen Anlaß geboten hatten,
63 1532 716 1563 den Weinbau⸗ und Landwirthſchafttreibenden des in Rede ſtehenden
62 1553 719 1587 Bezirkes ein Schaden im Betrage von mindeſtens 250.000 fl.
62 1574 716 1608 durch das Hagelwetter verurſacht worden war. Die Weinbau⸗
63 1598 716 1631 treibenden beabſichtigen, ſich an Bezirkshauptmann Dr. v. Frie⸗
63 1620 716 1652 beis mit der Bitte um Zuwendung einer Unterſtützung ſeitens
64 1642 719 1674 der Kommune Wien und um Bewilligung der Einleitung einer
65 1669 621 1697 öffentlichen Sammlung für die Beſchädigten zu wenden.
128 1688 718 1729 * Elektrotechnikertag. Geſtern Vormittags wurde in
59 1719 718 1756 München der dritte deutſche Elektrotechnikertag eröffnet. Der
60 1746 719 1781 Miniſter des Innern begrüßte die Verſammlung namens der
63 1775 719 1808 bayriſchen Regierung, Bürgermeiſter Borſcht namens der Stadt.
62 1804 718 1837 Profeſſor Slaby aus Berlin führte den Vorſitz. Nach Erledigung
65 1831 718 1865 des Geſchäftsberichtes begaben ſich die Theilnehmer vor das
67 1858 719 1893 Polytechnicum zur Enthüllung des in Lebensgröße ausgeführten
60 1887 719 1922 Marmordenkmals des Phyſikers Ohm. Profeſſor
63 1915 719 1949 Lommels hielt die Feſtrede. Hierauf hielt der Kultusminiſter eine
65 1943 720 1977 längere Anſprache und übernahm ſodann das Denkmal in den
65 1977 272 2005 Schutz des Staates.
128 1999 721 2028 * „Glühlichter.“ Soeben iſt Nr. 147 erſchienen (Preis
64 2022 719 2052 6 kr.). In draſtiſcher Weiſe behandelt der Inhalt der neueſten
69 2044 719 2071 Nummer den Rücktritt des Koalitionsminiſteriums und die Miß⸗
65 2065 720 2096 geburt des Wahlreformentwurfes. Außerdem beleuchten die
65 2089 719 2119 „Glühlichter“ in Wort und Bild die neueſten politiſchen und
64 2111 719 2139 lokalen Ereigniſſe, ſo daß allen Freunden geſunden Humors auch
65 2135 583 2164 die neueſte Nummer beſtens empfohlen werden kann.
112 2159 721 2189 * Skandalöſe Vorfälle ſind in Barcelona ans Licht
56 2186 718 2223 gekommen. Die dortige Polizei entdeckte zahlreiche Laſterhöhlen, in
62 2217 718 2249 welchen ſich Mädchen von ſechs bis zu vierzehn Jahren
57 2244 720 2277 befanden. Viele Herren aus den vornehmſten Kreiſen
59 2272 718 2305 Barcelonas ſind ſchwer kompromittirt; einige haben ſich ihrer
61 2301 719 2331 bevorſtehenden Verhaftung durch die Flucht entzogen. Bis jetzt
63 2327 718 2358 wurden nur Perſonen weiblichen Geſchlechts feſtgenommen, und
57 2356 719 2388 zwar die Beſitzerinnen der berüchtigten Häuſer und die Mütter der
63 2383 719 2416 preisgegebenen Kinder. — Sie ſind doch überall dieſelben, die
62 2411 719 2445 „vornehmen“ Kreiſe, und auch die Polizei iſt dieſelbe — ſie läßt
64 2443 466 2470 die Angehörigen dieſer Kreiſe — laufen.
125 2464 720 2496 * „Gebildete“ Söhne des Mars. In Karlsruhe
66 2488 719 2522 drangen in gewaltthätiger Abſicht Offiziere in das elterliche
64 2515 721 2543 Haus eines Studenten, der eine auf Säbel eingegangene
63 2535 721 2566 Forderung in Piſtolenmenſur zu verwandeln ſich weigerte, wobei
61 2558 721 2585 die Schweſter des Studenten, welche die Thür zuhielt,
67 2579 719 2609 von den Offizieren mit ihren Säbeln verwundet wurde. — Wo
64 2602 720 2629 blieb da das „höhere Ehrgefühl“, das den Offizieren inne⸗
69 2623 720 2653 wohnen ſoll? An wehrloſen Frauen ſich vergreifen, iſt doch keine
69 2652 188 2677 Heldenthat!
129 2670 720 2704 * Parlamentariſche Raufhändel. Geſtern fand, wie
67 2701 721 2732 aus Rom telegraphirt wird, das Duell zwiſchen dem Unterſtaats⸗
63 2728 722 2759 ſekretär Galli und dem Deputirten Marescalchi ſtatt. Der letztere
62 2757 721 2786 erhielt eine Verletzung am Kopfe, worauf die Aerzte erklärten, daß
60 2785 721 2817 der Zweikampf nicht fortgeſetzt werden könnte. Galli wurde an der
67 2811 722 2842 linken Hand leicht geritzt. Die Nachricht, daß Unterſtaatsſekretär
68 2840 705 2872 Galli ſeine Demiſſion gegeben habe, iſt vollſtändig unbegründet.
126 2868 723 2899 * Brückeneinſturz. Durch den Einſturz einer Brücke in
59 2895 724 2929 Briſtol ſtürzten ſechshundert Menſchen, welche einer Regatta
64 2922 723 2958 von hier aus zuſahen, aus einer Höhe von 40 Fuß in den Fluß.
66 2954 651 2987 Vierzig Perſonen wurden verletzt, darunter mehrere ſchwer.
131 2977 724 3011 * Selbſtmorde im Juni. Im Juni dieſes Jahres ſind
70 3001 724 3035 im Wiener Polizeirayon vierzig Zivilperſonen, darunter
67 3021 725 3057 11 Frauen, freiwillig aus dem Leben geſchieden. Erhenkt haben
63 3045 727 3082 ſich 14, darunter 3 Frauen; durch Schußwaffen getödtet 9 Männer
70 3067 725 3104 und eine Frau; Gift nahmen 3 Männer und 3 Frauen; in den
73 3091 725 3128 Wellen der Donau fanden 5 Männer und 2 Frauen ihr Grab;
74 3116 726 3150 eine Frau ſtürzte ſich von der Höhe herab und erlag den erlittenen
69 3135 723 3174 Verletzungen; eine Frau wählte den ſchrecklichen Tod durch Ver⸗
74 3158 727 3195 brennung, und ein Mann durchſchnitt ſich den Hals. Im Juni 1894
70 3178 725 3221 gab es 31 Selbſtmorde. Im erſten Semeſter dieſes Jahres zählt
72 3204 726 3242 man 186 Selbſtmorde, und zwar im Jänner 24, Februar 24,
76 3226 726 3264 März 33, April 30, Mai 35 und im Juni 40. Im erſten Halbjahr
73 3255 422 3286 1894 zählte man 216 Selbſtmorde.
136 3273 728 3312 * Selbſtmord. Auf dem Felde bei Neukettenhof (Schwechat)
73 3296 728 3337 wurde am 2. d. die Leiche eines Mannes aufgefunden, der ſich
77 3321 726 3358 durch einen Revolverſchuß getödtet hatte. Die Leiche des Selbſt⸗
739 276 1386 302 mörders wurde als die des 38jährigen Fragners Franz Proft,
739 298 1387 322 Wieden, Lambrechtgaſſe, der ſeit einige Tagen vermißt wurde,
740 320 839 345 agnoſzirt.
801 347 1386 373 * Zum Mordattentat in der Leopoldſtadt. Den
740 369 1387 397 Nachforſchungen der Polizei iſt es gelungen, einiges Licht in die
740 392 1387 416 geſtrige Mordverſuchsaffaire in der Odeongaſſe zu bringen. Es
741 415 1386 437 wurde nämlich ermittelt, daß der angebliche Spielmann, in Wahr⸗
740 436 1387 459 heit Ferdinand Benda heiße, 25 Jahre alt, Comptoiriſt und
740 458 1387 482 aus Smichow bei Prag gebürtig iſt. Benda iſt ein arbeitsſcheues
740 480 1387 505 Individuum und ſuchte ſeinen Lebensunterhalt in letzter Zeit als
740 504 840 528 Zuhälter.
799 529 1389 557 * Gerüſteinſturz. Auf dem Neubau XIII. Anſchützgaſſe
740 557 1389 583 ſtürzte geſtern Mittags das Gerüſt in der Länge von 5 Meter ein.
742 585 1388 611 Der gerade unterhalb des Gerüſtes beſchäftigte Maurer Johann
740 612 1388 640 Spiller erlitt durch die herabfallenden Ziegel und Pfoſten eine
741 641 1389 669 klaffende Kopfwunde und zahlreiche leichtere Verletzungen an beiden
740 669 1388 696 Armen. Er wurde verbunden und ins Krankenhaus gebracht.
743 697 1388 723 Schuld an dem Gerüſteinſturz tragen die ſchlechte Verklampfung der
740 722 1388 751 Balken und die Ueberlaſtung des Gerüſtes. Der Polier Weiſer
739 752 1387 778 wird als verantwortlicher Leiter des Baues zur Verantwortung
741 779 897 807 gezogen werden.
802 806 1388 835 * Zuſammenſtoß zweier Wagen. Donnerstag Abends
741 830 1389 856 um 8 Uhr fuhr ein Stellwagen durch die Preßgaſſe gegen die
738 852 1386 878 Wienſtraße, als in entgegengeſetzter Richtung ein Tramwaywaggon
738 873 1389 901 kam. Der Stellwagenkutſcher fuhr derart unvorſichtig, daß er mit
739 897 1389 921 ſeinem Fahrzeug an den Tramwaywagen anſtieß, in Folge deſſen
740 916 1387 945 alle Fenſterſcheiben der ihm zugekehrten Wagenſeite in Trümmer
739 941 1387 966 gingen. Von den Paſſagieren wurde zum Glücke niemand verletzt.
740 962 1388 989 Gegen den Stellwagenkutſcher iſt die Strafamtshandlung einge⸗
739 987 876 1010 leitet worden.
807 1013 1390 1039 * Diebſtähle. Ein zirka 19jähriger Burſche hat aus dem
739 1035 1390 1060 Hof des Hauſes Rudolfsheim, Grimmgaſſe Nr. 7 einen dem
739 1057 1391 1083 Monteur Florian Kloß gehörigen Handwagen mit Monteur⸗
739 1078 1389 1104 werkzeugen, 200 fl. werth, geſtohlen. — Der 15jährige Julius
739 1101 1390 1126 Mannok hat vor einigen Tagen ſeinem Vater eine goldene
739 1123 1390 1149 Remontoiruhr mit Doppeldeckel und Filigran⸗Venezianerkette,
738 1145 1390 1171 200 fl. werth, und eine Brieftaſche mit Inhalt geſtohlen und
739 1167 1390 1192 flüchtete hierauf. — Dem ruſſiſchen Regierungsſekretär Michael
739 1189 1390 1213 Andrew wurden in einem Hotel im II. Bezirke 111 fl. baar
738 1211 1388 1239 in einer großen grünledernen Brieftaſche, 18 fl. werth, zwei goldene
740 1234 1388 1259 Ringe mit Smaragd und ohne Stein, 160 fl. werth, eine goldene
739 1256 1389 1281 Schweizeruhr mit einfachem Deckel und ein Portemonnaie mit
740 1281 951 1305 4 fl. 50 kr. geſtohlen.
797 1305 1391 1332 * Fahrraddiebe. In der Nacht zum 23. Juni wurde die
739 1330 1390 1353 Requiſitenkammer auf dem Radrennplatz in der Kronprinz Rudolf⸗
740 1351 1389 1376 ſtraße erbrochen und daraus zwei Fahrräder, ungefähr 300 fl.
740 1373 1389 1399 werth, Eigenthum des Fabrikanten Rudolf Schreiber, Große
738 1395 1388 1420 Neugaſſe wohnhaft, und des Buchhalters Hans Binder,
738 1418 1387 1441 Ottakringerſtraße wohnhaft, geſtohlen. Polizeiagenten verhafteten
739 1440 1390 1466 vorgeſtern die Thäter in der Perſon des wegen Diebſtahls ſchon
738 1461 1389 1487 zweimal abgeſtraften 19jährigen Mechanikers Albert Voß und
740 1483 1389 1507 des 20jährigen Maſchinenſchloſſers Julius Loho. Die entwendeten
741 1505 1390 1531 Fahrräder wurden zerlegt im Beſitze der Verhafteten vorgefunden.
741 1529 1174 1554 Beide wurden dem Landesgericht eingeliefert.
802 1554 1391 1580 * Unredlicher Magazineur. In letzter Zeit kamen bei
739 1578 1391 1603 der Exportfirma C. H. Hirſch und Komp., Rudolfsplatz Nr. 9,
741 1601 1390 1624 Lederabfälle abhanden. Vorgeſtern machte die Firma dem Stadt⸗
741 1622 1391 1646 kammiſſariat die Anzeige und dieſes eruirte den Thäter in der
741 1642 1389 1669 Perſon des Magazinsaufſehers Alfred Wachtl, 19 Jahre alt.
741 1667 1390 1691 Wachtl hat außer den Abfällen auch ganze Pakete Leder entwendet
741 1688 1390 1711 und das geſtohlene Gut bei neun Schuhmachern verkauft. Der
741 1709 1391 1736 Schaden beträgt mehrere hundert Gulden. Der junge Mann wurde
742 1734 1038 1759 dem Landesgericht eingeliefert.
808 1758 1390 1788 * Verunglückter Knabe. Geſtern Nachmittags wurde
742 1788 1391 1813 der zehnjährige Eduard Kegelmann in der Stefanieſtraße
742 1815 1391 1842 durch einen von dem Wagen der Firma Haſenmüller herabge⸗
742 1843 1391 1870 fallenen, zirka 50 Kilogramm ſchweren Kohlenſäurezylinder nieder⸗
743 1870 1390 1899 geworfen, wobei ihm beide Füße zerquetſcht wurden. Der ver⸗
744 1899 1390 1924 unglückte Knabe wurde unter eine Thoreinfahrt gebracht. Während
744 1926 1392 1952 man die Rettungsgeſellſchaft aviſiren wollte, erſchien ein Herr, der
745 1953 1392 1980 angab, den Knaben zu kennen, ihn auf ſeine Arme nahm und in
743 1982 1027 2010 die elterliche Wohnung trug.
807 2007 1392 2033 * Unvorſichtig. Profeſſor (vor den Schüler hin⸗
745 2032 1393 2057 tretend): Nun, Berg, nach welcher Methode würden Sie die
743 2054 1393 2081 angeſchriebene Gleichung löſen? — Berg ſchweigt. — Pro⸗
744 2076 1392 2101 feſſor (ihm auf die Schulter klopfend): Na, Berg, da ſcheint
743 2098 1311 2125 ja wohl wieder der Ochs am Berg zu ſtehen!
842 2148 1295 2183 Eingelaufene Druckſchriften.
803 2186 1393 2211 Deutſche Worte. Monatshefte, herausgegeben von
743 2208 1394 2234 Engelbert Pernerſtorfer. XV. Jahrgang, 1895. 6. (Juni⸗)
744 2230 1394 2258 Heft. Inhalt: Sozialismus und Naturwiſſenſchaft. Von Dr.
741 2253 1394 2280 Siegfried Roſenfeld (Wien). — Das ländliche Erbrecht.
741 2274 1393 2301 Von Dr. Michael Hainiſch (Wien). — Der Fall Schwarz
740 2296 1392 2322 in Baden. Von Dr. Hans Schmidkunz (Nymphenburg bei
740 2319 1393 2348 München). — Die Geſchichte des Rechts auf Arbeit. Von Dr.
742 2341 1392 2365 Paul Weiſengrün (Wien). — Der dichteriſche Ausgang des
741 2363 1393 2390 Dekadenz⸗Individualismus. — Pſeudochriſt und Antichriſt.
741 2385 1393 2414 Zweiter Artikel. Von Heinrich Hengſter (Wien). — Literariſche
741 2408 1393 2434 Anzeigen. — Bezugspreis: Vierteljährig 1 fl. Einzelne Hefte
741 2434 870 2459 koſten 50 kr.
799 2459 1393 2487 (Sämmtliche hier angezeigten Schriften ſind durch die
743 2483 1392 2511 Erſte Wiener Volksbuchhandlung J. Brand. Wien
744 2510 1219 2536 VI. Gumpendorferſtraße Nr. 8, zu beziehen.)
937 2563 1197 2608 Gerichtsſaal.
804 2612 1392 2641 (Wie der Wendl⸗Sepp ein Religionsverächter
745 2637 1392 2666 wurde.) Joſef Wendl iſt ein herumziehender Feldarbeiter,
745 2663 1393 2691 der elend von der Hand in den Mund lebt, weder leſen noch
745 2685 1392 2717 ſchreiben kann und alles in allem zu jenen Armen im Geiſte
745 2713 1393 2740 gehört, deren das Himmelreich iſt. Er hätte wahrſcheinlich
745 2737 1392 2764 auch die Anwartſchaft darauf ewig behalten, wenn nicht
746 2761 1394 2791 plötzlich die irdiſche Obrigkeit von Wiener⸗Neudorf entdeckt
744 2785 1393 2816 hätte, daß der Wendl ein ruchloſer Freigeiſt, ein Religions⸗
746 2811 1394 2841 verächter iſt, der mit Haut und Haaren dem Satan an⸗
747 2836 1392 2866 gehört. Wie das kam? Der Wendl hatte bisher immer für
746 2863 1391 2889 einen guten Katholiken gegolten, und er hatte, da überhaupt
746 2885 1391 2913 das Nachdenken nicht ſeine Sache war, auch nie einen
746 2911 1392 2940 Anlaß gefunden, die Wahrheit der kirchlichen Dogmen zu
746 2940 863 2966 bezweifeln.
807 2960 1392 2989 Doch da kam der Frohnleichnamsmorgen, und der
746 2985 1390 3012 Wendl⸗Sepp gerieth in Feiertagsſtimmung, die ſich bei ihm
747 3009 1388 3038 traditionsgemäß dadurch äußerte, daß er ſich bezechte.
747 3036 1388 3065 Bevor noch die Prozeſſion durch die Straßen zog,
747 3059 1389 3090 alſo um 9 Uhr Früh, war er ſchon vollkommen
749 3085 1388 3114 betrunken. Er torkelte aus dem Gaſthaus und ſah mit
747 3111 1388 3141 ſtrahlendem Blick in die Welt, die ſich bunt und bewegt um
748 3135 1388 3166 ihn aufthat. Die Straße entlang waren an den Häuſern
749 3159 1389 3188 bunte Laubguirlanden gewunden, das holprige Pflaſter der
749 3183 1388 3217 Hauptſtraße war der ganzen Breite nach mit friſchgemähtem
750 3209 1387 3238 Gras und duftenden Feldblumen beſtreut, knapp vor dem
750 3233 1385 3266 Gemeindehauſe ſtand ein aus Brettern raſch aufgerichteter
750 3259 1383 3291 hoher Altar, den ein prächtiger purpurner Baldachin über⸗
750 3282 1382 3311 wölbte und in deſſen Nähe ſich der friſche Feldgeruch der
751 3306 1382 3338 Blumen mit dem betäubenden Duft des Weihrauchs mengte.
1409 277 2062 305 Zu beiden Seiten der Straße drängte ſich die Menge, feſtlich
1409 302 2062 329 geputzt, mit andächtig feierlichen Mienen der Prozeſſion
1410 327 2061 354 harrend. Da kam ſie ſchon heran, ein langer Zug, dem eine
1409 351 2061 381 Standarte vorausgetragen wurde. Tief neigten ſich die Zu⸗
1410 377 2061 405 ſchauer, und die ganze Gemeinde hub zu ſingen an, in tiefer
1408 402 1821 428 Andacht, aber mit ſchlechter Harmonie.
1478 426 2058 453 Der Wendl⸗Sepp guckte eine Weile neugierig und blöd
1410 451 2061 478 in all das kirchliche Gepräge, doch als der Geſang erſchallte,
1409 476 2065 503 da nahte ſich ihm der Böſe in Geſtalt des beleidigten —
1409 501 2062 527 muſikaliſchen Gehörs. „Was ſingt's denn ös da, geht's lieber
1410 526 2062 552 ham,“ lallte er den entſetzten Gläubigen zu, die ihn eine
1411 551 2061 576 Weile überraſcht anſtarrten, dann aber den wackeren und
1411 574 2060 602 handfeſten Herrn Gemeindediener Vinzenz Kroneis herbei⸗
1411 599 2060 627 riefen, der den trunkenen Sepp in den Gemeindekotter ab⸗
1411 625 2060 652 führte. Die ehrſame Bürgerſchaft war ſehr empört über den
1412 649 2064 677 Zwiſchenfall, weniger wegen der Worte, die der Sepp ſprach,
1413 675 2060 703 als wegen der zerlumpten und dürftigen Kleidung, mit der er
1409 700 2060 729 ſich unter ſie, die anſtändigen und feiertagshalber ganz be⸗
1410 725 2061 752 ſonders wohlgekleideten Leute gewagt hatte. Leider hatte aber
1411 751 2069 778 niemand von ihnen dem Sepp etwas Beſſeres gekauft, und die
1411 774 1714 803 Entrüſtung kam ſehr billig.
1470 799 2068 827 Die Leſer werden aber ſchon ungeduldig ſein und
1410 824 2068 853 fragen, wieſo der Sepp denn eigentlich da Religionsverächter
1409 849 2066 875 wurde. Darauf können wir nur antworten, daß ſein Be⸗
1410 876 2062 903 nehmen bei der Frohnleichnamsprozeſſion den Thatbeſtand
1410 900 2063 928 des § 302 St.⸗G. involvirt, daß der Sepp daher ſich der
1409 925 2064 951 Beleidigung einer geſetzlich anerkannten Kirche ſchuldig
1410 950 2064 977 gemacht hat. Er iſt alſo ein Religionsverächter. Vor dem
1411 974 2064 1004 Erkenntnißſenat benahm er ſich ſehr zerknirſcht und erklärte,
1410 1000 2066 1026 daß er gar nicht wiſſe, wieſo man ihn plötzlich für einen
1410 1024 2065 1052 ſo ſchlechten Chriſten anſehe. Die Zeugen erklärten, der Sepp
1410 1050 2066 1077 ſei am Frohnleichnamstage „betrunken, aber zurechnungs⸗
1410 1074 2067 1101 fähig“ geweſen. Betrunken war er deshalb, weil er im Kotter
1411 1099 2069 1127 ſeine Kleider vom Leibe riß und zerfetzte, zurechnungsfähig
1412 1124 2068 1151 deshalb, weil eben auch ein zurechnungsfähiger Menſch ſeine
1410 1148 2064 1177 Kleider zerfetzen kann. Der Wendl⸗Sepp ſitzt zwar ſchon
1412 1173 2064 1202 lange in Unterſuchungshaft, aber er muß ſeine That mit
1410 1200 1894 1229 weiteren zwei Monaten Arreſt büßen.
1475 1233 2066 1260 (Die Schuld der Armuth.) Vor dem Rudolfsheimer
1413 1257 2070 1284 Strafrichter, Dr. Schober, ſtand geſtern der Straßenkehrer
1410 1280 2068 1305 Ludwig S. unter der Anklage der Veruntreuung. S. hatte vor
1412 1301 2064 1327 einigen Tagen von ſeinen Kollegen den Betrag von 14 fl.
1410 1325 2064 1347 erhalten, um bei einem Wirthe dieſes Geld für die während der
1413 1346 2073 1372 Woche von den Arbeitern gemachten Zechen zu erlegen. Statt
1412 1368 2064 1392 deſſen verwendete er das Geld für ſich. Der Angeklagte bekennt
1410 1391 2064 1419 ſich ſchuldig. — Richter: Was hat Sie denn veranlaßt, das
1412 1412 2071 1437 Geld zu verurtreuen? — Angekl.: Bitt', Herr Richter, 's größte
1412 1434 2076 1460 Elend. I hab' z' Haus a Weib und vier Kinder, die ſan alle
1412 1456 2073 1483 fünfe 's ganze Jahr krank. B'ſonders mei Weib, dö lebt
1413 1477 2071 1503 eigentli gar net mehr, dös flackert nur allerweil wia a
1412 1501 2069 1525 Liacht'l, wann's auslöſchen will. Und dö Kinder, dö armen
1413 1522 2065 1546 Haſcher, wann ma dö anſchant, wie ſ' krank umananda⸗
1412 1544 2068 1569 lieg'n, da muaß ſi' an jed'n Menſch'n 's Herz im Leib umd'rah'n.
1412 1566 2064 1591 Und i muaß dös Elend 's ganze Jahr mit anſchau'n und kann
1412 1588 2074 1614 net helfen. Wie i von meine Kamerad'n dös Geld für'n Wirth
1414 1611 2072 1636 kriegt hab', da hab' i net widerſtehen können. Im Haus kan'
1412 1633 2077 1659 Kreuzer Geld, und alle Tag' is uns mit der Delogirung droht
1413 1654 2067 1682 word'n. Was hätt i denn anfangen ſoll'n, wann i mit Weib
1413 1676 2072 1704 und Kind wär' delogirt word'n? Herr Richter,
1414 1699 2068 1726 i war mei Lebtag immer ehrlich und rechtſchaffen, i hab' no nia
1413 1721 2066 1748 mit 'n G'richt was z'thuan g'habt, aber wia i das Geld in der
1414 1744 2065 1770 Hand g'halten hab', da hab' i nimmer widerſtehen können. —
1414 1765 2069 1791 Richter: Ihre Lage iſt wohl eine ungemein traurige. Was ver⸗
1415 1788 2070 1813 dienen Sie denn? — Angeklagter: An Gulden tägli',
1414 1811 2070 1837 manchmal a' an Gulden zwanz'g, aber wie oft kummt's
1414 1832 2072 1859 vor, daß i wochenlang nix z'thuan hab'. Früher, wia
1414 1854 2067 1879 mei' Weib no' g'ſund war und a was hat verdienen
1414 1876 2066 1903 können, is, eh' no' gangen, aber jetzt is' gar trauri' —
1414 1898 2075 1925 jetzt kann i mir gar nimmer helf'n. Wann i no ſo fleißig bin
1415 1921 2072 1946 und ſchau', daß i ma was verdien', es is all's umſonſt, 's Elend
1414 1943 2070 1970 z' Haus wird immer ärger. — Richter: Was haben Sie mit
1415 1965 2065 1991 dem veruntreuten Gelde gemacht? — Angekl.: Zualler⸗
1416 1987 2070 2012 erſt hab' i acht Gulden in Hausherrn geb'n,
1415 2008 2067 2033 damit daß mir in der Wohnung bleib'n
1414 2031 2069 2056 können. Dann hab' i fürs Weib an' neuch'n
1415 2053 2069 2079 Strohſack 'kauft, und dann was z' eſſen.
1415 2076 2073 2103 Wenigſtens ſan ma amal alle ſatt 'word'n.
1414 2098 2075 2123 — Nach dieſen Worten begann der Angeklagte bitterlich zu weinen.
1415 2120 2068 2146 Nachdem er ſich einigermaßen beruhigt hat, bittet er den Richter
1414 2142 2073 2167 um eine milde Strafe. In Anbetracht der großen Nothlage, in
1414 2163 2069 2190 der ſich der Angeklagte bei Begehung der That befand, verurtheilte
1414 2185 2069 2211 ihn der Richter unter Anwendung des außerordentlichen Milderungs⸗
1414 2208 2068 2233 rechtes zu einer Arreſtſtrafe in der Dauer von drei
1413 2233 1793 2257 Tagen. — Göttliche Weltordnung!
1476 2263 2067 2289 (Aus dem Vorſchußverein „Oſtmark“.) Das Vor⸗
1414 2285 2069 2312 ſchußgeſchäft des Schloſſermeiſters Thomas Bachradil beim
1415 2308 2068 2333 Verein „Oſtmark“, der längere Zeit die Oeffentlichkeit beſchäftigte
1415 2330 2068 2356 und auch zu einer publiziſtiſchen Fehde geführt hat, fand geſtern
1413 2352 2069 2378 vor dem Richter des II. Bezirkes, Rathsſekretär Dr. Sedlaczek,
1413 2373 2069 2401 ein Nachſpiel. Der genannte Schloſſermeiſter hatte als Mitglied
1414 2397 2073 2422 dieſer „Selbſthilfegenoſſenſchaft“ um einen Vorſchuß von 350 fl.
1415 2419 2069 2445 angeſucht. Ein ſolcher Vorſchuß wurde ihm allerdings bewilligt;
1413 2442 2067 2467 allein nicht nur, daß Bachradil zur Sicherſtellung eine Lebens⸗
1415 2464 2070 2491 verſicherungspolizze erlegen und einen Wagenfabrikanten als
1415 2487 2072 2511 Bürgen ſtellen mußte, wurde ihm — wie er in einem Schreiben
1415 2510 2073 2535 an die „Oſtmark“ beklagt und auch außerdem betheuert, noch oben⸗
1414 2531 2076 2557 drein an Koſten ein Betrag von 170 fl. abgezogen, ſo daß er 350 fl.
1415 2554 2072 2581 ſchuldig geworden ſei, jedoch nur 180 fl., alſo beinahe nur die
1414 2577 2069 2601 Hälfte, wirklich bekam. Da dieſer Betrag zu ſeiner Rangirung
1416 2600 2066 2624 nicht ausreichte, er vielmehr in eine noch ärgere Situation kam
1414 2622 2078 2647 und gepfändet wurde, machte er ſeiner Erregung dadurch Luft,
1415 2643 2076 2665 daß er an die „Oſtmark“ einen ſechs Seiten umfaſſenden Brief
1415 2664 2069 2690 richtete, in dem von „Schwindel“ die Rede iſt, die „Oſtmark“
1414 2686 2072 2710 ſei „ſtier“ ꝛc. Hierauf vom Rechtsanwalt der „Oſtmark“, Advoka⸗
1414 2709 2070 2735 turskandidaten Dr. Friedrich Förſter, vorgeladen, wiederholte
1416 2731 2078 2756 er die Beleidigungen und griff auch Dr. Förſter an. Dies zog
1414 2753 2073 2778 ihm zwei Ehrenbeleidigungsklagen zu. Die des Dr. Förſter
1415 2773 2070 2799 endigte kürzlich mit einem Freiſpruch, da Bachradil eine Ehren⸗
1415 2797 2067 2822 erklärung abgab. Allein gleich beim Verlaſſen des Verhandlungs⸗
1413 2821 2069 2844 ſaales beſiegelte er die Ehrenerklärung damit, daß er dem
1413 2841 2065 2866 Dr. Förſter eine dem Thierreich entlehnte Injurie zurief. Geſtern
1415 2864 2071 2889 hatte ſich Bachradil ſowohl wegen dieſer Beleidigung als wegen
1414 2887 2075 2912 Beſchimpfung der „Oſtmark“ zu verantworten. Er wurde in con⸗
1416 2910 1826 2933 tumaciam zu 20 fl. Geldſtrafe verurtheilt.
1475 2936 2068 2963 (Arbeiterriſiko.) Bei dem Umbau des Hauſes in der
1414 2958 2070 2987 Spiegelgaſſe, Ecke Graben, waren am 16. April zwölf Taglöhner
1413 2982 2073 3011 mit dem Unterminiren des Erdreichs beſchäftigt. Sie gruben zuerſt
1412 3003 2070 3033 in ſenkrechter, anſtatt in ſchiefer Richtung und erſt nach geraumer
1413 3026 2076 3054 Weile machte ſie der Polier Albert Ben aufmerkſam, daß ſie
1413 3049 2073 3077 ſchief graben müſſen, weil ſonſt Einſturzgefahr vorhanden ſei.
1412 3073 2069 3099 Dieſe „Vorſicht“ kam aber ſchon zu ſpät, die Arbeit hätte nun
1410 3094 2074 3120 ſiſtirt werden müſſen, wenn man einem Unglück hätte vorbeugen
1412 3116 2071 3144 wollen. Dies that der Polier nicht, und noch am ſelben Vormittag
1411 3138 2072 3165 ſtürzte das Erdreich ein. Eine 4 Meter lange und 80 Centimeter
1411 3159 2067 3191 dicke Scholle begrub drei Arbeiter und verletzte ſie nicht unerheblich.
1410 3180 2062 3219 Wegen dieſes Vorfalles ſtand nun der Polier Ben geſtern als
1410 3203 2065 3239 Angeklagter vor dem Strafrichter des I. Bezirkes, Dr. Hoernes.
1408 3225 2061 3264 Er leugnete zwar entſchieden, nicht ſchon vor Beginn der Arbeit
1407 3248 2062 3287 die Arbeiter zum ſchiefen Graben veranlaßt zu haben, und ſuchte
1407 3270 2059 3310 dadurch die drei Verunglückten als die Schuldigen hinzuſtellen.
1406 3291 2057 3335 Der Richter ſchenkte aber den übereinſtimmend abgegebenen Aus⸗
1405 3312 2056 3356 ſagen der drei Verunglückten mehr Glauben und verurtheilte den
