3488 5348
148 217 336 261 Nr. 11085
911 222 1183 274 Wien, Samstag
1442 238 2020 278 Neue Freie Presse.
2267 242 2504 282 6. Juli 1895
3115 249 3247 291 Seite 9
105 300 1134 350 folgerung iſt jedenfalls richtig, nicht das Gleiche läßt
103 345 1133 393 ſich aber von der aufgeſtellten Vorausſetzung derſelben
103 385 1133 435 ſagen. Wie wir ſchon darzuthun Gelegenheit hatten,
101 427 1132 478 wurde das Betriebsreglement mit Ermächtigung der geſetz⸗
102 472 1133 520 gebenden Körper vom Miniſterium mit Geſetzeskraft erlaſſen,
100 516 1133 563 zu dem Zwecke, um die Rechtsverhältniſſe im Eiſenbahn⸗
100 556 1131 607 Frachtverkehre zu regeln. (In der neueſten Zeit kann es nicht
99 598 1131 651 mehr auffallen, daß Geſetze zufolge Ermächtigung der geſetz⸗
99 643 1129 692 gebenden Factoren vom Miniſterium im Verordnungswege
100 689 1130 733 erlaſſen werden, das kommt jetzt wiederholt vor. Wir ver⸗
98 732 1128 778 weiſen unter Anderm darauf, daß durch ein Geſetz der
97 771 1128 822 Juſtizminiſter ermächtigt wurde, die Competenz der in den
97 816 1126 864 ehemaligen Wiener Vororten befindlichen Bezirksgerichte
96 860 1128 907 geſetzlich zu regeln, und zwar ohne Rückſicht auf die beſte⸗
95 903 1127 948 hende Gerichtsverfaſſung.) Nirgends findet ſich eine Andeu⸗
96 945 1125 993 tung, daß dieſem Geſetze (dem Betriebsreglement) eine
94 988 1123 1036 andere Eigenſchaft als jedem andern innewohne. Daß in den
95 1029 1122 1079 Frachtbrief⸗Formularen der Vermerk von der Unterwerfung
93 1077 1123 1122 unter das Betriebsreglement enthalten iſt, iſt ein ganz neben⸗
91 1116 1121 1164 ſächlicher Umſtand. Denn dieſer Vermerk iſt nicht einmal
93 1161 1123 1208 nothwendig, wie aus §. 51 des Betriebsreglements hervor⸗
91 1201 1121 1250 geht, der die Beſtandtheile des Frachtbriefes aufzählt. Auch
91 1246 1120 1293 muß darauf verwieſen werden, daß Reiſegepäck immer ohne
90 1291 1122 1335 Frachtbrief und lebende Thiere gemäß §. 45 des Betriebs⸗
89 1334 1120 1380 reglements entweder ohne Frachtbrief, mit Beförderungs⸗
90 1375 1118 1425 ſcheinen, oder auf Grund des Frachtbriefes befördert werden,
89 1415 1119 1467 und dennoch gelten die Beſtimmungen des Betriebsregle⸗
89 1462 1118 1507 ments auch für dieſe Frachtverträge. Wenn das Betriebs⸗
87 1503 1117 1552 reglement lediglich auf Grund des Vertragswillens der
86 1547 1117 1596 Parteien gelten würde, ſo müßte es den Parteien auch frei⸗
86 1593 1116 1639 ſtehen, vom Betriebsreglement abweichende Beſtimmungen zu
84 1635 1117 1681 treffen, was unbedingt unzuläſſig iſt. Das derzeitige Betriebs⸗
84 1678 1115 1726 reglement ſtellt ſich als ein die Bahnen und die Parteien
85 1719 1114 1768 gleichmäßig bindendes Geſetz dar, von dem ſie bei Fracht⸗
84 1761 1114 1810 verträgen nicht abgehen dürfen, weder zu dem Ende, um
86 1806 1114 1854 einander günſtigere, noch um ſich gegenſeitig ungünſtigere
83 1848 1113 1897 Bedingungen zu ſtellen. Zufolge §. 2 des Geſetzes vom
83 1893 1113 1937 27. October 1892 Nr. 187 R. G. B. können im Betriebs⸗
82 1934 1114 1982 reglement ſogar Vorſchriften vorkommen, welche vom Handels⸗
82 1979 1112 2027 geſetzbuche abweichen, ſomit dasſelbe derogiren, was ſchon für
81 2019 1111 2069 ſich ein Beweis iſt, daß das derzeitige Betriebsreglement
81 2067 1111 2113 nicht blos ein vom Miniſterium feſtgeſtelltes Schema für
80 2105 1110 2156 Frachtverträge iſt, ſondern ein Geſetz; denn nur ein ſolches
80 2150 1109 2199 kann ein anderes Geſetz, hier das Handelsgeſetzbuch, außer
79 2194 1110 2241 Kraft ſetzen. Da ſomit die Vorausſetzung, daß das Betriebs⸗
79 2240 1107 2285 reglement nur in Folge des Vertragswillens der Parteien
79 2282 1107 2328 Geltung habe, unrichtig iſt, ſtellt ſich auch die daraus
79 2322 817 2369 gezogene Schlußfolgerung als hinfällig dar.
162 2373 1107 2423 So unzufrieden auch das Publicum mit dem ſo oft
75 2416 1105 2467 erwähnten §. 61 des Betriebsreglements iſt, ſo muß in
74 2459 1105 2511 dieſer Beſtimmung dennoch eine zu Gunſten des Publicums
74 2503 1103 2553 von der Regierung getroffene Verfügung erblickt werden.
74 2546 1103 2597 Denn Artikel 408 des Handelsgeſetzes iſt noch viel härter.
74 2590 1103 2639 Nach demſelben geht jeder Anſpruch gegen den Frachtführer,
74 2632 1103 2684 mit Ausnahme des Anſpruches wegen Verluſtes oder
70 2674 1103 2726 Beſchädigungen, wenn ſie bei der Ablieferung äußerlich nicht
72 2720 1104 2770 erkennbar waren und ohne Verzug nach der Entdeckung feſt⸗
70 2761 1101 2812 geſtellt wurden, durch die Annahme des Frachtgutes und
71 2806 1100 2856 Bezahlung der Fracht verloren. Dieſe Beſtimmung des
70 2846 1100 2899 Handelsgeſetzbuches iſt auch in das Betriebsreglement, und
70 2892 1099 2942 zwar im §. 90, aufgenommen worden; es werden aber im
69 2933 1097 2986 Betriebsreglement einige Ausnahmen von dieſem drakoniſchen
69 2978 1097 3027 Rechtsſatze aufgeſtellt, zu welchen eben auch §. 61 gehört.
68 3020 1097 3071 Es heißt dem Empfänger eines Frachtgutes eine große
66 3062 1097 3114 Gewandtheit und eine genaue Kenntniß der Tarife und bei
64 3105 1094 3158 der Sachlage ſonach geradezu etwas Unmögliches zumuthen,
64 3149 1094 3199 wenn man von ihm verlangt, daß er bei der Uebernahme
66 3193 1095 3240 eines Frachtbriefes trotz der ſo überaus complicirten Um⸗
65 3235 1094 3287 ſtände ſofort herausfinde, inwiefern die Bahn ihren Ver⸗
63 3279 1094 3330 pflichtungen nicht nachgekommen iſt. So ſtellt es ſich oft
63 3323 1093 3373 noch als eine Begünſtigung heraus, wenn der ſo vielfach
63 3365 1092 3416 und heftig bekämpfte §. 61 des Betriebsreglements heran⸗
61 3407 1089 3460 gezogen werden kann und der Partei für die Geltendmachung
62 3451 1089 3501 ihres Anſpruches die einjährige Verjährungsfriſt zugute kommt.
61 3492 1090 3545 So z. B. wurde beim Bagatellgericht in Handelsſachen in Wien
58 3539 1090 3589 gegen eine Bahn eine Klage auf Rückſtellung eines Theiles
59 3580 1091 3630 der Frachtgebühr eingebracht auf Grund folgenden Sach⸗
60 3622 1090 3674 verhaltes: In Laibach wurden an eine Wiener Firma 269
57 3664 1089 3718 Sack Knoppern im Gewichte von 10,275 Kilogramm auf⸗
59 3708 1089 3761 gegeben und von der Bahn ſelbſt verladen, und zwar wurde
59 3752 1088 3804 ein Waggon gefüllt, der Reſt der Knoppern aber mit
58 3794 1087 3847 anderen Gütern zuſammen in einem zweiten Waggon ver⸗
55 3837 1086 3889 laden. Demgemäß wurde auch die Frachtgebühr berechnet.
56 3880 1088 3934 Der Kläger berief ſich nun darauf, daß die Bahn die ganze
54 3923 1086 3976 Ladung auf einem Waggon hätte verladen können und er
55 3966 1084 4019 in dieſem Falle nach dem Wagenladungs⸗Tarif eine um
54 4011 1083 4061 34 fl. billigere Frachtgebühr hätte zu bezahlen gehabt, welchen
53 4052 1084 4105 Betrag er gegen die Bahn einklagte. Die Bahn bot ihrer⸗
53 4096 1084 4150 ſeits den Sachverſtändigen⸗Beweis darüber an, daß ſie ganz
54 4140 1084 4190 ordnungsmäßig verladen habe. Das Gericht wies das Klage⸗
50 4182 1084 4234 begehren mit folgender Motivirung ab: Der Kläger be⸗
50 4226 1084 4276 ſchwert ſich nur darüber, daß die Bahn das Frachtgut an⸗
49 4268 1080 4320 geblich nicht ordnungsmäßig und zweckentſprechend verladen
50 4311 1078 4364 habe, er gibt aber ſelbſt zu, daß auf Grund der thatſächlich
46 4355 1079 4406 vorgenommenen Verladung die Fracht ordnungsmäßig und
46 4396 1078 4449 für ihn unter dieſen Verhältniſſen am günſtigſten berechnet
46 4441 1078 4492 ſei. Es handelt ſich alſo im vorliegenden Falle weder um
46 4483 1077 4535 eine irrthümliche Anwendung der Tarife, noch um einen
44 4526 1077 4578 Rechnungsfehler, noch um eine der im §. 90, Z. 2, des
44 4568 1075 4621 Betriebsreglements angeführten Ausnahmen, ſondern um
44 4612 1075 4665 einen ſonſtigen Anſpruch gegen die Bahn, welcher nach §. 90,
44 4655 1077 4707 Z. 1, des Betriebsreglements mit der Annahme des Fracht⸗
41 4699 812 4746 gutes und der Bezahlung der Fracht erliſcht.
128 4750 1074 4798 In einem andern Falle hat der Kläger die Rück⸗
43 4791 1076 4842 ſtellung eines Theiles der Fracht aus dem Grunde begehrt,
44 4839 1073 4886 weil die Route, welche die Fracht zufolge Direction der Bahn
43 4881 1074 4926 zurückgelegt hatte, theurer war, als eine andere. Ein Ver⸗
42 4921 1071 4972 ſchulden oder gar ein grobes Verſchulden der Bahn lag in
42 4964 1072 5015 dieſem Falle nicht vor, auch hatte der Aufgeber die Route
44 5008 1071 5058 nicht vorgeſchrieben. Auch dieſer Anſpruch wurde, abgeſehen
42 5049 1074 5099 davon, daß die Bahn gemäß §. 51, lit. 1), Abſatz 2, des Be⸗
41 5095 1071 5145 triebsreglements in dem vorliegenden Falle für die Folgen
43 5136 1070 5188 der Wahl der Route nicht haftet, durch die Beſtimmung des
39 5181 1068 5229 §. 90, Z. 1, des Betriebsreglements als präjudicirt erkannt.
1264 311 2208 360 In einem weiteren Falle wurde von der Bahn die
1179 353 2207 402 Frachtgebühr nach dem Stückguttarife berechnet, während der
1178 396 2206 446 Kläger behauptet, es hätte der Waggon⸗Ladetarif zur An⸗
1178 440 2206 490 wendung kommen müſſen, weßhalb die Bahn verpflichtet ſei,
1176 480 2205 530 die Mehrgebühr herauszuzahlen. Die Eiſenbahn vertrat, ab⸗
1176 524 2204 574 geſehen von anderen Einwendungen, die ſie erhob, auch die
1175 567 2204 617 Anſicht, daß in dem vorliegenden Falle die Verjährungsfriſt
1175 611 2203 660 des §. 61 des Betriebsreglements nicht Anwendung finden
1174 651 2204 702 könne, weil dieſelbe nach dem ausdrücklichen Wort⸗
1172 693 2203 747 laute des Geſetzes nur dann gelte, wenn der Tarif
1172 739 2202 790 unrichtig angewendet werde oder ein Rechnungsfehler
1172 784 2202 834 unterlaufen ſei. Im vorliegenden Falle aber ſei der Tarif
1171 826 2200 877 richtig angewendet worden, wenn auch nach der Behauptung
1170 867 2199 918 des Klägers ein unrichtiger Tarif angewendet worden ſei.
1169 910 2199 960 Vom Gerichte aber wurde erkannt, daß dieſe Anſicht der ge⸗
1167 953 2199 1004 klagten Eiſenbahn dem Geſetze nicht entſpreche, weil der
1167 997 2199 1049 §. 61 des Betriebsreglements ſich auf jede unrichtige An⸗
1168 1040 2198 1089 wendung der Tarife beziehe, ſei es nun, daß ein richtiger
1167 1083 2197 1135 Tarif unrichtig oder daß der unrichtige Tarif richtig an⸗
1167 1127 1517 1170 gewendet worden ſei.
1251 1170 2196 1218 In einem vierten Falle handelte es ſich um ein Ver⸗
1164 1212 2195 1263 ſäumniß der Bahn. In einer Station Böhmens wurde eine
1163 1255 2193 1305 Waggonladung nach Erfurt aufgegeben, und da dem Bahn⸗
1164 1298 2195 1350 beamten ſchien, daß das Frachtgut nicht hinreichende Sicher⸗
1163 1341 2194 1391 heit biete und er auch die Höhe der Frachtgebühr nicht be⸗
1162 1383 2193 1435 ſtimmen konnte, verlangte derſelbe gemäß §. 61, Abſatz 2
1163 1427 2190 1478 und 3, des Betriebsreglements die Sicherſtellung der Fracht⸗
1162 1470 2190 1523 gebühr im Betrage von 150 fl. Das Frachtgut wurde auch
1161 1513 2190 1564 in Erfurt abgeliefert, der dortige Bahnbeamte überſah je⸗
1161 1554 2190 1608 doch, die inzwiſchen berechnete Fracht, die gegen 200 fl. be⸗
1160 1600 2189 1651 trug, vom Empfänger einzuheben. Erſt nach Verlauf von
1161 1643 2187 1693 mehr als einem Jahr wurde dieſes Ueberſehen entdeckt und
1160 1686 2188 1740 nun die Forderung gegen den Abſender auf Nachzahlung
1159 1728 2185 1781 des den Betrag von 150 fl. überſteigenden nicht gedeckten
1157 1770 2187 1822 Theiles der Gebühren erhoben. Es fragt ſich nun, ob der
1159 1813 2186 1867 Abſender verpflichtet ſei, die Nachzahlung zu leiſten oder ob
1158 1858 2186 1910 dieſe Forderung der Bahn nach §. 61 des Betriebsreglements
1158 1902 2186 1953 verjährt ſei. Wir wollen die hier nicht in Betracht kommende
1156 1943 2186 1996 Frage, ob der Abſender mit Rückſicht darauf, daß die
1156 1987 2185 2040 Bahn durch ihr Verſchulden die angewieſene Frachtgebühr
1155 2032 2186 2083 von dem Empfänger nicht eingehoben hat, zur Zahlung ver⸗
1155 2074 2184 2123 pflichtet ſei, unerörtert laſſen und nur erwägen, ob die Ver⸗
1155 2116 2183 2169 jährungsbeſtimmung des §. 61 des Betriebsreglements auf
1153 2160 2183 2214 dieſen Fall Anwendung finde. Hier muß angenommen wer⸗
1155 2204 2180 2255 den, daß die Verjährung nicht eingetreten ſei. Nach dem
1153 2247 2179 2299 Wortlaute des §. 61, Abſatz 4, des Betriebsreglements kann
1153 2291 2180 2342 die Bahn das zu wenig von der Partei Eingehobene nur
1153 2332 2178 2385 binnen einem Jahre vom Tage der Zahlung an geltend
1152 2376 2178 2427 machen. In dem vorliegenden Falle verwandelt ſich die
1150 2418 2177 2471 Hinterlegung erſt durch Abrechnung in Zahlung, ſomit iſt
1150 2463 2177 2514 hier wegen Mangels einer Abrechnung eine Zahlung überhaupt
1149 2507 2176 2558 nicht geleiſtet und eine Gebühr nicht eingehoben worden,
1148 2549 2038 2599 weßhalb die Verjährung auch nicht beginnen konnte.
1232 2592 2175 2642 Es iſt nicht gut möglich, zu präciſiren, wann der
1148 2634 2175 2687 Bahn ein Recht auf Nachzahlung des zu wenig geforderten
1145 2678 2173 2734 Betrages oder der Partei ein Anſpruch auf Zurückerſtattung
1147 2721 2172 2772 des zu viel Bezahlten zuſteht, und wann ſomit §. 61 des
1145 2762 2171 2816 Betriebsreglements Anwendung findet, oder wann ein
1146 2806 2172 2860 Präjudizfall oder ein im Betriebsreglement nicht vorge⸗
1145 2849 2169 2902 ſehenes Rechtsverhältniß vorliegt. Darüber kann nur in
1143 2894 2169 2946 jedem einzelnen Falle nach der Sachlage entſchieden werden.
1143 2938 2170 2985 So viel läßt ſich aber ſagen, daß §. 61 des Betriebs⸗
1142 2979 2169 3032 reglements überall dort ſtatt hat, wo bei der Berechnung
1142 3023 2168 3074 der Fracht ein Irrthum unterlaufen iſt, gleichgiltig, ob
1141 3064 2168 3120 dieſer Irrthum durch einen Rechenfehler, durch falſche An⸗
1141 3111 2167 3161 wendung des richtigen Tarifes oder durch Anwendung eines
1139 3155 2170 3206 unrichtigen Tarifes, durch unrichtige Claſſificirung oder auf
1139 3195 2166 3247 andere Weiſe entſtanden iſt. Wie wir ſchon oben angedeutet
1137 3238 2167 3291 haben, ſind aber auch die nach dem Betriebsreglement
1138 3281 2164 3337 möglichen Präjudize von der allergrößten Wichtigkeit, weß⸗
1137 3323 2164 3376 halb eine Erörterung derſelben im Intereſſe des Publicums
1136 3369 2120 3419 angezeigt erſcheint. Dr. Georg Neumann.
1496 3453 1803 3509 Wien, 5. Juli.
1212 3509 2165 3561 [Die Einlöſung der Staatsnoten.] Der heutige
1134 3551 2161 3599 Ausweis der Staatsſchulden⸗Commiſſion gibt Aufſchluß über die
1134 3592 2161 3638 Fortſchritte, welche die Einziehung der Staatsnoten im abge⸗
1128 3625 2166 3679 laufenen Monate gemacht hat. Von den Einſernoten, welche zu
1135 3667 2160 3712 Ende Mai noch im Betrage von 3 49 Millionen Gulden circu⸗
1131 3705 2159 3754 lirten, wurden neuerlich mehr als eine halbe Million in den
1133 3744 2158 3793 Staatskaſſen zurückgehalten und vernichtet. Der Umlauf ſtellt
1129 3783 2158 3832 ſich jetzt auf 2 96 Millionen Gulden. Man kann ruhig an⸗
1131 3824 2158 3870 nehmen, daß von dieſem Reſte nur der kleinſte Theil zur Ein⸗
1130 3861 2156 3909 löſung präſentirt werden wird, ſo daß die Einziehung der Einſer
1130 3899 2157 3947 in den elf Monaten, welche ſeit der Aufrufung dieſer Noten ver⸗
1131 3937 2155 3986 ſtrichen ſind, thatſächlich beendet iſt. Zum Zwecke der Einlöſung
1129 3979 2155 4026 der Einſer haben die Regierungen der Oeſterreichiſch⸗Ungariſchen
1129 4016 2154 4062 Bank 33‧2 Millionen Silbergulden entnommen; es wurden dem⸗
1126 4055 2153 4103 nach, da die Geſammtſumme der zur Einlöſung gebrachten Noten
1127 4093 2154 4142 dieſer Kategorie 54‧9 Millionen Gulden beträgt, nahezu
1126 4131 2153 4179 22 Millionen Einſer durch Silberkronen im Verkehre erſetzt. Der
1126 4170 2152 4220 Umlauf der Fünfer ſtellt ſich gegenwärtig auf 120‧2 Millionen
1126 4209 2151 4258 Gulden und zeigt ſeit dem vorigen Monate einen Rückgang um
1125 4248 2151 4294 2‧4 Millionen Gulden, welcher jedoch ausſchließlich aus der Neu⸗
1125 4288 2150 4335 Ausgabe von Salinenſcheinen herrührt. Dagegen hat ſich der
1124 4324 2149 4375 Umlauf der Fünfzigernoten durch thatſächliche Einlöſung neuerlich
1122 4365 2150 4411 um 7‧8 Millionen Gulden vermindert. Im Ganzen haben die Regie⸗
1122 4402 2149 4451 rungen bisher 105 Millionen Gulden Staatsnoten durch Silbergeld
1121 4444 2142 4490 und Banknoten eingelöſt. Der Geſammtbetrag der nach dem letzten
1121 4479 2149 4528 Valuta⸗Geſetz zur Einziehung beſtimmten Noten ſtellt ſich auf 200
1122 4520 2147 4567 Millionen Gulden; die Einlöſung dürfte ſpäteſtens in einem
1121 4559 1414 4599 Jahre beendet ſein.
1196 4603 2147 4653 [Oeſterreichiſche Goldrente.] In Berlin war
1119 4642 2149 4692 heute das Gerücht verbreitet, die Disconto⸗Geſellſchaft hätte die
1119 4683 2145 4730 jüngſt von der Rothſchild⸗Gruppe übernommenen 25 Millionen
1118 4719 2148 4769 Gulden öſterreichiſcher Goldrente vollſtändig ausverkauft. Es
1118 4759 2145 4808 dürfte ſich hier um eine Verwechslung handeln. Wol ſind die
1118 4797 2145 4845 erſten 25 Millionen, welche die Gruppe im Februar fix über⸗
1117 4838 2145 4885 nommen hat, als vollſtändig placirt zu betrachten. Was jedoch
1117 4875 2144 4924 die zweiten 25 Millionen betrifft, ſo lag es von vornherein nicht
1116 4912 2144 4963 in der Abſicht der Gruppe, den Verkauf zu forciren. Man hat
1116 4952 2143 5003 vielmehr, um eine ſichere Placirung herbeizuführen, Werth darauf
1115 4994 2142 5039 gelegt, den Abſatz langſam zu vollziehen, und deßhalb ſoll der Ver⸗
1115 5030 2143 5079 kauf der zweiten 25 Millionen nur allmälig bewerkſtelligt werden.
1191 5077 2142 5125 [Die ruſſiſch⸗chineſiſche Anleihe.] Die Nach⸗
1113 5115 2140 5164 richten über die Anleihe⸗Verhandlungen mit China haben in den
1112 5153 2141 5204 letzten Tagen fortwährend gewechſelt und ſo widerſpruchsvoll ge⸗
1111 5193 2140 5241 lautet, daß es ſchwer iſt, ſich ein zutreffendes Urtheil zu bilden.
2250 319 3280 368 Nach den neueſten Meldungen wäre es den Bemühungen der ruſ⸗
2250 358 3281 409 ſiſchen Regierung doch gelungen, ein Separat⸗Abkommen mit
2249 397 3280 447 China zu Stande zu bringen, wonach die projectirte Anleihe von
2249 435 3278 486 400 Millionen Francs von der franzöſiſch⸗ruſſiſchen Bankengruppe
2248 473 3278 524 übernommen wird, ohne daß Rußland eine Garantie übernimmt.
2248 511 3280 561 Die Anleihe wäre dadurch der politiſchen Umhülle entkleidet und
2248 551 3279 601 würde, wie man meint, England und Deutſchland keinen weiteren
2244 587 3278 639 Anlaß zu irgend welchen Bedenken geben. Natürlich wäre auch
2247 628 3278 676 der Charakter der Anleihe weſentlich geändert. Dieſelbe würde
2245 666 3279 718 ausſchließlich auf dem Credit und den Sicherheiten Chinas be⸗
2245 706 3279 758 ruhen. Es fragt ſich nun, ob die Bankengruppe das Geſchäft
2245 744 3277 795 unter denſelben Bedingungen abſchließt wie früher, als es ſich um
2245 783 3278 834 eine von Rußland garantirte Anleihe handelte. Die kleinen chine⸗
2244 822 3280 872 ſiſchen Anleihen, welche in London und Berlin abgeſchloſſen wur⸗
2244 861 3277 914 den und je eine Million Pfund betragen, beruhen auf einem Zins⸗
2244 899 3273 953 fuße von ſechs Percent, während für die von Rußland garantirte
2242 938 3275 989 Anleihe vierpercentige Titres in Ausſicht genommen waren. Man
2242 976 3275 1029 muß alſo die Beſtimmungen abwarten, welche für die modificirte
2240 1015 3273 1068 ruſſiſch⸗chineſiſche Anleihe feſtgeſetzt wurden. Die wichtigſte Unter⸗
2240 1054 3273 1108 lage dieſer Anleihe können nur die chineſiſchen Seezölle liefern.
2240 1092 3275 1144 Aus einem Berichte, der uns zur Verfügung geſtellt wird, ent⸗
2238 1132 3273 1185 nehmen wir, daß der Director des chineſiſchen Zolldienſtes, Sir
2240 1170 3273 1224 Robert Hart, der Regierung von Peking ſchon vor einiger Zeit
2238 1209 3273 1262 den Vorſchlag unterbreitete, die Zolleingänge in den chineſiſchen
2238 1247 3271 1301 Vertragshäfen zu erhöhen. Bisher wurden die Zölle nur von
2238 1286 3272 1340 Schiffen eingehoben, die unter einer europäiſchen Flagge ſegeln;
2237 1325 3271 1379 die Inländer hatten keinen Zoll zu zahlen. Nach dem Vorſchlage
2236 1365 3271 1416 des Zolldirectors wären die Abgaben auch von den Chineſen ein⸗
2236 1403 3270 1458 zuheben. In den letzten Jahren betrugen die Zolleingänge durch⸗
2235 1440 3269 1496 ſchnittlich 3‧2 Millionen Pfund Sterling; im Falle der Annahme
2235 1478 3267 1532 des vom Zolldirector unterbreiteten Vorſchlages würde ſich der
2236 1517 3271 1573 Ertrag um 1‧1 Millionen Pfund Sterling ſteigern, und dieſe
2234 1558 3270 1611 Vermehrung würde ausreichen, um das Erforderniß für ein An⸗
2232 1596 3043 1646 lehen von 20 Millionen Pfund Sterling zu decken.
2308 1642 3268 1696 [Die Schifffahrt⸗Geſellſchaften auf der
2231 1682 3269 1737 Donau.] Der Verkehr der Donau⸗Dampfſchifffahrt⸗
2231 1722 3266 1777 Geſellſchaft hält ſich heuer in engen Grenzen und ermangelt
2231 1758 3267 1813 bisher der erwünſchten Anregung. Namentlich iſt der Getreide⸗
2230 1799 3267 1856 verkehr bisher relativ unbedeutend, da der Export faſt vollſtändig
2230 1838 3264 1891 ſtockt und der inländiſche Conſum hinlänglich verſorgt iſt. In den
2230 1877 3264 1931 erſten fünf Monaten ergab ſich gegenüber dem Vorjahre eine
2228 1914 3261 1971 Mindereinnahme von 831,000 fl. Die genauen Einnahmeziffern
2226 1954 3261 2008 des Juni ſind noch nicht bekannt; es gilt jedoch als ziemlich
2228 1993 3261 2047 ſicher, daß der Ausfall der erſten fünf Monate keine weſentliche
2227 2029 3260 2087 Verminderung erfahren hat, ſondern voll auf das zweite Semeſter
2227 2072 3259 2125 übernommen werden wird. Für die Verkehrsentwicklung des zweiten
2225 2110 3258 2165 Halbjahres wird der Ausfall der Ernte und die Geſtaltung der
2224 2150 3259 2200 internationalen Getreide⸗Conjunctur maßgebend ſein. Wenn es
2224 2188 3258 2242 gelingt, einen größeren Cerealien⸗Export zu erlangen, iſt es nicht
2224 2226 3257 2281 ausgeſchloſſen, daß die bisherige Mindereinnahme ganz hereingebracht
2223 2266 3255 2319 wird. Die Concurrenz der ungariſchen Donau⸗Schiff⸗
2224 2304 3255 2358 fahrt⸗Geſellſchaft macht ſich bis jetzt wenig fühlbar. Die
2222 2342 3255 2397 ungariſche Schifffahrt⸗Geſellſchaft completirt vorläufig ihre Flotte
2222 2382 3255 2436 durch den Ankauf neuer Schlepper und dürfte im nächſten Jahre
2221 2421 3255 2472 in den Mitbewerb für die großen Donautransporte eintreten. Die
2221 2459 3255 2512 Süddeutſche Donau⸗Schifffahrt⸗Geſellſchaft
2219 2499 3254 2549 hat ſich mit der Drau⸗Schifffahrt⸗Geſellſchaft
2220 2537 3251 2590 fuſionirt und zu dieſem Zwecke ihr Actien⸗Kapital erhöht.
2219 2576 3253 2629 Auch dieſe Geſellſchaft dürfte im nächſten Jahre den Verkehr auf
2218 2616 2898 2663 der Donau in erhöhtem Umfange betreiben.
2296 2660 3250 2716 [Brüxer Bergbau⸗Geſellſchaft.] Gegenüber der
2216 2700 3252 2755 in den letzten Tagen aufgetauchten Meldung, daß die Entwäſſerungs⸗
2214 2739 3250 2794 Arbeiten in den Oſſegger Schächten ununterbrochen fortgeführt
2216 2780 3249 2833 werden, iſt daran zu erinnern, daß in Wahrheit die Thätigkeit in
2216 2818 3248 2868 den inundirten Gruben ſeit dem Beginne des Monats Mai voll⸗
2214 2854 3246 2910 ſtändig ruht. Die Brüxer Bergbau⸗Geſellſchaft hat ſich in dem
2215 2896 3248 2949 mit den Teplitzer Quellen⸗Intereſſenten abgeſchloſſenen Vertrage
2215 2934 3243 2986 ausdrücklich verpflichtet, mit Rückſicht auf die Saiſon in Teplitz
2213 2973 3244 3024 die Sümpfung mit dem 1. Mai einzuſtellen und erſt nach Schluß
2213 3012 3242 3063 der Saiſon wieder aufzunehmen. Die Entwäſſerungs⸗Anlagen auf
2213 3049 3243 3103 den inundirten Schächten werden, wie uns auf eine Anfrage an
2212 3089 3242 3140 unterrichteter Stelle erwidert wird, im Herbſt wieder in Betrieb
2211 3128 3237 3181 geſetzt werden. Die Arbeiten ſollen dann energiſch verfolgt werden,
2210 3167 3239 3220 um ſo raſch als möglich zu der vermutheten Einbruchsſtelle zu
2210 3204 3237 3257 gelangen. Unabhängig von dieſen Entwäſſerungs⸗Arbeiten iſt die
2208 3244 3239 3296 Herſtellung eines Pegelſchachtes in der Nähe der ſeinerzeit ver⸗
2209 3283 3238 3336 mauerten Einbruchsſtelle der Döllinger⸗Grube. An dieſem Pegel⸗
2208 3319 3236 3375 ſchacht, welcher die Möglichkeit bieten ſoll, auch nach durchgeführter
2209 3360 3238 3416 Evacuirung der Oſſegger Werke die Waſſerſtandsverhältniſſe zu
2209 3400 2833 3444 meſſen, wird auch jetzt weiter gearbeitet.
2283 3448 3239 3498 [Das Einfuhrverbot für ſerbiſche Schweine.]
2208 3486 3236 3539 Man telegraphirt uns aus Belgrad: Die ſerbiſche Regierung
2205 3524 3236 3576 richtete an die ungariſche Regierung das Erſuchen, die Einfuhr
2205 3563 3237 3615 ſerbiſcher Schweine bezirksweiſe, je nach dem Einlangen der günſtigen
2205 3600 3237 3655 Berichte des ungariſchen Staatsveterinärs Ludwig Racz zu ge⸗
2205 3639 3234 3693 ſtatten. Die ungariſche Regierung hat dieſem Anſuchen zugeſtimmt.
2204 3680 3233 3728 Racz hat bereits ſämmtliche Grenzbezirke bereiſt und die Schweine⸗
2203 3718 3230 3768 beſtände als vollſtändig ſeuchenfrei befunden. Die
2202 3757 3231 3811 Aufhebung des Einfuhrverbotes gilt als un⸗
2201 3796 2725 3839 mittelbar bevorſtehend.
2279 3841 3234 3896 [Actien⸗Geſellſchaft für Montan⸗Induſtrie.]
2200 3881 3232 3934 Heute fand in Berlin und auf mehreren anderen deutſchen Plätzen
2200 3920 3231 3973 die Subſcription auf 3000 Actien der Actien⸗Geſellſchaft für
2200 3959 3231 4009 Montan⸗Induſtrie ſtatt. Die Actien ſind mit je 1000 Mark voll
2198 3997 3231 4051 einzuzahlen, der aufgelegte Betrag ſtellt ſich daher auf drei
2198 4036 3229 4087 Millionen Mark. Die Subſcription wurde, wie man uns aus
2197 4075 3229 4127 Berlin telegraphirt, formell um 9 Uhr Vormittags eröffnet,
2197 4113 3229 4167 aber kurz darauf ſchon geſchloſſen, da durch die früheren Anmel⸗
2196 4152 3228 4206 dungen der aufgelegte Betrag weitaus überzeichnet war. Unter den
2196 4191 3227 4242 Emiſſions⸗Firmen, an deren Spitze das Bankhaus Jacob Landau
2195 4229 3226 4282 in Berlin ſteht, befindet ſich auch die Anglo⸗Oeſterreichiſche Bank
2194 4268 3224 4321 in Wien. Nebſt den heute emittirten 6000 Actien gibt es noch
2195 4307 3225 4359 eine zweite Serie von 6000 Stück, auf welche zunächſt nur eine
2193 4345 3224 4399 Einzahlung von 25 Percent, demnach von 750,000 Mark, geleiſtet
2193 4386 3222 4436 wurde. Zweck des Unternehmens iſt der Betrieb von Geſchäften
2193 4423 3221 4476 aller Art, welche ſich auf das Gebiet der Montan⸗Induſtrie
2192 4461 2329 4501 erſtrecken.
2268 4507 3221 4558 [Die Anlage von Pupillengeldern bei Spar⸗
2189 4543 3220 4597 kaſſen.] Das Miniſterium des Innern hat einen Zuſatz⸗
2189 4581 3215 4634 paragraph zum Muſterſtatute für Sparkaſſen creirt, damit das
2191 4620 3217 4675 Juſtizminiſterium in die Lage verſetzt wird, einen zweckmäßigeren
2191 4661 3215 4712 Modus für die depoſitenämtliche Behandlung der von den Spar⸗
2189 4697 3218 4754 kaſſen für Pupillen ausgeſtellten Einlagenbücher ausfindig zu
2189 4736 3217 4790 machen. Der betreffende Zuſatzparagraph lautet: Die für Pflege⸗
2189 4775 3216 4830 befohlene gemachten Einlagen ſind, ſobald es das zuſtändige
2189 4814 3215 4868 Pflegſchaftsgericht verfügt, der Vinculirung zu unterziehen.
2188 4853 3215 4907 Durch dieſe Vinculirung wird die Rückzahlung der betreffenden
2189 4892 3214 4946 Einlage und der etwa hiezu gemachten Nacheinlagen, ſowie die
2187 4932 3212 4987 Auszahlung der entfallenden Zinſen inſoweit gehemmt, als nicht
2186 4971 3213 5026 vom Gerichte einer Partei eigens die Bewilligung zur Behebung
2187 5009 3212 5063 von Kapitals⸗ oder Zinſenbeträgen ertheilt wird. Die Vinculirung
2185 5047 3212 5103 iſt von der Sparkaſſe in Gemäßheit der gerichtlichen Verfügung
2184 5086 3209 5139 im Hauptbuche vorzumerken und in dem Einlagsbuche erſichtlich
2181 5126 3207 5176 zu machen. Auszahlungen auf vinculirte Einlagsbücher dürfen nur
2183 5164 3210 5217 zu Handen des vom Gerichte namhaft gemachten Bezugsberechtigten
2183 5203 3208 5257 und ebenſo wie die Devinculirung ſolcher Bücher nur dann be⸗
