3488 5345
179 169 376 210 Nr. 11085
961 159 1245 203 Wien, Samstag
1484 156 2067 200 Neue Freie Presse.
2318 145 2566 189 6. Juli 1895
3135 133 3284 176 Seite 3
142 228 1166 277 vorbehalten und er außerdem vom Ausſchuſſe ermächtigt, ſeine
137 267 1173 315 über die Poſt für Cilli von der Anſicht der Majorität des Aus⸗
142 307 1166 354 ſchuſſes abweichende Meinung im Hauſe zum Ausdrucke zu
139 346 1167 393 bringen und den Mitgliedern jener Mehrheit, eventuell dem Ge⸗
140 385 1166 431 neral⸗Berichterſtatter die Vertheidigung ihres Beſchluſſes zu über⸗
140 423 1168 470 laſſen. Unter den in dieſer Sitzung des Ausſchuſſes zur Berathung
140 460 1171 509 gelangten Petitionen befand ſich auch eine vom Abg. Dr. Exner
142 498 1172 546 überreichte Petition der Gabriele Baronin Poſſa⸗
137 539 1167 585 ner, Doctor der geſammten Heilkunde und praktiſcher Arzt in
139 578 1168 626 der Schweiz, um Einflußnahme, daß ihr die Ausübung der
140 616 1166 664 ärztlichen Praxis in Oeſterreich geſtattet werde. Referent
130 655 1168 702 Dr. Beer ſtellt den Antrag, dieſe Petition der Regierung zur
138 693 1174 743 eingehendſten Erwägung und zur Berückſichtigung zuzuweiſen,
142 731 1169 777 jedenfalls aber auch dieſe Gelegenheit zu benützen, um über die
143 769 1169 818 Frage der Zulaſſung der Frauen zur Ausübung der ärztlichen
145 809 1161 856 Praxis eine principielle Entſcheidung zu treffen. — Abg. Dr
144 847 1170 896 Exner unterſtützt den Antrag des Referenten unter dem Hinweiſe
139 887 1173 935 darauf, daß die Verwendung von weiblichen Aerzten in Frauen⸗
141 925 1177 973 hoſpitälern, aber insbeſondere in höheren Töchterſchulen und In⸗
142 963 1173 1010 ſtituten für Mädchen⸗Erziehung gewiß in hohem Grade empfehlens⸗
145 1003 1171 1050 werth wäre. Der Antrag des Referenten wird ſodann angenommen.
218 1041 1171 1088 Berichterſtatter Dr. Beer erſtattet gleichzeitig Bericht über
146 1080 1177 1130 eine große Anzahl von Petitionen, welche die Zulaſſung
146 1119 1172 1165 von Frauen zu mediciniſchen Studien und
147 1157 1174 1205 überhaupt zu Univerſitäts⸗Studien fordern. Er
145 1195 1174 1243 bemerkt, daß er bereits vor mehr als 20 Jahren im Miniſterium
146 1234 1182 1281 für Cultus und Unterricht darauf hingearbeitet habe, in Oeſter⸗
145 1273 1176 1321 reich eine Anzahl höherer Mädchenſchulen zu begründen. Leider
145 1313 1180 1360 ſei in dieſer Angelegenheit nichts geſchehen, während in den Nach⸗
150 1351 1176 1397 barländern für die Fortbildung der Mädchen eine große Anzahl
147 1390 1185 1440 höherer Lehranſtalten von Seite des Staates errichtet werde. Be⸗
152 1428 1179 1473 ſonders für die Beamtentöchter wäre es eine abſolute Nothwendig⸗
151 1467 1178 1514 keit, nicht Alles den Privatlehranſtalten zu überlaſſen, um die
152 1506 1178 1555 Möglichkeit zu ſchaffen, daß dieſelben namentlich in den fremden
152 1545 1184 1593 Sprachen ſich ausbilden, um ſodann als Gouvernanten oder auch
151 1584 1179 1630 an höheren Mädchenſchulen verwendet zu werden. Nicht minder
153 1622 1179 1669 aber ſei es bei der großen Anzahl von Petitionen aus allen
149 1659 1185 1707 Theilen des Reiches abſolut nothwendig, daß von Seite der Re⸗
151 1698 1188 1746 gierung in Bezug auf die Zulaſſung der Frauen zu den medici⸗
153 1737 1180 1785 niſchen Studien endgiltig Stellung genommen werde, nachdem in
154 1775 1182 1823 einigen Theilen des Reiches ſogenannte gymnaſiale Mädchenſchulen
154 1814 1188 1862 beſtehen. Bereits vor Jahren habe der Referent einen Antrag ge⸗
153 1853 1180 1904 ſtellt, von den mediciniſchen Facultäten Gutachten abzufordern.
150 1892 1189 1941 Er erneuert dieſe Reſolution und fordert gleichzeitig, daß die Re⸗
148 1931 1188 1977 gierung aufgefordert werde, dieſe Gutachten mit thunlichſter Be⸗
148 1970 1186 2016 ſchleunigung zur Kenntniß des Abgeordnetenhauſes zu bringen,
150 2008 1179 2056 um ſodann eine definitive Beſchlußfaſſung desſelben zu ermöglichen.
224 2081 1193 2125 Wien, 5. Juli. (Kundgebungen.) Der Deutſch⸗poli⸗
155 2120 1190 2166 tiſche Verein für Haida und Umgebung hat in ſeiner Verſamm⸗
157 2159 1185 2205 lung vom 1. Juli 1895 den Beſchluß gefaßt, dem Vorſtande der
156 2197 1196 2244 Vereinigten Linken ſeine Ueberzeugung dahin auszuſprechen, daß
154 2236 1186 2280 der Verein den Austritt der deutſch⸗liberalen Partei aus der
156 2274 1186 2321 Coalition als eine unabweisbare Folge der Thatſache anerkennt,
155 2313 1191 2359 daß die Partei durch die ihr in der Coalition auferlegte Ent⸗
160 2352 1187 2396 haltung von nationalen Beſtrebungen einen Angriff auf den
162 2390 1190 2436 deutſchen Beſitzſtand von der Tragweite der Einſtellung der Poſt
157 2429 1193 2476 Cilli in das Budget nicht zu verhindern vermochte, und der Er⸗
159 2468 1188 2514 wartung Ausdruck zu geben, daß die Partei nunmehr mit allem
160 2507 1189 2553 Nachdrucke den dringenden Aufgaben ſich zuwenden wird, wie dies
161 2546 1194 2592 die anderen im Reichsrathe vertretenen Nationalitäten bereits mit
152 2589 630 2631 großem Erfolge gethan haben.
237 2622 1190 2669 Der Nationalverein in Tetſchen a. d. Elbe richtete eine
161 2662 1187 2709 Kundgebung an Herrn v. Plener, welche das Bedauern über
161 2700 1190 2746 deſſen Rücktritt und die Zuverſicht ausſpricht, Herr v. Plener
161 2739 1192 2786 werde die Parteiführung wieder übernehmen. Das Vertrauen des
163 2783 578 2823 Volkes bleibe ihm gewahrt.
249 2848 1195 2889 Wien, 5. Juli. (Delegirten⸗Verſammlung des
164 2881 1196 2924 Deutſch⸗Oeſterreichiſchen Lehrerbundes.) Im Zeichen⸗
160 2914 1192 2957 ſaale des Wiener ſtädtiſchen Pädagogiums fand kürzlich unter dem Vorſitze
160 2950 1199 2991 des Bundes⸗Präſidenten, Oberlehrers Katſchinka, die diesjährige
163 2987 1196 3026 Delegirten⸗Verſammlung des Deutſch⸗Oeſterreichiſchen Lehrerbundes
158 3018 1202 3060 ſtatt, welcher Delegirte der deutſchen Lehrerſchaft aus allen Theilen
161 3053 1194 3093 des Reiches beiwohnten. Bundes⸗Präſident Katſchinka gab einen aus⸗
161 3088 1192 3128 führlichen Bericht über die diesjährige Thätigkeit des Bundesaus⸗
161 3123 1197 3162 ſchuſſes, der ſich in erſter Linie mit der Durchführung der von der
162 3156 1198 3198 Innsbrucker Hauptverſammlung gefaßten Beſchlüſſe zu befaſſen hatte.
161 3192 1197 3232 Bezüglich des Rechtsſchutzes des Lehrers als Amtsperſon wurden an
164 3228 1193 3266 den Reichsrath, ſowie an den geweſenen Juſtizminiſter Grafen
166 3262 1196 3301 Schönborn Eingaben gerichtet, welche auch den Erfolg hatten, daß in
165 3296 1193 3336 dem Strafgeſetz⸗Entwurfe eine Beſtimmung aufgenommen wurde,
165 3328 1198 3370 welche für die Gerichte nunmehr die jeden Zweifel ausſchließende An⸗
166 3364 1195 3405 erkennung des Lehrers als Amtsperſon enthält. Auf Antrag des Vor⸗
165 3399 1194 3439 ſitzenden wurde dem Reichsraths⸗Abgeordneten Profeſſor Dr.
167 3434 1196 3472 Marchet für ſein energiſches Eintreten in dieſer Angelegenheit
164 3469 1197 3510 unter lebhaftem Beifalle der Dank der Lehrerſchaft aus⸗
1211 216 2250 264 geſprochen. Eine längere Beſprechung widmete der Bundes⸗Präſident
1208 254 2245 296 den Schulanträgen des Cardinals Dr. Kopp im ſchleſiſchen Land⸗
1211 288 2241 331 tage und der in Folge deſſen vom Bundesausſchuſſe hinausgegebenen
1207 325 2246 365 Kundgebung; er gedachte hiebei der zielbewußten Haltung der
1211 357 2246 400 deutſchen Collegen in Schleſien (allgemeiner ſtürmiſcher Beifall) und
1213 392 2246 435 kennzeichnete die reactionären Beſtrebungen, wie ſie in Steiermark,
1212 427 2242 468 Oberöſterreich, Niederöſterreich und in anderen Kronländern auf dem
1213 461 2243 504 Gebiete der Schule auftreten, ſprach aber zugleich die Erwartung aus,
1214 495 2244 538 daß die deutſche Lehrerſchaft in feſtem Zuſammenſchluſſe die Kraft zur
1211 531 2250 572 Abwehr der drohenden Gefahr der Verkirchlichung der
1214 564 2243 607 Schule finden werde. (Lebhafter allgemeiner Beifall.) Nachdem
1215 599 2245 641 noch der Vorſitzende ein Bild der reichen Arbeitsthätigkeit des Bundes⸗
1216 633 2244 675 ausſchuſſes gegeben, wurde nach einem Referate des Lehrers Niemetz
1215 667 2245 710 (Linz) der Beſchluß auf Herausgabe eines Bundesorgans einſtimmig
1216 703 2253 744 angenommen. Als Ort für die nächſte Hauptverſammlung des Bundes
1215 735 2251 778 wurde Wien in Vorſchlag gebracht und einſtimmig angenommen. Die
1210 774 1971 814 Delegirten⸗Verſammlung wurde ſodann geſchloſſen.
1298 844 2254 886 Wien, 5. Juli. (Deutſcher Schulverein.) In der Aus⸗
1213 880 2247 921 ſchußſitzung am 2. Juli wurde der Mädchen⸗Ortsgruppe Lundenburg
1215 915 2254 953 für eine Akademie, der Ortsgruppe Mähriſch⸗Chroſtau und dem Feſt⸗
1216 949 2254 989 comité der beiden Ortsgruppen in Göding für Feſtveranſtaltungen,
1216 982 2250 1024 und endlich Herrn Conrad Blaſchka, Fabrikanten in Liebenau, für
1217 1017 2255 1058 eine Spende von 100 fl. zum Andenken an ſeine verſtorbene Gemalin,
1218 1052 2256 1093 der Dank ausgeſprochen. Hierauf wurde der Dank der Schulleitung
1217 1085 2251 1127 Etonißl für eine Bücherſpende an die dort zu gründende Volks⸗
1219 1119 2256 1161 bücherei, weiters der Bericht des Profeſſors Dr. v. Kraus über ſeine
1219 1155 2252 1196 Reiſe nach Prag und jener des Dr. Wolffhardt über die Ortsgruppen⸗
1217 1188 2256 1231 Verſammlung in Hohenegg, ſowie endlich der Bericht des Dr. Reiſch
1218 1224 2259 1265 über ſeine Reiſe nach Königsberg in Schleſien und Mähriſch⸗Oſtrau
1220 1257 2258 1299 zur Kenntniß genommen. Weiters wurden Schulangelegenheiten von
1219 1291 2253 1335 Joſephſtadt, Königsfeld, Schreibendorf, Rampuſch, Schöflein, Pickern⸗
1219 1327 2256 1369 dorf, Ohmeleſchen und Stankau berathen, für Deſchnei eine Schulbau⸗
1220 1360 2254 1403 Subvention bewilligt und für die Schule in Senftenberg die Sub⸗
1222 1397 2259 1438 vention zur Erhaltung weiter gewährt. Nach Beſchlußfaſſung über
1220 1430 2252 1471 eine Angelegenheit des Kindergartens in Thereſienſtadt gelangten An⸗
1220 1464 2259 1507 gelegenheiten der Vereinsſchulen iu Benetzko, Jablonetz, Königsberg,
1222 1498 2253 1541 Maierle, Laibach, St. Egydi, Eiſenberg und Freiberg, der Holz⸗
1221 1535 2257 1577 induſtrieſchule in Gottſchee und der Vereins⸗Kindergärten in Eiſenberg
1219 1575 1643 1610 und Laibach zur Erledigung.
1301 1634 2254 1682 Lemberg, 5. Juli. [Orig.⸗Telegr.] (Jubiläum
1225 1674 2254 1721 der Brzesker Union.) Anläßlich der Jubiläums⸗Feier der
1226 1713 2255 1759 Brzesker Union der griechiſch⸗katholiſchen Kirche mit Rom wird
1226 1752 2258 1798 ſich demnächſt eine Deputation hervorragender Ruthenen nach
1226 1791 2253 1837 Rom begeben und dem Papſte eine Denkſchrift über die Eigenart
1228 1830 2253 1875 der rutheniſchen Nationalität und deren Bedürfniſſe überreichen.
1227 1868 2261 1917 Gleichzeitig ſoll der Papſt gebeten werden, einen beſonderen Re⸗
1229 1909 2110 1954 präſentanten zur Unionsfeier nach Lemberg zu entſenden.
1299 1980 2257 2027 Trieſt, 4. Juli. [Orig.⸗Ber.] (Sloveniſche Partei⸗
1230 2020 2261 2064 ſtrömungen.) Die Feier des 25jährigen Beſtandes des ſlo⸗
1228 2058 2258 2103 veniſchen Parteiblattes Naſa Sloga wurde hier vor einigen Tagen
1230 2097 2260 2142 in ziemlich geräuſchloſer Weiſe gefeiert. Es beſtand allerdings die
1232 2135 2258 2182 Abſicht, bei dieſer Gelegenheit einen Congreß der hervorragenden
1230 2174 2261 2221 Parteiführer der öſterreichiſchen und ungariſchen Slaven zu ver⸗
1233 2213 2258 2258 anſtalten, indem man namentlich an die Jungczechen und die Slovenen
1230 2252 2262 2296 des Hohenwart⸗Clubs, ſowie an die Croaten des Agramer Land⸗
1231 2290 2258 2337 tages Einladungen geſendet hatte. Die diesbezüglichen Hoffnungen
1232 2328 2263 2378 gingen jedoch nicht in Erfüllung, indem nur die Abgeordneten
1230 2367 2263 2415 Laginja und Spincic, ferner die iſtrianiſchen Landtags⸗
1231 2406 2260 2455 Abgeordneten Jenko, Kompare, die beiden Advocaten
1234 2445 2269 2492 Trinajſtic, ſowie der ehemalige Reichsraths⸗ und Land⸗
1231 2484 2261 2532 tags⸗Abgeordnete D. Vitezich und der Jungſlovene
1235 2523 2262 2570 Johann Hribar aus Laibach erſchienen waren. — Die
1235 2562 2266 2608 Feſtmeſſe, ſowie die Verſammlung und das Bankett
1235 2601 2261 2645 waren ſchwach beſucht, indem viele der hier lebenden Slaven, ins⸗
1235 2636 2263 2683 beſondere der Advocat Dr. Prettner, fernblieben. Von poli⸗
1234 2677 2262 2722 tiſchem Intereſſe waren nur die Erklärungen des Abg. Spincic
1236 2716 2262 2763 über die politiſche Lage in Wien, die er als gänzlich unklar
1235 2755 2264 2801 bezeichnete, nicht ohne die ausdrückliche Betonung, daß die unter
1231 2794 2268 2838 ſeiner Leitung ſtehende kleine parlamentariſche Gruppe die engſte
1235 2833 2263 2877 Fühlung mit den Jungczechen halte, und daß ſie Luſt hätte, im
1229 2872 2266 2916 Falle einer Wandlung im Regierungsſyſteme mit den andern
1235 2911 2262 2956 Slaven des Reiches in eine neue Majorität einzutreten. Dieſem
1236 2949 2262 2995 Plane ſtimmte namentlich Hribar aus Laibach bei. Allein
1236 2988 2263 3034 Dr. Laginja ſprach viel nüchterner über dieſe politiſchen
1235 3026 2264 3073 Zukunftsträume, indem er jede Discuſſion über dieſes
1236 3065 2264 3112 Thema als verfrüht und eher ſchädlich als nütz⸗
1236 3104 2263 3149 lich für das Gelingen eines ſolchen Planes bezeichnete.
1237 3143 2265 3189 Der Verlauf der Feſtlichkeiten zeigte, daß unter den hieſigen
1237 3180 2265 3228 Croaten und Slovenen dermalen innere, meiſt auf perſönlichen
1237 3219 2271 3267 Motiven baſirende Gegenſätze beſtehen, welche ein einiges Vor⸗
1238 3259 2265 3304 gehen nicht erwarten laſſen und daß der Verſuch, in den großen
1235 3298 2268 3344 Parteien der öſterreichiſch⸗ungariſchen Slaven für die Sache der
1238 3336 2267 3384 küſtenländiſchen Croaten Propaganda zu machen, total mißglückt
1239 3376 2267 3421 iſt, da weder die Dalmatiner Croaten noch die Görzer Slovenen
1238 3414 2267 3462 vertreten waren, ganz abgeſehen davon, daß die Czechen und
1232 3453 2132 3500 transleithaniſchen Croaten dieſes Feſt gänzlich ignorirten.
2683 216 2919 272 Ausland.
2367 285 3318 341 Wien, 5. Juli. (Zur Tagesgeſchichte.) Aller
2286 330 3316 381 Wahrſcheinlichkeit nach dürfte die franzöſiſche Kammer
2288 372 3314 423 ihre gegenwärtige Seſſion am 13. Juli ſchließen, da die
2284 415 3323 470 Generalrathswahlen bereits am 28. d. M. vorge⸗
2289 458 3321 509 nommen werden und die 300 Deputirten, die zugleich General⸗
2289 502 3323 553 räthe ſind, zu Beginn der Wahlbewegung in ihren Departe⸗
2290 544 3322 596 ments ſein wollen. Fruchtbar iſt die Seſſion bis jetzt nicht
2286 586 3324 638 geweſen. Die beiden großen Reformentwürfe des Miniſter⸗
2289 630 3322 684 Präſidenten und Finanzminiſters Ribot, die Erbſchaftsſteuer
2290 674 3319 726 und die Getränkeſteuer, ſind zwiſchen Klippen gerathen, und
2291 717 3319 767 insbeſondere die letztere Vorlage iſt ſtark havarirt. Sie
2292 759 3321 810 bereitet denn auch Herrn Ribot arge Verlegenheiten und hat
2289 802 3324 853 ihm Dienſtag ſogar eine Schlappe in der Kammer einge⸗
2293 845 3322 896 tragen. Am Tage zuvor nämlich lehnte die Kammer das
2294 889 3322 939 Gegenproject des Socialiſten Vaillant auf Einführung eines
2294 932 3322 982 Spiritus⸗Monopols ab. Der Miniſter⸗Präſident hatte es
2294 974 3324 1026 bekämpft. Tags darauf tauchte der abgelehnte Antrag in der
2293 1018 3322 1068 Form eines Alkohol⸗Rectifications⸗Monopols wieder auf und
2294 1060 3326 1111 gelangte trotz der Vorbehalte Ribot's und des Bericht⸗
2297 1103 3326 1154 erſtatters der Commiſſion, Herrn Salis, zur Annahme. Salis,
2292 1146 3326 1196 der Vertreter des Weinlandes Hérault, erklärte hierauf, die
2297 1189 3331 1241 ganze langwierige Arbeit der Commiſſion ſei durch dieſen
2290 1233 3325 1283 Kammerbeſchluß vereitelt, und dieſe habe weiter nichts zu
2295 1275 3326 1328 thun, als ihr Amt niederzulegen. Er wolle ſeinen Collegen
2294 1319 3335 1370 mit dem Beiſpiele vorangehen. Der Präſident der Com⸗
2300 1362 3327 1413 miſſion, Herr Rouvier, erbat für ſie Bedenkzeit bis Donnerſtag.
2298 1406 3338 1458 Mittlerweile haben ſich geſtern Commiſſion und Regierung
2299 1451 3328 1499 trotz des Dienſtagsvotums der Kammer, für Fortſetzung der
2299 1492 3334 1542 Berathung über die Getränkeſteuer⸗Reform entſchieden.
2299 1534 3328 1585 Ribot fand, die Schlappe vom Dienſtag ſei zwar keine
2299 1576 3338 1628 politiſche, erklärte ſich jedoch trotzdem bereit, daraus die
2295 1621 3329 1671 Conſequenzen zu ziehen, wenn die Kammer es wünſche.
2301 1664 3329 1710 Dieſe reagirte darauf nicht und die Debatte wurde fortgeſetzt.
2386 1715 3329 1764 Auch mit der Expedition in Madagascar
2300 1758 3337 1808 ſteht es nicht zum Beſten trotz der für die Franzoſen er⸗
2301 1800 3329 1852 folgreichen Kämpfe, zuletzt bei Tſaraotra und Beritzoka,
2301 1843 3334 1893 über die aus dem Hauptquartier officiell berichtet wird. Der
2301 1886 3328 1940 wahre Feind ſind nicht die Howas, deren ſchließliche völlige
2302 1931 3329 1981 Niederlage wol kaum zu bezweifeln iſt; weit ſchlimmer ſind
2303 1974 3330 2025 die klimatiſchen und die Terrainverhältniſſe und, wenn man
2304 2016 3330 2067 den Blättern, insbeſondere dem Journal des Débats, vollen
2304 2060 3330 2112 Glauben ſchenken darf, die franzöſiſche Heeresverwaltung
2302 2102 3336 2153 ſelbſt. Die Expeditions⸗Truppen ſollten, ſo hatte man wenig⸗
2301 2147 3337 2197 ſtens in Paris gehofft, ſchon am 10. Juli vor der Haupt⸗
2302 2189 3339 2236 ſtadt Tananarivo ſtehen. Man glaubte, den ungeſunden
2304 2231 3337 2281 Küſtenſtrich ſo raſch als möglich durchſchneiden und
2303 2275 3334 2324 Suberbieville zur Operations⸗Baſis für den erſten Theil des
2305 2318 3334 2368 Feldzuges machen zu können, allein dieſe Abſicht konnte nicht
2303 2362 3335 2410 verwirklicht werden. In Folge deſſen kam General Metzinger
2306 2404 3341 2455 mit der Avantgarde ſtatt Mitte Mai erſt Mitte Juni nach
2306 2449 3345 2497 Suberbieville, und das Gros der Expedition befindet ſich
2307 2491 3333 2539 noch jetzt, 200 Kilometer von dem Hochplateau entfernt, in
2307 2534 3339 2584 dem ſumpfigen, fiebererzeugenden Küſtenſtriche, wo die
2306 2576 3335 2627 Truppen ſtark leiden. Der Oberſtcommandirende, General
2306 2619 3334 2671 Duchesne, ſelbſt meldete in einer geſtrigen Depeſche, daß
2304 2663 3342 2712 jeder zehnte Mann des Expeditionscorps durch Krank⸗
2303 2706 3336 2756 heiten kampfunfähig gemacht ſei. Ueber die Schuld, welche
2304 2749 3337 2800 angeblich die Heeresverwaltung an dieſer Verzögerung der
2303 2793 3341 2841 Operationen, beziehungsweiſe des Vormarſches treffen ſoll,
2304 2835 3339 2886 entnehmen wir dem Journal des Débats Nachfolgendes:
2306 2878 3338 2927 Als die Transportdampfer in den madagaſſiſchen Häfen ein⸗
2308 2921 3336 2972 liefen, fehlte es an Landungsvorrichtungen, dann lagen die
2301 2964 3334 3016 Truppen wochenlang obdachlos, jeder Schutzvorrichtung gegen
2307 3008 3344 3056 die brennende Sonne bar, zwiſchen verderbenden Proviant⸗
2309 3050 3341 3102 maſſen und wüſt zuſammengewürfeltem Kriegsmaterial jeder
2310 3093 3337 3144 Art am Strande; die Transportmittel fehlten, die für den
2309 3136 3343 3189 Zug die Flüſſe hinauf beſtimmten Schaluppen und Kanonen⸗
2306 3181 3340 3229 boote fehlten oder waren nicht feldmäßig ausgerüſtet.
2311 3223 3339 3274 Schließlich mußte der Oberbefehlshaber einen Theil ſeines
2311 3267 3344 3315 Operationsplanes aufgeben, und anſtatt den Fluß hinauf⸗
2307 3308 3343 3359 zugehen, ſeine ſchon zu zwei Dritteln kranken Truppen durch
2311 3353 3344 3401 die ſumpfige Ebene vordringen laſſen. „Der Madagascar⸗
2314 3396 3340 3446 Feldzug,“ ſo ſchließt der Bericht des genannten Blattes, „iſt
2310 3439 3344 3488 eine Kriegsfahrt der Aerzte und Ingenieure. Wir aber
168 3554 1195 3603 findet, er entdeckt, er baut Maſchinen; ihre Phantaſie hat
170 3597 1195 3646 die Flügel verloren; vom Verſtand verachtet, weil ſie ſo
165 3640 1196 3689 jugendlich zwecklos träumt, hockt ſie in der Ecke. . . . Ja,
170 3683 1202 3731 deine Zeit iſt um! Du biſt Alles geworden, Menſchen⸗
166 3728 1200 3775 geſchlecht, was du werden konnteſt: das iſt deines
167 3772 1201 3818 Räthſels Löſung. Aus der Thierheit, aus dem Affenthum
173 3816 1198 3862 biſt du heraufgewachſen, damals wie ein Wunder; ſelber
172 3860 1198 3904 noch ein Thier, noch ein Affe, aber klüger als die, gelehriger
172 3902 1198 3948 als die — und ſo brachteſt du ſie alle unter deine Füße
172 3942 1198 3990 und nahmſt die ganze Erde für dich. Oberſtes aller
172 3985 1198 4035 Thiere, Herrſcher aller Thiere — aber ein Thier bliebſt
173 4027 1202 4077 du doch! . . . Es lebe der Menſch, das erfindende,
170 4074 1200 4120 zweckmäßig denkende, in Millionenheerden geordnete,
175 4116 1203 4166 Maſchinen bauende Thier!“ . . . „Nein!“ fährt er fort,
174 4160 1203 4206 „das iſt nicht das Ende! Ich weiß einen neuen Anfang,
171 4201 1203 4247 ich bring' euch einen neuen Tag. Ihr habt den Weg vom
168 4245 1200 4289 Wurm zum Menſchen gemacht, und nun wär' es aus?
174 4287 1206 4336 Könnt ihr nicht mehr weiter? Ihr habt euch Götter ge⸗
174 4333 1200 4379 träumt, höhere, ſtärkere, entthierte Menſchen; bleibt das nur
175 4372 1204 4419 ein Traum? War das nicht die Ahnung in euch, die hin⸗
175 4418 1205 4465 weiſt auf den neuen Weg? Dieſe Götter, ſie lebten nur in
176 4459 1201 4507 euren ſehnenden Gedanken; einer nach dem andern ſind ſie
175 4503 1205 4550 vergangen, müſſen alle vergehen; können ſie nicht wirk⸗
172 4546 1204 4594 lich und lebendig werden, die letzte, die höchſte Sproſſe
176 4589 1207 4635 in der Erdenſchöpfung? Wie denn? Woher? Aus euch!
176 4636 1205 4678 Als die Göttermenſchen, über den Affenmenſchen, die
177 4676 1205 4721 ihr wart, die ihr ſeid. Seht ſie doch an, die „Menſchheit“,
177 4716 1202 4763 wie ſie iſt: als einen Uebergang! Wie der Affe der
177 4763 1200 4808 Uebergang war zu euch, ſo führt euch hinüber zu dem
178 4804 1202 4853 Göttermenſchen; oder zum Vollmenſchen, zum reinen, zum
178 4846 1208 4893 ganzen Menſchen — oder wie ihr ihn heißen wollt. Ver⸗
177 4888 1206 4938 jüngt euch wie der Phönix! Werdet euer Traum! Ueber⸗
179 4935 1209 4982 windet den „Menſchen“, wie er den Affen überwand; ſteigt
180 4978 693 5022 empor auf der Erde Gipfel!“
266 5021 1207 5067 Der Expoſition des Charakters und der Lehre Helmuth
181 5064 1212 5109 Adler's iſt das erſte Buch der „Oſterinſel“ gewidmet, und
182 5107 1204 5150 dieſe paar Druckbogen gehören wol zum Schönſten, was
179 5149 1209 5195 Wilbrandt überhaupt geſchrieben hat, ſie packen den Leſer
1240 3546 2267 3596 mit elementarer Kraft der Stimmung und erregen aufs
1241 3590 2270 3639 mächtigſte das Intereſſe für das, was nun folgen wird.
1241 3633 2274 3683 Manche dürften erwarten, daß nun in einer Romanhandlung
1241 3676 2268 3726 von weltweitem Horizonte die Tragödie des ſchwärmeriſchen
1241 3720 2273 3769 Philoſophen von der Göttermenſchheit ſich abſpielen werde,
1241 3762 2268 3811 ſo hätte vielleicht ein großer Epiker, ein romantiſcher Dichter
1240 3807 2269 3855 gedichtet. Wilbrandt ging anders vor. Er führt uns in die
1241 3849 2268 3899 enge Gelehrtenſtube, ſchildert uns ſeinen Philoſophen zu
1241 3893 2274 3945 Hauſe, im Verkehr mit den Töchtern, mit zwei neu ge⸗
1242 3936 2268 3983 wonnenen Schülern und Freunden, und die Tragik Adler's
1239 3978 2268 4026 hat nicht im Inhalt ſeiner Lehre ihren Grund, ſondern in
1240 4021 2274 4070 ſeiner unvernünftigen Lebensweiſe. Was da Wilbrandt ge⸗
1238 4065 2268 4114 ſchaffen hat, iſt zwar keine Dichtung größten Styls, die man
1243 4107 2267 4157 nach der herrlichen Expoſition erwartete, aber doch auch ſchön
1244 4150 2269 4199 und bedeutſam feſſelnd in ſeiner Art. Adler nämlich, den
1242 4193 2275 4240 der Verluſt ſeiner Gattin in der Wurzel ſeines Weſens er⸗
1238 4236 2270 4286 ſchütterte, geräth immer mehr und mehr in die Richtung der
1245 4279 2274 4327 nervös überſpannten und überreizten Denkart. Er hält nicht
1241 4322 2270 4372 Maß, er treibt Alles ins Gigantiſche. Aus frommen ſchönen
1240 4366 2269 4414 Wünſchen macht er gleich ernſthafte Projecte; was als Spiel
1245 4408 2270 4458 der Phantaſie hold und anmuthig wirkt, wird lächerlich und
1246 4451 2270 4501 närriſch, wenn man es buchſtäblich ernſt nimmt. So will
1242 4495 2275 4544 Adler allen Ernſtes Vollmenſchen züchten, indem er aus⸗
1246 4536 2269 4587 erleſene Männer und Frauen auf der Oſterinſel im fernen
1246 4579 2273 4630 Stillen Ocean anſiedeln will. Die Flugſchriften des „Phönix“
1246 4623 2278 4670 ſollen ihm Mittel und Anhänger für dieſe ins Nietzſche'ſche über⸗
1245 4666 2274 4716 tragene Idee der Staatsromane ſchaffen. Indeß hat Wilbrandt
1248 4708 2272 4759 das Hauptaugenmerk ſeiner Darſtellung nicht auf die Komik
1245 4752 2279 4799 dieſes Ideals gerichtet, ſodern auf die pſychologiſche Charak⸗
1247 4796 2275 4845 teriſtik des nervenüberreizten Denkers, und da muß man
1243 4838 2271 4889 ſagen, daß Wilbrandt eine außerordentlich geiſtvolle
1247 4881 2271 4932 und feinſinnige Leiſtung bietet. Adler's Gegenſatz zum
1245 4924 2276 4973 Bildungs⸗Philiſterium, das mit ſeinen „Weltanſchau⸗
1249 4968 2271 5016 ungen“ prahlt, ſteigert ſich zuſehends; der Ausdruck
1250 5010 2276 5058 ſeiner Ideen wird immer ſchneidiger, leidenſchaftlicher,
1248 5054 2273 5104 paradoxer, genau ſo wie bei Nietzſche, bis er
1247 5097 2273 5147 ſchließlich im Kampfe mit einer prachtvollen Contraſtfigur,
1245 5139 2276 5190 des Eremiten und Vegetarianers Weſtenberger, der viele
2311 3535 3349 3585 Züge von Dieffenbach aufweiſt und mit ſeinem Urchriſten⸗
2309 3579 3339 3627 thum auch beiläufig an Tolſtoi erinnert, ſogar zur Apologie
2313 3622 3336 3672 des Mordes ſich verſteigt und als der leibhafte Antichriſt
2313 3664 3346 3714 daſteht. Adler hat im praktiſchen Verkehre wenig Menſchen⸗
2312 3707 3342 3758 kenntniß, er iſt ganz und gar ein Gefühlsdenker, ſeine
2312 3751 3341 3800 Ideen will er mehr erlebt als erſonnen haben, daher die
2309 3795 3340 3846 große Leidenſchaftlichkeit, mit der er für ſie eintritt, die
2313 3838 3345 3886 unduldſame Reizbarkeit beim Widerſpruche und die un⸗
2313 3880 3343 3931 geheure Aufregung beim Produciren. Er verzehrt ſich ſelbſt
2310 3924 3338 3973 in ſeiner Concentration des Denkens: genau ſo wie Nietzſche.
2315 3968 3346 4017 Er verbringt ſchlafloſe Nächte und nimmt Morphium, um
2307 4010 3346 4059 ſich Linderung zu ſchaffen. Und an ſeiner Lebens⸗ und
2312 4053 3346 4102 Schaffensweiſe, nicht an ſeiner Philoſophie geht er zu
2312 4095 3347 4147 Grunde — gleichfalls wie Nietzſche. Er iſt ein pſychologi⸗
2312 4139 3344 4190 ſches Problem, kein philoſophiſches. Und wegen dieſer Aus⸗
2313 4181 3340 4231 geſtaltung des Romans haben wir die „Oſterinſel“ von
2308 4225 3342 4273 Wilbrandt als den Ausdruck ſeiner Stellungnahme zu
2309 4268 3350 4315 Nietzſche bezeichnet. Der Roman iſt eine Kritik in dichteri⸗
2309 4310 3343 4361 ſcher Form: der Dichter urtheilte über Nietzſche, indem er
2311 4354 3339 4401 die Grundform des Originals in ſeiner freien Schöpfung
2311 4396 3341 4446 nachbildete, er läßt uns durch Bilder und Anſchauungen
2312 4440 3342 4489 zur Erkenntniß des Sachverhaltes in der Natur kommen.
2400 4482 3342 4533 Die Handlung des Romans wollen wir, obzwar da ſehr
2308 4525 3341 4575 viel zu ſagen wäre, hier nicht nacherzählen, um ihm nicht
2310 4568 3342 4617 den Reiz der Spannung bei unſeren Leſern zu nehmen.
2310 4610 3346 4659 Nur ſo viel ſei noch geſagt, daß Wilbrandt in den mit⸗
2310 4653 3340 4703 ſpielenden Geſtalten ſein Beſtes in der Charakteriſtik von
2312 4697 3347 4744 Männern und Mädchen und das Anmuthigſte in humori⸗
2312 4739 3346 4790 ſtiſchen Zwiſchenſpielen leiſtete. Dr. Karl Schweizer, der
2313 4783 3343 4831 Mann nach ſeinem Herzen, reiht ſich ſeinen ſchönſten
2310 4826 3345 4876 Mannesgeſtalten an und iſt — merkwürdigerweiſe — auch
2313 4869 3349 4921 ein junger Arzt, wie die meiſten Ideale der jüngſten Lite⸗
2311 4912 3344 4963 ratur, die Wilbrandt ſo wenig mag. Auch dem Romantiker
2315 4955 3343 5004 Wilbrandt erſcheint demnach ein Naturwiſſenſchaftler, der
2312 4997 3343 5048 zugleich ein Mann von Geiſt und Herz iſt, als der ſchönſte
2316 5041 3343 5091 Typus moderner Männlichkeit. So finden ſich in ihren
2317 5086 3355 5133 Idealen die alten und die neuen Dichter dennoch zuſammen
2316 5128 3302 5178 als Kinder ihrer Zeit. Moritz Necker.
