3346 5257
111 22 266 69 Seite 2
869 23 1150 77 Wien, Samstag
1416 31 2009 80 Neue Freie Presse.
2244 27 2485 74 5. Juli 1873
3052 28 3231 74 Nr. 3184
80 103 1119 156 nalen treten nicht nur der Antagonismus betreffs der Donau⸗
79 144 1119 195 frage, ſondern auch die Propaganda für den Panſlavismus offen
77 188 1120 239 hervor. So beſchäftigt ſich auch der Golos in zweien ſeiner
80 232 1120 280 letzten Artikel mit der „ſlaviſchen Frage“, ſowie mit der
79 274 1120 327 „Lage der Slaven im öſterreichiſchen Kaiſerreich“. Es iſt
74 316 1118 370 tief bedauerlich — aber die deutſche Preſſe hat die Pflicht,
76 358 1117 413 darüber das Publicum fortlaufend in Kenntniß zu halten —
76 401 1118 453 daß die literariſchen Wortführer an der Newa wie an der
72 444 1119 496 Moskwa ſich unausgeſetzt an die Spitze der gegen den
75 487 1119 540 „Germanismus“ zu Felde ziehenden Propaganda ſtellen
74 532 1118 584 und auch ihrerſeits die Gemüther in der ſlaviſchen Welt
73 574 1118 628 beſtändig in Aufregung erhalten. Wir ſchweigen hier über
65 615 1117 669 den Artikel, welchen das genannte ruſſiſche Organ unlängſt
72 659 1117 710 über „die Lage der Polen in Preußen“ brachte, halten es aber
73 702 1115 753 nicht für unwerth, den Inhalt der beiden anderen Artikel
70 746 1117 800 zu ſkizziren, in welchen die Leidenſchaftlichkeit gegen Oeſterreich
71 791 1115 841 nur noch durch die Gehäſſigkeit gegen Deutſchland übertroffen
72 830 1118 880 wird.“ — So das Breslauer Blatt. Die Artikel des Golos
72 874 1116 924 enthalten bekanntes Gezeter wider Oeſterreich. Das Bemer⸗
73 917 1114 971 kenswertheſte an ihnen iſt, daß aus Ex⸗Miniſter Schaeffle's
73 959 1114 1013 Schriften Citate veröffentlicht werden, denen zufolge „für die
70 1003 1115 1058 öſterreichiſchen Slaven die einzige logiſche Conſequenz der
70 1043 1114 1098 Panſlavismus“ ſei, und daß die Schleſiſche Zeitung der Re⸗
70 1090 1115 1143 production die Worte anfügt: „Soll man ſich wundern,
69 1132 1114 1183 wenn bei ſolcher Sprache ruſſiſcher gemäßigter Organe die
72 1174 1114 1228 öſterreichiſchen Generalſtabs⸗Officiere ſich wiſſenſchaftlich mit
70 1218 1112 1273 dem ruſſiſch⸗öſterreichiſchen Kriegsſchauplatz vertraut zu machen
70 1258 227 1310 ſuchen?“
158 1303 1111 1356 Die ruſſiſche Börſenzeitung antwortet in ſehr gereiztem
70 1347 1112 1402 Tone auf die Commentare engliſcher Blätter zur ruſſiſchen
70 1389 1110 1441 Politik in Central⸗Aſien. Nachdem in einem lang⸗
70 1433 1111 1488 athmigen Artikel der Nachweis dafür verſucht wird, daß
68 1476 1114 1529 England nichts gegen Rußland auszuführen im Stande ſei,
64 1519 1112 1575 heißt es ſchließlich: „Man ſchreibt England die Abſicht zu,
67 1561 1109 1614 Perſien zu einem neutralen Staate zu erklären.
68 1605 1112 1659 Würde aber England ſich in der Lage befinden, ſolche Neu⸗
65 1646 1112 1700 tralität auch zu vertheidigen? England kennt ſeine Schwäche
68 1689 1110 1746 ſehr wohl, und wir ſind deſſen gewiß, daß, wenn Frankreich
64 1733 1112 1787 oder Deutſchland etwa Belgien angreifen wollte, England,
66 1777 1110 1827 ungeachtet ſeiner für die Neutralität dieſes kleinen Staates
66 1819 1109 1873 übernommenen Garantie, nicht für Belgiens Vertheidigung
68 1861 371 1904 eintreten würde.“
150 1903 1112 1959 Die Nachricht von dem Gelingen der Baker'ſchen
65 1944 1113 2001 Expedition in Inner⸗Afrika erregt in England Freude,
69 1989 1110 2041 da zuvor der Tod des Genannten gemeldet worden war.
68 2032 1110 2088 Indeſſen verurſacht es Kopfſchütteln, daß gleichzeitig gemel⸗
67 2076 1111 2129 det wird, alles afrikaniſche Territorium bis zum Aequator
64 2118 1110 2173 ſei im Namen des Vicekönigs von Egypten annectirt,
66 2162 1112 2215 der Weg nach Zanzibar ſtehe offen und die Unterdrückung
66 2203 1110 2255 des Sklavenhandels ſei eine ausgemachte Sache. Bei aller
65 2247 1108 2301 Achtung vor der Wahrheitsliebe des kühnen Reiſenden und
66 2289 1108 2347 Eroberers können ſich engliſche Blätter nicht des Zweifels
65 2333 1110 2388 enthalten, daß ihr Landsmann, der von 3000 mitgenomme⸗
64 2376 1110 2431 nen Soldaten nur 300 lebendig zurückbrachte, in der That
62 2417 893 2471 ſolche erſtaunliche Reſultate erzielt haben ſollte.
201 2498 985 2564 Das amerikaniſche Feſt in Wien.
143 2565 1113 2614 Die geſtern gehaltenen Feſtreden dehnten ſich bis zu ſpäter
65 2603 1111 2653 Stunde aus. Wir heben aus den Toaſtreden des amerikaniſchen
62 2641 1110 2692 Geſandten Mr. Jay und des Colonel Knox einige Haupt⸗
65 2681 1112 2732 ſätze hervor. Mr. Jay's Rede, an den Toaſt auf den Präſi⸗
61 2720 1112 2772 denten der Vereinigten Staaten anknüpfend, galt zugleich der
66 2756 1109 2811 Bedeutung des Tages in Verbindung mit der Wiener Welt⸗
62 2797 1112 2849 ausſtellung; Colonel Knox beantwortete den Toaſt auf
62 2835 579 2885 die Preſſe. Mr. Jay ſagte:
149 2884 1110 2934 Die bedeutungsvollſte Antwort auf den Toaſt, den zu erwidern
66 2916 1112 2969 ich berufen bin, iſt bereits durch Ihre Cheers ertheilt worden, und
66 2950 1110 2998 amerikaniſche Cheers ſind nie mehr amerikaniſch in ihrem be⸗
64 2986 1113 3034 geiſternden Klange, als wenn ſie auf fremdem Boden abgegeben
65 3021 1113 3069 werden, um die Geſundheit des Präſidenten zu feiern, der, indem er
62 3056 1111 3102 den Sitz Waſhington's einnimmt, die Länge und Breite, die Einheit
64 3090 657 3131 und Würde unſerer Republik vertritt.
150 3124 1111 3172 Es drückt unſerer Zuſammenkunft in dieſer glänzenden Hauptſtadt
63 3158 1111 3206 einen charakteriſtiſchen Stempel auf, daß ſich in Ihre Beifallsrufe
64 3193 1112 3242 die Stimmen der verſchiedenen Nationalitäten gemiſcht haben, deren
1156 108 2193 154 ausgezeichnete Vertreter uns mit ihrer Gegenwart beehren; und es
1156 144 2194 185 iſt intereſſant, dabei zu denken, wie viel thatſächliche Ueberein⸗
1155 178 2193 219 ſtimmung zwiſchen dieſer republikaniſchen Feier und der kaiſerlichen
1155 211 2194 257 Induſtrie⸗ und Kunſtausſtellung waltet, welche den jüngſten, den
1156 248 2128 292 weiſeſten und beſten der Wiener hiſtoriſchen Congreſſe darſtellt.
1237 282 2196 323 Die Vereinigten Staaten waren mit unter den erſten der
1153 314 2195 358 Mächte, welche den großartigen Plan des Baron Schwarz⸗Senborn
1153 350 2195 394 freudig begrüßten; und im Januar 1872 drückte mir Se. Excellenz
1153 384 2193 428 Graf Andraſſy ſeine große Befriedigung darüber aus, daß er durch
1153 418 2194 463 die öſterreichiſch⸗ungariſche Geſandtſchaft in Erfahrung gebracht, ein
1152 454 2195 496 wie freundliches Intereſſe von unſerer Regierung der patriotiſchen
1152 488 2194 530 Abſicht der leitenden Staatsmänner Oeſterreichs entgegengebracht
1153 523 2192 567 werde. Der Präſident erklärte hierauf, und ſeine Worte wurden
1154 555 2192 600 durch den Telegraphen in jeder Sprache Europas weitergetragen,
1149 590 2193 632 daß die Tendenz dieſes Unternehmens in der Richtung einer vor⸗
1150 624 2191 667 geſchrittenen Civiliſation liege, in der Hebung von Induſtrie und
1152 660 2192 703 Arbeit und in der Beförderung der Zunahme menſchlicher Glück⸗
1151 693 2192 737 ſeligkeit ſowol, als des größeren Verkehres und guten Einverneh⸗
1151 727 2192 769 mens unter den Nationen. In derſelben Botſchaft gedachte er
1149 762 2190 804 unſerer kommenden hundertſten Jahresfeier, deren Herannahen uns
1151 795 2193 839 ein erhöhtes Intereſſe an dem Wirken dieſer Ausſtellung verlieh,
1150 830 2190 873 indem es ein Jahrhundert beiſpielloſen Fortſchrittes bezeichnet und
1152 864 2057 907 dazu dient, herzliche internationale Beziehungen zu ſichern.
1234 897 2190 942 In dieſer großherzigen Nebenbuhlerſchaft gehen Oeſterreich⸗
1150 932 2192 977 Ungarn und Amerika Hand in Hand; und die Miſſion einiger un⸗
1150 967 2190 1011 ſerer erfahrenen Landsleute, welche ich heute Abend hier erblicke,
1150 1001 2191 1046 iſt es, unſerer jungen Republik bei der Vollendung ihres erſten
1148 1034 2190 1079 Jahrhunderts in dem Verſuche der Wettbewerbung bei dem Feſte der
1149 1068 2190 1113 Induſtrie beizuſtehen, dieſem erhabenen Triumphe, verwirklicht von
1151 1105 2191 1148 dem Kaiſer, deſſen Vorfahren ſechs Jahrhunderte hindurch den Thron
1150 1140 2189 1183 dieſes alten Reiches eingenommen und auf deſſen Einladung die
1149 1172 2188 1218 Nationen der Welt ihren edelſten Tribut an die Cultur des Zeit⸗
1150 1208 1684 1248 alters nach Wien entrichtet haben.
1235 1242 2189 1286 Eines der hervorſtechendſten Merkmale der Ausſtellung, wel⸗
1149 1277 2191 1322 ches, wie die „Neue Freie Preſſe“ dies ausgeſprochen, das ſchönſte
1148 1310 2188 1355 und bleibendſte derſelben zu werden verſpricht, wird der internatio⸗
1147 1345 2190 1389 nale Patentſchutz⸗Congreß ſein, der theilweiſe einer Anregung des
1145 1380 2188 1422 Präſidenten zu verdanken iſt. Zu dieſem Congreß hat unſere Re⸗
1147 1413 2190 1457 gierung einen der erfahrenſten Herren unſeres Privilegien⸗Amtes
1147 1448 2188 1492 abgeordnet. Wenn unſere erfindungsreichen Landsleute und deren
1146 1482 2188 1528 Mitarbeiter in England und auf dem Continent zu einer glücklichen
1147 1516 2189 1561 Uebereinſtimmung über die einzuſchlagende Politik gelangen können,
1148 1549 2187 1595 ſo iſt ihnen hier eine ſeltene Gelegenheit zu ihrem gemeinſamen
1145 1585 1427 1626 Vortheile geboten.
1234 1620 2188 1663 In Einer Hinſicht mag Amerika weniger denn irgend ein
1147 1653 2189 1696 anderes Land an der Aufſtellung eines internationalen Patent⸗
1148 1690 2186 1732 ſyſtems intereſſirt erſcheinen; denn die Verweigerung von Patent⸗
1147 1724 2187 1766 ſchutz in was immer für einem Lande hat zumeiſt die Wirkung, daß
1146 1758 2190 1801 die erfinderiſchen Geiſter ſich unſeren Ufern zuwenden, wie unſere
1145 1792 2187 1835 Patentamts⸗Regiſter zeigen. Wenn aber ein allgemein giltiges Syſtem
1145 1826 2189 1869 auf dem bevorſtehenden Congreſſe aufgeſtellt werden kann, wonach
1144 1862 2188 1902 ein in Waſhington, in London, Paris, Berlin oder Wien verliehe⸗
1145 1896 2186 1936 nes Patent durch ganz Europa und Amerika hindurch reſpectirt
1143 1930 2189 1970 werden würde, ſelbſt wenn es geeignet ſein ſollte, den großen, mit
1146 1963 2188 2006 den Elementen des National⸗Reichthums befrachteten Geiſtesſtrom,
1145 1998 2188 2038 der jetzt ſeinen Weg weſtlich über den atlantiſchen Ocean nimmt,
1145 2032 2187 2074 aufzuhalten, wird es nicht ein neues Band ſchaffen zwiſchen den
1146 2066 2188 2109 Nationen und neue Stärke verleihen der internationalen Freundſchaft?
1222 2106 2187 2155 In Beantwortung eines Toaſtes auf die Preſſe legte
1144 2145 2186 2193 Colonel Knox dagegen Verwahrung ein, nach den Ausſchreitun⸗
1147 2185 2186 2232 gen einzelner amerikaniſcher Blätter, welche nicht als echte Ver⸗
1146 2223 2187 2273 treter der Preſſe gelten könnten, den Ton und die Geſinnung der
1144 2261 1975 2311 amerikaniſchen Preſſe zu beurtheilen, und fuhr fort:
1228 2308 2184 2353 Ich möchte behaupten, daß die Preſſe ein wirkſames, ja das
1145 2345 2184 2388 wirkſamſte Mittel iſt, die Völker des Erdballes mit einander be⸗
1145 2379 2182 2421 kannt zu machen und ſie zur Einheit der Gedanken und Zwecke zu
1145 2414 2185 2455 bringen. Vor hundert Jahren gab es noch wenige Zeitungen; es
1144 2448 2184 2488 gab keinen Telegraphen, keine Eiſenbahnen, keine Mittel für raſchen
1144 2482 2186 2521 Verkehr. Von einem großen Ereigniß ſprach man nur in einem Um⸗
1145 2513 2185 2553 kreiſe von fünfzig oder hundert Meilen, am nächſten Tage in einem
1145 2547 2187 2588 weiteren Kreiſe von fünfzig oder hundert Meilen, und ſo Tag um
1147 2579 2186 2622 Tag fort in Kreiſen, die häufig in dem Grade, als ſie an Umfang
1143 2615 2186 2655 gewannen, unkenntlicher wurden. Wie aber finden wir es jetzt?
1144 2650 2185 2692 Mit Hilfe des Blitze verſendenden Telegraphen und der Blitze ver⸗
1146 2685 2183 2728 ſendenden Preſſe wird ein großes Ereigniß, das ſich heute
1145 2720 2183 2763 begibt, von einem Ende der Erde zum anderen verkündet, und
1146 2755 2185 2797 die Bewohner von Wien und Newyork, St. Petersburg und
1145 2790 2184 2831 San Francisco, London und Melbourne, Montreal, Shanghai und
1145 2824 2187 2866 Yokohama leſen in dem gleichen Augenblicke die Depeſche, welche
1145 2858 2183 2898 das Ereigniß meldet, und beſprechen in dem nämlichen Momente
1148 2893 2186 2933 ſeine Rückwirkungen auf Handel und Civiliſation in der ganzen
1147 2926 2187 2967 Welt. Ohne Selbſtüberhebung kann die Preſſe einen wichtigen Platz
1146 2960 2188 3002 unter den Förderungsmitteln beanſpruchen, welche zur Brüderlich⸗
1146 2995 2184 3035 keit der Völker hinleiten, und ihre Freunde müſſen insgeſammt er⸗
1146 3026 2188 3070 freut ſein über die hervorragende Stelle, welche der Druckerpreſſe
1146 3063 2187 3104 in der Ausſtellung der induſtriellen Fortſchritte der Welt, welche zu
1148 3096 2184 3138 beſchauen ſo Viele von uns hiehergekommen ſind, zu Theil gewor⸗
1150 3130 2187 3173 den iſt. In der That, die Freunde und Verehrer der Preſſe heißen
1146 3166 2186 3207 die Weltausſtellung als ein großes Mittel willkommen, Harmo⸗
1149 3202 2189 3243 nie und Freundſchaft unter den Völkern zu fördern; wie
2228 110 3270 154 in jedem folgenden Jahre die Preſſe größer und mächtiger denn
2229 146 3265 188 zuvor wird, ſo hat jede ſpätere Ausſtellung der Welt⸗Induſtrie ihre
2230 178 3268 221 Vorgänger übertroffen. Nationen, die früher ſich abſeits hielten,
2229 215 3264 255 kommen nun hervor und fordern einen Platz, und wir dürfen ver⸗
2229 250 3266 289 trauensvoll uns der Erwartung hingeben, daß, ehe noch das gegen⸗
2230 282 3266 324 wärtige Jahrhundert zur Neige geht, Wien eine zweite Ausſtellung
2227 318 3265 359 veranſtalten wird, gegen welche die jetzige als eine zwerghafte er⸗
2227 352 3267 391 ſcheinen und in Unbedeutendheit verſinken wird. Wir haben heute
2229 386 3265 426 die größte induſtrielle Entfaltung vor uns, welche die Welt je ge⸗
2229 420 3269 461 ſehen; welches Schauſpiel wird ſich uns in fünfundzwanzig Jahren
2229 455 3265 494 von heute ab darbieten? Noch vor wenigen Jahren waren China
2229 488 3263 530 und Japan der Außenwelt beinahe unbekannte Länder; heute
2229 524 3266 564 ragen ſie unter den Nationen hervor. In fünfundzwanzig Jahren
2229 557 3265 598 von heute an werden die Vertreter der bis nun der Welt verſchloſ⸗
2228 592 3266 631 ſenen Länder von Central⸗Aſien kommen; vom Stillen Ocean wer⸗
2228 627 3264 667 den die Tribut⸗Ueberbringer mit den Erzeugniſſen jener herrlichen
2226 660 3263 701 Inſeln der See erſcheinen; der eiſige und unwirthliche Norden,
2227 695 3263 735 wenngleich kalt dem Klima nach, wird es nicht länger dem Blute
2225 730 3266 769 nach ſein, und auch das Land, aus welchem das Unternehmen einer
2226 764 3262 804 amerikaniſchen Zeitung Kunde gebracht hat von den Mühen und
2228 797 3261 839 Erforſchungen jenes heldenmüthigen Miſſionärs David Livingſtone,
2230 831 3263 872 auch Afrika wird mit ſeinem Elfenbein, ſeinem Gold und ſeinen
2228 866 3265 907 Specereien erſcheinen, und Aethiopien, aus barbariſcher Finſterniß
2226 899 3263 942 zum Lichte der Civiliſation emporgetaucht — Aethiopien wird ſeine
2226 935 2660 976 Hände zu Gott emporheben.
2303 975 3262 1020 In dem vorletzten Toaſte auf das „Vaterland in Amerika“,
2228 1014 3264 1059 wobei zu bemerken, daß unter dem Ausdruck „Fatherland“ in
2226 1051 3264 1100 England wie in Amerika das deutſche Vaterland verſtanden zu
2225 1092 3261 1139 werden pflegt, ſagte Mr. Lewis Seaſongood (von der ame⸗
2223 1128 2828 1177 rikaniſchen Ausſtellungs⸗Commiſſion):
2299 1167 3262 1214 „Mögen freiere Ideen und politiſche Stimmungen in Ame⸗
2224 1206 3260 1251 rika die ſchönen Sitten des deutſchen Vaterlandes und deſſen Ge⸗
2224 1245 3263 1292 müthlichkeit nie verſchwinden machen. Möge der Deutſche unter
2225 1284 3262 1328 allen Verhältniſſen und in allen Theilen der Welt immer das
2224 1322 3264 1368 Muſter des wahren Fortſchrittes bleiben und in ſeinem Adoptiv⸗
2224 1361 3263 1407 Vaterlande dem alten Vaterlande nur Achtung und Ehre be⸗
2223 1400 2349 1436 reiten.“
2465 1480 3028 1543 Aus dem Gerichtsſaale.
2309 1555 3263 1600 Wien, 5. Juli. [Orig.⸗Ber.] (Betrugsproceß gegen
2224 1591 3266 1634 den Central⸗Bauverein. — Fortſetzung.) Zu Beginn des heu⸗
2224 1625 3263 1668 tigen Verhandlungtages, welcher der Fortſetzung des Zeugenver⸗
2225 1660 3260 1700 höres gewidmet war, bat Dr. Mandl für ſeinen Clienten Alois
2224 1695 3263 1737 Weiner um die Erlaubniß, jenem Theile der Verhandlungen, der
2226 1730 3261 1771 nicht auf ihn Bezug hat, fern zu bleiben. Der Gerichtshof wird
2227 1763 3264 1807 über dieſen Antrag, gegen welchen ſich Staatsanwalt Graf Lame⸗
2225 1799 2817 1840 zan ausſprach, ſpäter ſchlüſſig werden.
2306 1831 3263 1873 Heinrich Zuckert, Schwager des Joachim Weintraub, der
2225 1865 3262 1906 für geſtern als Zeuge vorgeladen war und erſt für heute durch einen
2225 1901 3259 1941 Detective geſtellt werden mußte, wird zunächſt über den Aufent⸗
2227 1935 3261 1974 halt ſeines Schwagers Weintraub vernommen. Er erklärt, von
2226 1970 3263 2009 demſelben ſeit ſechs Monaten nichts gehört zu haben. Eine Note
2224 2002 3262 2044 der Polizei theilt mit, daß Weintraub vor etwa vierzehn Tagen
2228 2036 3159 2075 aus ſeiner bisherigen Wohnung nach Rußland abgereiſt ſei.
2288 2067 3264 2111 Zuckert's Mitwirkung bei den von Weintraub für den Central⸗
2223 2103 3267 2143 Bauverein abgeſchloſſenen Geſchäften, über welche er einvernommen
2222 2138 3265 2179 wird, beſtand darin, daß er von Weintraub bei jenen Geſchäften,
2222 2174 3264 2214 in welchen dieſer ſelbſt wegen ſeiner Stellung als Bevollmächtigter
2222 2208 3263 2249 des Vereines nicht eine Proviſion von der Gegenpartei begehren
2221 2244 3264 2282 konnte, vorgeſchoben wurde. Sein Vortheil bei dieſem Geſchäfte be⸗
2221 2276 3266 2318 ſtand in 5500 fl. in Antheilſcheinen, wovon er 30 Stück zu 46 fl.,
2221 2314 3063 2352 40 Stück zu 25 fl. verkaufte und den Reſt noch beſitzt.
2305 2345 3263 2386 Präſ.: Weintraub ſoll noch während der Unterhandlungen
2223 2378 3260 2421 um einen Hauskauf von Grünsfeld in Hernals eine Proviſion in
2220 2413 3259 2454 Antheilſcheinen erhalten haben, welche Scheine er nicht zurückſtellte,
2220 2448 3255 2488 nachdem der Kauf nicht perfect wurde. — Zuckert: Das iſt richtig
2306 2482 3261 2520 Präſ.: Was war die Urſache des Verkaufs der Dornbacher
2222 2513 3264 2553 Gründe Weintraub's an den Verein? — Zuckert: Sie wurden
2220 2546 3264 2589 ihm vom Verein abgekauft als Entſchädigung für den Entgang der
2222 2578 3127 2620 Starhemberg'ſchen Häuſer, die ihm früher zugeſagt waren.
2306 2612 2795 2656 Zeuge wird unbeeidet entlaſſen.
2304 2647 3263 2691 Zeuge Katzmayer trat im September 1872 in den Ver⸗
2222 2683 3265 2726 waltungsrath ein, doch erlaubten ihm ſeine anderweitigen Beſchäf⸗
2222 2721 3262 2762 tigungen nicht, irgend welchen Antheil an den Geſchäften des
2221 2755 3261 2797 Vereines zu nehmen und irgend einen genaueren Einblick in den
2222 2790 3263 2831 Stand des Unternehmens zu gewinnen. In der General⸗Ver⸗
2221 2825 3260 2865 ſammlung vom 6. October wurde er zu ſeinem Schrecken aus den
2221 2857 3263 2898 von Dr. Schweinburg erhobenen Angriffen inne, in welche Geſell⸗
2221 2892 3263 2930 ſchaft er gerathen ſei, und legte ſofort am nächſten Tage ſeine Stelle
2223 2924 3266 2962 nieder. Zur „Prüfung“ der Bilanz am 20. September war er
2223 2957 3264 3000 einige Tage früher aufgefordert worden, und hatte ſeinen Dispo⸗
2221 2992 3261 3034 nenten mit dieſer Aufgabe betraut, dem man eben nur die Bilanz
2222 3026 3260 3068 vorwies und die Uebereinſtimmung der einzelnen Poſten mit den
2225 3060 2755 3102 in den Büchern enthaltenen zeigte.
2308 3094 3263 3138 Später, am 24. October, als man einen fünften Verwaltungs⸗
2222 3128 3263 3173 rath zum Abſchluß des Brigittenauer Verkaufes benöthigte, wurde
2224 3163 3262 3206 Katzmayer von Vasquez aufgeſucht und gebeten, nochmals, wenn
2224 3200 3266 3241 auch nur für kurze Zeit, in den Verwaltungsrath einzutreten.
142 3276 1110 3332 [Selbſtmorde.] Der 44 Jahre alte Paul Holzmann,
61 3314 1112 3370 Kupferdrucker in der Nationalbank, hat ſich heute Morgens in
65 3354 1110 3408 ſeiner Wohnung, Joſephſtadt, Stolzenthalergaſſe Nr. 8, erſchoſſen.
64 3391 1110 3446 Ein ſchweres körperliches Leiden war das Motiv der That. —
62 3430 1109 3482 Aus Brody wird uns unterm 3. Juli berichtet: Iſaak Pa⸗
62 3468 1111 3525 pernik, einer der geachtetſten Bürger Brodys, ließ ſich von
63 3507 1111 3563 ſeinem Sohne und Schwiegerſohne — Erſterer war Arrangeur
64 3546 1110 3602 an der Wiener Börſe — verleiten, an der Börſe zu ſpecu⸗
67 3585 1114 3640 liren. Durch den plötzlich hereingebrochenen „Krach“ verlor er
64 3624 1112 3676 nicht nur ſein eigenes Geld, ſondern auch viele fremde bei ihm
63 3663 1111 3718 deponirte Gelder und blieb ſchließlich noch gegen vierzigtauſend
66 3701 1113 3755 Gulden ſchuldig. Von den Gläubigern gedrängt, das drohende
66 3739 1111 3794 Geſpenſt des Gerichtes wegen des Angreifens deponirter Gelder
66 3776 1110 3833 vor ſich erblickend, blieb ihm nichts Anderes übrig, als ſich den
64 3817 1110 3870 Tod zu geben. Heute Früh gegen 4 Uhr ſchrieb er an ſeine Fa⸗
65 3856 1113 3914 milie einige Briefe, in denen er ſie um Verzeihung bat, daß er
63 3894 1112 3948 ihr ſo vielen Schmerz bereite, bedauerte, daß er die Hochzeit ſei⸗
63 3933 1112 3987 nes Sohnes, die demnächſt ſtattfinden ſollte, nicht erleben könne,
62 3971 1112 4024 nahm Abſchied von ſeinen Verwandten und bezeichnete den Ort,
65 4011 1110 4063 wo er ſich den Tod zu geben beabſichtigte. Der Brief war von
62 4048 1109 4103 Thränen, die er beim Schreiben vergoſſen hatte, ganz durchnäßt.
63 4088 1111 4142 Hierauf ging Papernik zum Brunnen, der in ſeinem Hofe ſich
65 4127 1108 4178 befand, entledigte ſich ſeiner Oberkleider, ſetzte ſich in den Waſſer⸗
67 4165 1111 4218 ſchöpfer und ließ ſich in den Brunnen hinunter, wobei er durch
66 4203 1111 4254 Befeſtigung des Eimers Sorge trug, daß man ihn im Falle der
66 4242 1109 4295 Entdeckung nicht ſo leicht hinaufziehen könne. Es ſcheint, daß die
63 4279 1109 4331 Familie etwas von dem Vorhaben geahnt hatte, denn als ſie Mor⸗
64 4321 1109 4371 gens die Abweſenheit des Familien⸗Oberhauptes wahrnahm, ſchlu⸗
64 4359 1110 4410 gen die Leute Lärm und begannen ihn zu ſuchen, jedoch verge⸗
63 4398 1113 4451 bens. Erſt als man Papernik's Briefe las, eilte man zum Brun⸗
67 4436 748 4486 nen und zog ihn als Leiche aus der Tiefe.
143 4493 1111 4546 [Egyptiſche Augenkrankheit.] Die in der k. k.
63 4531 1112 4587 Waiſenanſtalt zu Judenau wegen des Vorkommens der egyptiſchen
62 4569 1111 4626 Augenkrankheit, wie ſeinerzeit gemeldet wurde, getroffenen Maß⸗
65 4610 1112 4666 regeln, als: Abſonderung der Erkrankten, Einführung von
61 4648 1111 4702 Parallelelaſſen, beſſere Verſorgung mit friſchem Waſſer u. ſ. w.,
62 4685 1110 4739 haben bereits zu einer Beſſerung geführt, indem nach der am
63 4725 1112 4778 29. Juni d. J. von dem Primarius des Rudolphs⸗Spitals,
62 4759 1112 4816 Dr. Koller, dort vorgenommenen Unterſuchung die Zahl der in
64 4801 1113 4854 höherem und minderem Grade leidenden Kinder, namentlich in
65 4841 1114 4890 Folge der abgeſonderten Unterbringung eines Theiles der Kinder
67 4878 1114 4930 in dem neu erbauten Gebäudetheile, von 93 auf 68 geſunken iſt
63 4917 1113 4972 und ſomit die Erwartung, daß der erwähnten Augenkrankheit
61 4956 897 5010 endlich Einhalt gethan werde, gerechtfertigt erſcheint
1222 3286 2187 3333 [Ein Intermezzo bei der Fahrt des Kron⸗
1143 3325 2189 3371 prinzen.] Man ſchreibt uns aus Prevali, am 3. Juli:
1144 3364 2188 3408 Heute paſſirte der Kronprinz auf ſeiner Durchreiſe nach Klagen⸗
1144 3402 2188 3450 furt die Station Prevali, wo der Hofzug einige Minuten Aufent⸗
1146 3441 2188 3488 halt hatte. Obgleich der hieſige Gemeinde⸗Ausſchuß beabſichtigt hatte,
1147 3480 2188 3524 in corpore auf dem Perron zu erſcheinen, ſo mußte er es unter⸗
1145 3516 2187 3565 laſſen, weil jeder officielle Empfang unterſagt war, wie dem Bür⸗
1146 3557 2189 3604 germeiſter von der Bezirkshauptmannſchaft auf ſeine perſönliche
1145 3596 2188 3644 Anfrage hin mitgetheilt wurde, wobei Erſterem noch aufgetragen
1146 3636 2189 3682 wurde, die hieſige Bahnverwaltung zu benachrichtigen, daß der
1147 3671 2189 3720 Perron Privaten ſowol als Corporationen verſchloſſen bleiben
1148 3711 2188 3760 ſolle. Der Bürgermeiſter begab ſich ſelbſt auf den Bahnhof, um
1146 3749 2189 3798 bei der Hand zu ſein, falls während des Aufenthaltes irgend ein
1146 3788 2189 3836 Wunſch geäußert werden ſollte. Zu ſeinem nicht geringen Erſtaunen
1146 3825 2190 3875 ſah er jedoch, daß die Geiſtlichkeit von Prevali und Umgebung in
1147 3867 2188 3912 corpore erſchien und Einlaßkarten auf den Perron vom Stations⸗
1146 3904 2188 3950 Chef erhielt. Auf das hin ſtellte der Bürgermeiſter den Letzteren
1147 3944 2190 3990 zur Rede, der jedoch die Aufträge der politiſchen Behörde zu igno⸗
1146 3983 2187 4029 riren ſich berechtigt glaubte, indem er behauptete, als Stations⸗
1146 4020 2190 4066 Chef allein Herr im Hauſe zu ſein. Als nun die Geiſtlichkeit
1145 4058 2189 4105 ſich auf den Perron verfügte, ging auch der Bürgermeiſter auf
1146 4098 2188 4144 denſelben, wurde aber von dem Stations⸗Chef abgewieſen, und
1144 4137 2190 4184 zwar in ganz feierlicher Weiſe, indem Letzterer vor zwei beigezo⸗
1145 4175 2188 4222 genen Zeugen den betreffenden Paragraph der Dienſtordnung vor⸗
1144 4214 2190 4261 las und den Bürgermeiſter aufforderte, ſich zu entfernen, welchem
1145 4250 2191 4300 Anſinnen derſelbe auch ſofort Folge leiſtete. Dies zur Aufklärung,
1146 4291 2189 4333 warum in der liberalen Induſtrie⸗Gemeinde Prevali mit circa
1148 4328 2189 4374 6000 Einwohnern und einem Gemeinde⸗Ausſchuſſe von 18 Mit⸗
1143 4367 2190 4416 gliedern blos die Geiſtlichkeit zum Empfange des Kronprinzen
1145 4406 2189 4452 auf dem Bahnhofe anweſend war. Es entſteht nun vor Allem die
1144 4444 2190 4496 Frage, von wem hatte der Stations⸗Chef den Auftrag, die Geiſt⸗
1146 4482 1940 4532 lichkeit und nur dieſe zum Empfange zuzulaſſen?
1224 4539 2190 4590 [Das Erdbeben vom 29. Juni.] Das Erdbeben
1143 4579 2190 4629 vom letzten Sonntag iſt allen Berichten nach am heftigſten und
1145 4618 2190 4667 verheerendſten in der Umgebung von Belluno aufgetreten. Die
1144 4656 2191 4705 Erderſchütterungen dauerten in jener Gegend auch noch am 30.
1145 4693 2191 4743 Juni und 1. Juli in ſchwächerer Weiſe fort. Bei Alpago war
1145 4736 2194 4782 am 1. der Boden in fortwährender Bewegung. Die Brunnen
1147 4773 2193 4819 von Belluno zeigten auffallende Erſcheinungen; ihr Waſſer ver⸗
1149 4810 2192 4858 ſiegte mehrere Stunden lang und brach dann wieder ungleich⸗
1144 4850 2194 4896 mäßig hervor. Dasſelbe wird auch aus anderen Orten berichtet,
1144 4888 2192 4933 z. B. aus Lavine di Chies. Der Schaden an Gebäuden, be⸗
1146 4926 2191 4975 richtet der Syndicus von Belluno, ſtellt ſich immer größer heraus
1147 4965 2194 5012 und überſteigt alle Mittel der Abhilfe. Es ſind inzwiſchen
2222 3282 3264 3332 Pionniere und Genieſoldaten nach Belluno beordert worden. Unter
2222 3322 3263 3372 den unbewohnbar gewordenen Gebäuden ſteht die Präfectur obenan.
2221 3358 3264 3409 Das ganze Amt hat ausziehen müſſen; das Lyceal⸗Gymnaſium
2222 3398 3267 3449 iſt noch zum Theil bewohnbar, die Normalſchule aber in ge⸗
2224 3437 3265 3488 fahrdrohendem Zuſtand. Mit ſehr vielen Privathäuſern verhält
2223 3476 3263 3523 es ſich ebenſo. Die Bevölkerung campirt größtentheils im
2223 3516 3264 3564 Freien. Erſchlagen wurden in Folge des Erdbebens in Belluno
2223 3553 3265 3602 ſelber nur vier Perſonen, außerdem mehrere verwundet; um ſo
2223 3594 3265 3640 ärger iſt der Verluſt an Menſchenleben in Dörfern, und zwar
2223 3631 3265 3680 zumeiſt in Folge des Einſturzes von Kirchen, denn die Kirche
2223 3669 3263 3717 von S. Pietro di Feletto iſt nicht die einzige, welche eingeſtürzt
2225 3708 3267 3757 iſt. In Cuſighe ſtürzte die Kuppel des Kirchthurmes ein, erſchlug
2223 3746 3265 3795 eine Perſon und verwundete mehrere; in Rogarè fiel die Kuppel
2223 3784 3262 3833 des Thurmes auf die Kirche und zerſtörte ſie theilweiſe; in Cor⸗
2224 3821 3262 3872 dignano ſtürzte die halbe Kirche ein, doch war zum Glück gerade
2224 3859 3265 3910 Niemand in derſelben anweſend. In Capella, wo eine Seite der
2223 3897 3265 3948 Kirche einſtürzte, iſt wieder ein Verwundeter geſtorben, in San
2224 3935 3268 3988 Pietro di Feletto zwei, in Sameſe ebenfalls zwei. Die Zahl der
2223 3974 3264 4027 Verwundeten betrug dort 41, darunter zwei Drittel ſchwer ver⸗
2224 4012 3268 4064 letzt, zumeiſt durch den Einſturz des Giebels der Kirche. Die
2224 4052 3265 4104 Gemeinde Pieve di Alzago iſt großentheils zerſtört; am 30. be⸗
2224 4091 3264 4142 grub man daſelbſt 11 erſchlagene Perſonen, viele Verwundete
2225 4130 3268 4183 waren in Zelten untergebracht. In Puos d'Alpago zählte man
2226 4168 3265 4218 10 Todte und viele Verwundete; auch dieſe Ortſchaft iſt faſt
2225 4215 2435 4260 ganz zerſtört.
2299 4259 3267 4317 [Defraudation bei der Ungariſchen Nord⸗
2225 4299 3267 4352 oſtbahn.] Peſter Blätter bringen die von der General⸗Direction
2225 4337 3267 4392 der Ungariſchen Nordoſtbahn herrührende gleichlautende Mit⸗
2225 4375 3270 4431 theilung, der Hauptcaſſier der Geſellſchaft habe mit Hinterlaſſung
2225 4415 3267 4465 eines Kaſſendeficits von 25,000 fl. das Weite geſucht. Wie uns
2227 4454 3270 4504 aus Peſt berichtet wird, ſoll außerdem ein bedeutender Abgang
2228 4492 3268 4547 an Depotpapieren, welche in der Hauptkaſſe der Geſellſchaft ver⸗
2226 4529 3271 4581 wahrt wurden, conſtatirt worden ſein. Der hiedurch verurſachte
2226 4566 3266 4619 Schaden dürfte ſich auf weit mehr als das Doppelte der oben
2225 4610 2705 4661 angegebenen Summe belaufen.
2304 4661 3267 4715 [Frau Lucca.] Engliſchen Blättern wird aus Newyork
2227 4699 3264 4753 geſchrieben: Der Eheſcheidungs⸗Proceß der Künſtlerin Pauline
2225 4737 3266 4790 Lucca iſt in der Supreme Court von Richter Fancher zu Ende
2227 4778 3263 4830 geführt worden, und hat der Richter, nachdem genügende Beweis⸗
2228 4815 3264 4869 gründe aus Berlin für eine Scheidung herbeigeſchafft worden
2228 4854 3266 4909 waren, die Scheidung der genannten Dame von ihrem Gemal,
2227 4892 3270 4948 dem Baron v. Rahden, decretirt. Frau Lucca hält ſich gegen
2228 4941 2615 4988 wärtig in Kingſton auf.
