2746 3589
643 168 1010 210 Seite 14. Nr. 4130.
1362 170 1884 217 Illuſtrierte Kronen⸗Zeitung.
2372 176 2642 220 1. Juli 1911.
226 211 511 246 Offene Stellen.
198 272 583 297 Ein Lehrjunge wird mit
168 301 583 326 zweijähriger Lehrzeit und
168 327 585 353 vollſtändiger Verpflegung auf⸗
167 353 585 382 genommen. Wien, 5. Bezirk,
168 382 585 408 Mitterſteig 10, Metallſchläge⸗
169 408 372 436 rei Fr. Paar.
506 411 586 436 5825
199 448 587 474 Junge, kräftige Leute vom
168 474 586 499 Lande werden als Taglöhner
168 500 586 528 für Wiener Fabrik geſucht.
167 528 587 555 Offerte unter „Fabriks⸗Ar⸗
168 553 587 580 beiter Nr. 5831“ an das An⸗
169 581 430 610 kündigungsbureau.
506 580 588 610 5831
203 621 584 644 Kartonage⸗Arbeiterinnen
170 647 586 673 werden bei hohem Lohn ſo⸗
170 674 586 702 fort aufgenommen. Pollak, 7.
171 702 514 729 Bezirk, Neuſtiftgaſſe 74.
503 731 586 752 15262
187 766 586 794 Federnſchmückerinnen ſowie
171 793 586 822 Hilfsarbeiterinnen werden
172 821 586 848 aufgenommen. Preifnik, 8.
164 848 586 876 Bezirk, Sanettyſtraße 3, Ecke
171 877 350 900 Blindengaſſe.
500 876 585 900 15278
200 913 585 938 Nette Bedienerin für Vor⸗
169 940 586 967 mittag geſucht. Lohn 20 K.
169 967 473 994 Burggaſſe 84, Tür 2.
501 968 583 993 15276
200 1005 586 1029 Buchdruckerei ſucht tüchtige
172 1030 586 1057 Einlegerin für Amerikaner.
169 1058 586 1085 5. Bezirk, Margaretenſtraße
170 1084 283 1111 Nr. 96.
489 1088 587 1108 15256
204 1123 585 1149 Tüchtige Vorrichterin und
170 1150 586 1176 Stepperin auf Stehumleg⸗
170 1177 585 1202 krägen werden aufgenommen.
172 1204 586 1231 16. Bezirk, Ottakringerſtraße
170 1232 554 1260 Nr. 208, 1. Stock, Tür 11.
474 1260 585 1281 B 1132
230 1329 513 1369 Korreſpondenz.
201 1391 586 1415 R. 176 wird um Nachricht
169 1419 584 1444 und Bekanntgabe der Adreſſe
169 1445 587 1473 gebeten von L. F. an de⸗
168 1473 586 1499 wußte alte Adreſſe, bin noch
168 1501 584 1527 dort. L. F. hat alles geord⸗
168 1526 584 1554 net, muß dich dringend
169 1554 289 1583 ſprechen.
494 1557 585 1582 15373
169 1623 571 1659 Allgemeiner Verkehr.
199 1686 568 1713 Ehrenerklärung. Bedauere,
168 1713 581 1741 Herrn J. Haltuf, ſtädt.
169 1741 581 1768 Dienſtmann, Lindengaſſe 42,
170 1768 585 1796 infolge Mißverſtändniſſe am
167 1795 583 1821 26. Mai 1911 beleidigt zu
170 1822 583 1850 haben, ſpreche ihm für den
167 1851 580 1875 mit mir am 23. Juni 1911
168 1877 582 1901 vor dem Gemeindevermitt⸗
168 1904 582 1931 lungsamte Fünfhaus ge⸗
167 1932 582 1957 ſchloſſenen Vergleich meinen
166 1958 583 1985 Dank aus. Wien, 1. Juli
167 1986 584 2014 1911, J. Herman, Clementin⸗
165 2014 342 2041 nengaſſe 27.
494 2015 584 2039 15277
197 2051 581 2078 Hündin, welche vom 1. bis
166 2078 581 2105 6. Juli wirft, als Amme ge⸗
168 2107 582 2134 ſucht. 4. Bezirk, Kolſchitzky⸗
167 2133 580 2160 gaſſe 1, in der Reſtauration.
496 2163 582 2183 15263
206 2196 537 2223 Hühneraugen! Warzen!
162 2222 579 2248 entfernt in drei Tagen garan⸗
162 2248 579 2273 tiert ſchmerzlos Wurzelvertil⸗
160 2274 580 2299 ger Riaſalbe. 1 Tiegel 1 K.
160 2300 580 2325 Kemeny, Kaſchau, Hauptpoſt⸗
162 2324 430 2351 fach 12/4. Ungarn.
462 2326 578 2351 B 1119
191 2363 578 2389 Spaniſche Weichſel, feinſte,
162 2389 576 2415 großbeerige, 5 Kilo 3 K,
160 2416 578 2442 Herzkirſchen, ſüße, reſche,
160 2443 578 2471 friſch vom Baum, 2 K 50 h,
160 2470 576 2499 allerlei Frühgemüſe 2 K lie⸗
160 2498 577 2524 fert Jenö Müller, Weingar⸗
160 2525 577 2554 tenbeſitzer, Kiskunhalas, Un⸗
161 2555 244 2581 garn.
504 2554 581 2580 1908
196 2589 579 2615 Spiegelweichſel, Kirſchen,
164 2616 578 2644 großbeerige, zum Einſieden,
166 2644 577 2669 Marillen, Gewürzbirnen,
165 2668 577 2695 fünf Kilo K 2.50. Grüne
164 2697 579 2725 Butterfiſolen, Kürbis, Kohl,
163 2726 579 2754 Kraut, Zuckererbſen. Gurken,
162 2754 579 2778 Paprika 2 Kronen liefert
164 2780 546 2808 Sugar, Cſongrad, Ungarn.
510 2808 577 2831 1919
196 2845 579 2871 Elektromotore mit geringem
166 2872 578 2897 Stromverbrauch billigſt, auch
167 2899 578 2926 leihweiſe. Brigittenauer elek⸗
167 2926 577 2951 trotechniſche Fabrik, 20. Bez.,
165 2953 577 2978 Wintergaſſe 18. Tel. 14.594.
493 2980 576 3002 14916
192 3018 576 3042 Achtung! Telephon 11147!
162 3044 576 3069 Nur von höchſten Herrſchaften
163 3071 576 3100 abgelegte Damenkleider, letzt⸗
161 3098 577 3124 moderne Prinzeßtoiletten,
160 3124 577 3154 Straßen⸗ und Leinenkoſtüme,
160 3152 577 3181 Leinen⸗ und Batiſtkleider,
160 3178 579 3210 Lüſtermäntel, Abendkleider,
153 3207 576 3234 Bühnen⸗ und Varietetoiletten,
157 3232 574 3263 Mäntel, Schuhe, Schoßen,
154 3260 579 3293 Hüte, Jacken, Bluſen, alles
158 3288 576 3315 zu den billigſten Preiſen nur
158 3316 574 3345 bei Frau Ella Kretz, 7. Be⸗
158 3343 574 3372 zirk, Halbgaſſe 11, Tür 4,
157 3370 372 3408 Ecke Burggaſſe
486 3372 576 3403 15041
684 247 1623 290 „Noch bin ich der Beſitzer des Todesdiamanten —
607 292 1621 331 folglich muß ich früher ſterben, als es im Buche der Be⸗
607 336 1202 374 ſtimmung vorgeſchrieben ſtand!!“
686 381 1622 422 Almanſor kam nicht mehr zum Vorſchein und die
609 426 1624 465 beiden Schiffer brachten ihr Fahrzeug nach dem Hafen
608 471 853 509 von Dſchidda.
686 516 1621 557 Dort erzählten ſie mit gut geſpieltem Schrecken, daß
609 561 1621 600 bei der Inſel ein Unglück geſchehen und der alte Mann
610 606 1622 646 in das Meer gefallen ſei. Die Brandung habe es ihnen
609 649 1441 688 unmöglich gemacht, den Ertrinkenden zu retten.
687 693 1620 735 Und die Leute in Dſchidda glaubten ihnen, denn Alle
607 739 1407 782 kannten die Gefährlichkeit dieſer Brandung.
689 800 1627 840 Der Armenier Fanduſi gebärdete ſich wie ein Raſen⸗
608 845 1618 888 der und erzählte überall, daß ihm Almanſor viel Geld
609 892 1577 933 ſchuldig ſei, das er nun als verloren betrachten müſſe.
686 933 1620 978 Er ging auf den großen Platz von Dſchidda und weh⸗
606 980 1618 1020 klagte vor dem Kadi, der dort auf einem Teppich unter
608 1026 1430 1065 freiem Himmel ſaß, um Gerechtigkeit zu üben.
686 1068 1627 1111 Der Kadi (Richter) hörte Fanduſi gelaſſen an, erwog
607 1113 1619 1157 den Fall und ſprach dann aus, daß Fanduſi das Recht
608 1160 1621 1202 habe, das Haus und die Haremsweiber Almanſors für
608 1204 1619 1245 ſeine Schuld an ſich zu nehmen, wenn klar erwieſen ſein
608 1251 1618 1289 werde, daß der alte Araber wirklich ſeinen Tod gefunden
607 1296 701 1334 habe.
682 1337 1618 1381 Da man am zweiten Tage den Leichnam Almanſors
605 1381 1617 1426 aus dem Meere fiſchte, kam Fanduſi von rechtswegen in
607 1428 1615 1469 den Beſitz von Almanſors Hinterlaſſenſchaft und freute
607 1472 1618 1517 ſich deſſen umſomehr, als er ſich denſelben widerrechtlich
606 1519 1616 1563 angeeignet hatte, indem er verſchwieg, daß Almanſor ihm
609 1563 1390 1606 den blauen Diamanten als Pfand gegeben.
684 1615 1617 1655 Der Armenier behielt das Haus Almanſors und ver⸗
607 1662 1361 1702 kaufte ſeine eigene ſchmutzſtarrende Hütte.
680 1704 1617 1745 Er brachte die Odalisken des verſtorbenen Arabers
604 1747 1520 1791 auf den Markt und veräußerte ſie zu guten Preiſen.
1734 251 2676 294 Hingegen die kluge dicke Zuleika behielt er ſich und
1658 292 2340 337 machte ſie zu ſeiner Lebensgefährtin.
1736 339 2676 385 Als Zuleika ihm nach Ablauf eines Jahres einen
1656 386 2674 430 Sohn gebar, freute ſich Fanduſi über alle Maßen und
1659 430 2632 473 vertraute Zuleika das Geheimnis des Diamanten an.
1735 476 2675 518 „Sonderbar ſind die Vorſchreibungen im Buche der
1657 521 2676 564 Beſtimmung!“ ſagte der Armenier zu ſeiner Favorite.
1659 567 2680 609 „Allen anderen, in deren Hände er kam, hat der Todes⸗
1659 608 2682 651 diamant Unglück gebracht — mir wendete er jene Seite
1657 653 2673 699 ſeines Glanzes zu, welche Glück und Reichtum verleiht.
1657 699 2673 743 Ich verſtand es eben, die Macht des Steines ſozuſagen
1658 746 2670 788 in Feſſeln zu legen. Nicht ich bin der Eigentümer des
1656 789 2672 831 Diamanten, ſondern Almanſor war es. Ich habe den
1655 836 2671 878 Edelſtein als Pfand in meinen Händen. Und ſo ſoll es
1656 877 2672 921 bleiben. Der Stein ſoll das Glücks⸗Kleinod von mir und
1655 923 2586 968 dir, Zuleika, und unſerer Nachkommenſchaft ſein.“
1735 970 2672 1012 Es vergingen Jahre und der Armenier Fanduſi war
1655 1015 2248 1059 ein ſehr reicher Mann geworden.
1733 1061 2670 1104 Er ging nicht mehr in ſchmutzigen und zerriſſenen
1654 1107 2463 1148 Lappen umher, ſondern kleidete ſich reinlich.
1732 1150 2672 1192 Seine Zuleika war geſtorben, aber ſein Sohn Elim
1653 1196 2673 1236 war zum Manne geworden und befolgte die Ratſchläge
1655 1241 2246 1280 ſeines geſchäftskundigen Vaters.
1729 1285 2670 1326 Und Elim nahm ſich auch ein Weib und hatte bald
1653 1329 2507 1372 eine Familie, in der es an Söhnen nicht fehlte.
1729 1374 2678 1416 Die Lebensuhr des alten Fanduſi war ihrem Ab⸗
1653 1418 2677 1459 laufe nahe. In der letzten Stunde berief der ſterbende
1650 1464 2677 1505 Armenier ſeinen Sohn zu ſich und ſprach zu demſelben:
1730 1506 2681 1550 „Elim, mein Vielgeliebter, wir ſind allein und —
1650 1552 2678 1596 außer dir — wird niemand hören, was ich dir jetzt zu
1650 1597 1958 1637 verkünden habe.“
1728 1638 2675 1682 „Ich beuge vor dir mein Haupt, teuerer Vater, und
1648 1683 2343 1730 bin bereit, deinen Willen zu erfüllen.“
1985 1754 2344 1795 (Fortſetzung folgt.)
605 1845 1621 1890 mehr darüber erfahren, wie das ins Waſſer geſtürzte
605 1893 1087 1936 Mädchen ausgeſehen habe.
684 1938 1624 1980 Nicht weit von den beiden Sprechern ſetzte er ſich an
605 1981 1624 2026 einen leeren Tiſch, beſtellte einen Becher Rotwein und
604 2024 1624 2066 wollte eben die Männer über die Szene am Donau⸗Ufer
605 2072 1627 2115 befragen, als ihn ein Anblick, der ſich ihm plötzlich dar⸗
604 2116 1003 2158 bot, erſtarren machte.
683 2161 1623 2204 Von einem zerlumpten Weibe an der Hand geführt,
606 2206 1623 2249 erſchien die blinde Genoveva Ziller auf der Schwelle der
605 2252 1624 2294 Schänke zum Drachen, in welche der Freiherr von Mühl⸗
604 2295 1211 2338 berg zufälligerweiſe geraten war.
682 2341 1622 2383 Sofort trat lautloſe Stille unter dem Geſindel ein,
603 2385 1623 2430 welches der von dicker, dunſtiger Luft erfüllte Raum be⸗
604 2435 778 2474 herbergte.
678 2475 1623 2517 Erſtaunen und Bewunderung malte ſich auf den Ge⸗
603 2520 1624 2563 ſichtern, denn es hatte den Anſchein, als habe ſich ein
601 2564 1472 2608 Engel des Himmels in einen Höllenpfuhl verirrt.
678 2609 1622 2652 Die Blinde zeigte einen Ausdruck namenloſer Angſt
602 2656 1622 2696 auf ihren bleichen Zügen und ihre glanzloſen Augen
605 2700 1244 2741 ſchimmerten im Naß der Tränen.
678 2742 1622 2785 Hinter ihr kam Schani und machte eine bärbeißige
601 2787 1621 2830 Grimaſſe, während er zur Drachenwirtin hinſchielte, die
601 2831 1620 2875 ſich von ihrem Sitze erhoben hatte und die ſchwarze Lottel
601 2878 1322 2922 mit ihrem „Fang“ zu ſich heranwinkte.
678 2920 1622 2966 Alle Bedenken beiſeite ſetzend, ſprang der Freiherr
600 2968 1618 3013 von Mühlberg auf und ſtürzte auf die ſchwarze Lottel zu.
676 3011 1622 3056 „Wie könnt Ihr Euch erfrechen, dieſe züchtige und
601 3054 1623 3098 feingebildete Demoiſelle an einen ſolchen Ort
602 3101 1621 3145 zu bringen?!“ ſchrie er auf. „Laßt die Demoiſelle Geno⸗
599 3146 1207 3188 veva augenblicklich los, oder —“
680 3190 1617 3234 „Was — oder?!“ ſchrie der Schani und ſprang
601 3235 1619 3277 mit geballter Fauſt vor. „Wollt Ihr am Ende gar meine
598 3282 980 3322 Mutter ſchlagen?“
678 3323 1619 3368 „Freiherr Egydius!“ rief Genoveva mit freudigem
597 3371 1181 3412 Aufſchluchzen. „Ihr ſeid hier?!“
1726 1849 2678 1891 „Ja, liebe Demoiſelle Vevi — es hat Gott mich hie⸗
1650 1892 1904 1933 her geführt!“
1733 1937 2676 1980 „Dem Allmächtigen ſei Dank!“ hauchte die Blinde.
1645 1983 2390 2022 „Iſt auch Laura unter Eurem Schutze?“
1730 2022 2676 2069 „Was habt Ihr mit dieſer Jungfer zu reden?“ ſchrie
1648 2070 2677 2110 die ſchwarze Lottel den Freiherrn von Mühlberg an.
1647 2115 2677 2160 „Macht, daß Ihr von hier fortkommt, Ihr feines Herrchen,
1647 2160 2677 2203 der wohl nur hieher gekommen iſt, um uns arme Leute
1646 2209 1940 2251 zu verhöhnen!“
1730 2251 2675 2294 „He! Was hören wir da? Er will ſich an unſerem
1647 2296 2675 2339 Elend weiden?!“ ſchrien mehrere Strolche und ſprangen
1649 2339 2039 2382 von ihren Sitzen auf.
1727 2384 2677 2427 Da der Freiherr von Mühlberg ſich und Genoveva
1646 2430 2675 2476 bedrängt ſah, zog er den Degen, welchen er — wie in
1651 2473 2594 2519 jenen Tagen jeder Edelmann — an der Seite trug.
1724 2520 2676 2564 Daß der Kampf ein ungleicher werden mußte, ſah
1649 2563 2674 2606 Egydius ein. Um die Blinde aus den unſauberen Händen
1645 2607 2674 2652 zu befreien, zwang Egydius ſeinen Stolz nieder und ſprach
1646 2652 2674 2697 zu dem in der Drachenſchänke verſammelten Geſindel in
1648 2699 2023 2744 begütigendem Tone:
1728 2737 2675 2787 „Ich bin der Beſchützer dieſes blinden Mädchens,
1649 2786 2675 2834 das nicht zu der Frau gehört, welche ſie an der Hand
1648 2834 1834 2878 führt —“
1725 2872 2677 2920 Er kam nicht zu Ende mit ſeiner Anrede, denn die
1646 2920 1996 2963 Drachenwirtin rief:
1727 2962 2677 3008 „Es iſt nicht wahr, was dieſer Herr redet! Die
1646 3005 2675 3055 Blinde ſteht unter meinem Schutze und es ſoll dem feinen
1646 3053 2675 3099 Herrlein, dem wohl das Mädchen gefällt, nicht ſo leicht
1644 3099 2374 3144 werden, ſich desſelben zu bemächtigen.“
1723 3141 2673 3187 „O — Himmel! Welche Lügen kommen an mein
1644 3185 2671 3231 Ohr?!“ rief Genoveva. „Dieſer gnädige Freiherr iſt —“
1720 3230 2674 3278 Raſch legte ihr die ſchwarze Lottel die Hand auf den
1645 3272 2671 3324 Mund und verhinderte Genoveva dadurch am Weiter⸗
1644 3326 1802 3364 ſprechen.
1984 3363 2330 3412 (Fortſetzung folgt.)
