<?xml version="1.0" encoding="UTF-8" standalone="yes"?>
<PcGts xmlns="http://schema.primaresearch.org/PAGE/gts/pagecontent/2013-07-15" xmlns:xsi="http://www.w3.org/2001/XMLSchema-instance" xsi:schemaLocation="http://schema.primaresearch.org/PAGE/gts/pagecontent/2013-07-15 http://schema.primaresearch.org/PAGE/gts/pagecontent/2013-07-15/pagecontent.xsd">
    <Metadata>
        <Creator>University of Innsbruck</Creator>
        <Created>2018-11-29T10:33:56.798+01:00</Created>
        <LastChange>2023-04-25T10:52:36.306+02:00</LastChange>
        <Comments>
                Measurement unit: pixel
                PrimaryLanguage: German
                Language: GermanStandard
                Producer: https://transkribus.eu/Transkribus/</Comments>
        <TranskribusMetadata docId="1394947" pageId="53863209" pageNr="70" tsid="119418322" status="GT" userId="48446" imgUrl="https://files.transkribus.eu/Get?id=OEXQRQMFSMJGMVEMSUKOEKRX&amp;fileType=view" xmlUrl="https://files.transkribus.eu/Get?id=ELDSGIRKSRXEQQDAHHYXBHED" imageId="38488864"/>
    </Metadata>
    <Page imageFilename="ONB_krz_19110701_007.jpg" imageWidth="2763" imageHeight="3576">
        <PrintSpace>
            <Coords points="0,0 2763,0 2763,3576 0,3576"/>
        </PrintSpace>
        <ReadingOrder>
            <OrderedGroup id="ro_1682495881279" caption="Regions reading order">
                <RegionRefIndexed index="0" regionRef="r1"/>
                <RegionRefIndexed index="1" regionRef="r2"/>
                <RegionRefIndexed index="2" regionRef="r3"/>
                <RegionRefIndexed index="3" regionRef="r4"/>
                <RegionRefIndexed index="5" regionRef="r5"/>
                <RegionRefIndexed index="6" regionRef="r6"/>
                <RegionRefIndexed index="7" regionRef="r7"/>
                <RegionRefIndexed index="8" regionRef="r8"/>
                <RegionRefIndexed index="9" regionRef="r9"/>
            </OrderedGroup>
        </ReadingOrder>
        <TextRegion type="header" id="r1" custom="readingOrder {index:0;} structure {type:header;}">
            <Coords points="128,201 425,201 424,270 128,269"/>
            <TextLine id="r1l1" primaryLanguage="German" custom="readingOrder {index:0;}">
                <Coords points="146,219 397,223 400,261 148,264"/>
                <Baseline points="148,255 397,254"/>
                <TextEquiv>
                    <Unicode>1. Juli 1911.</Unicode>
                </TextEquiv>
            </TextLine>
        </TextRegion>
        <TextRegion type="header" id="r2" custom="readingOrder {index:1;} structure {type:header;}">
            <Coords points="872,222 1423,224 1420,290 872,282"/>
            <TextLine id="r2l1" primaryLanguage="German" custom="readingOrder {index:0;}">
                <Coords points="889,234 1312,234 1370,238 1393,252 1405,269 1405,277 1392,283 983,275 888,273"/>
                <Baseline points="892,267 1403,273"/>
                <TextEquiv>
                    <Unicode>Illuſtrierte Kronen⸗Zeitung.</Unicode>
                </TextEquiv>
            </TextLine>
        </TextRegion>
        <TextRegion type="header" id="r3" custom="readingOrder {index:2;} structure {type:header;}">
            <Coords points="1749,241 2142,242 2139,307 1752,298"/>
            <TextLine id="r3l1" primaryLanguage="German" custom="readingOrder {index:0;}">
                <Coords points="1767,246 2128,255 2130,258 2130,297 1767,292"/>
                <Baseline points="1768,284 1794,284 1955,289 2069,292 2130,293"/>
                <TextEquiv>
                    <Unicode>Nr. 4130. Seite 7.</Unicode>
                </TextEquiv>
            </TextLine>
        </TextRegion>
        <TextRegion type="paragraph" id="r4" custom="readingOrder {index:3;}">
            <Coords points="59,283 1120,300 1124,352 1097,1455 53,1447 47,1210"/>
            <TextLine id="r4l1" primaryLanguage="German" custom="readingOrder {index:0;}">
                <Coords points="103,298 151,294 386,294 652,300 1030,304 1041,306 1104,315 1111,334 1111,349 103,333"/>
                <Baseline points="103,325 534,331 1111,341"/>
                <TextEquiv>
                    <Unicode>weiſe verbreitet werden. Bisher habe ich geſchwiegen.</Unicode>
                </TextEquiv>
                <TextStyle fontFamily="Times New Roman" fontSize="9.0"/>
            </TextLine>
            <TextLine id="r4l2" primaryLanguage="German" custom="readingOrder {index:1;}">
                <Coords points="101,337 144,335 1112,351 1111,392 101,376"/>
                <Baseline points="101,368 1112,384"/>
                <TextEquiv>
                    <Unicode>Denn ich lehnte es ab, denen zu antworten, die mich ver⸗</Unicode>
                </TextEquiv>
                <TextStyle fontFamily="Times New Roman" fontSize="9.0"/>
            </TextLine>
            <TextLine id="r4l3" primaryLanguage="German" custom="readingOrder {index:2;}">
                <Coords points="99,380 143,380 1113,394 1113,438 99,419"/>
                <Baseline points="99,411 1112,430"/>
                <TextEquiv>
                    <Unicode>leumdeten. Man hat mir jetzt aber nahe gelegt, daß meine</Unicode>
                </TextEquiv>
                <TextStyle fontFamily="Times New Roman" fontSize="9.0"/>
            </TextLine>
            <TextLine id="r4l4" primaryLanguage="German" custom="readingOrder {index:3;}">
                <Coords points="99,423 145,420 187,422 1112,438 1112,472 1111,480 99,463"/>
                <Baseline points="99,455 1111,472"/>
                <TextEquiv>
                    <Unicode>Söhne bald in ein Alter kommen, wo man ihnen dieſe</Unicode>
                </TextEquiv>
                <TextStyle fontFamily="Times New Roman" fontSize="9.0"/>
            </TextLine>
            <TextLine id="r4l5" primaryLanguage="German" custom="readingOrder {index:4;}">
                <Coords points="97,468 139,465 1111,480 1110,522 97,507"/>
                <Baseline points="97,499 1109,514"/>
                <TextEquiv>
                    <Unicode>Verleumdungen mitteilen wird und daß es nun meine</Unicode>
                </TextEquiv>
                <TextStyle fontFamily="Times New Roman" fontSize="9.0"/>
            </TextLine>
            <TextLine id="r4l6" primaryLanguage="German" custom="readingOrder {index:5;}">
                <Coords points="95,510 161,507 1109,522 1108,564 95,548"/>
                <Baseline points="97,540 1108,556"/>
                <TextEquiv>
                    <Unicode>Pflicht als Mutter iſt, die wahren Gründe mitzuteilen,</Unicode>
                </TextEquiv>
                <TextStyle fontFamily="Times New Roman" fontSize="9.0"/>
            </TextLine>
            <TextLine id="r4l7" primaryLanguage="German" custom="readingOrder {index:6;}">
                <Coords points="93,552 1106,570 1107,610 94,592"/>
                <Baseline points="94,584 1107,602"/>
                <TextEquiv>
                    <Unicode>die mich veranlaßten, Dresden zu verlaſſen und die zu</Unicode>
                </TextEquiv>
                <TextStyle fontFamily="Times New Roman" fontSize="9.0"/>
            </TextLine>
            <TextLine id="r4l8" primaryLanguage="German" custom="readingOrder {index:7;}">
                <Coords points="93,605 139,595 1107,613 1107,655 93,637"/>
                <Baseline points="93,629 211,629 846,644 1107,647"/>
                <TextEquiv>
                    <Unicode>meiner Verbannung aus Sachſen führten. Das iſt mein</Unicode>
                </TextEquiv>
                <TextStyle fontFamily="Times New Roman" fontSize="9.0"/>
            </TextLine>
            <TextLine id="r4l9" primaryLanguage="German" custom="readingOrder {index:8;}">
                <Coords points="91,638 155,640 1107,660 1105,699 90,677"/>
                <Baseline points="94,668 1105,691"/>
                <TextEquiv>
                    <Unicode>hauptſächlichſtes Motiv, um meine eigene Darſtellung der</Unicode>
                </TextEquiv>
                <TextStyle fontFamily="Times New Roman" fontSize="9.0"/>
            </TextLine>
            <TextLine id="r4l10" primaryLanguage="German" custom="readingOrder {index:9;}">
                <Coords points="91,685 150,685 1110,702 1104,742 91,725"/>
                <Baseline points="91,717 294,720 641,727 908,732 1102,734"/>
                <TextEquiv>
                    <Unicode>Geſchehniſſe zu veröffentlichen. Ich wünſche auch, daß</Unicode>
                </TextEquiv>
                <TextStyle fontFamily="Times New Roman" fontSize="9.0"/>
            </TextLine>
            <TextLine id="r4l11" primaryLanguage="German" custom="readingOrder {index:10;}">
                <Coords points="89,727 180,727 1102,747 1102,782 1099,786 89,767"/>
                <Baseline points="89,759 226,761 635,772 779,773 1102,778"/>
                <TextEquiv>
                    <Unicode>künftige Geſchichtsſchreiber der Häuſer Habsburg und</Unicode>
                </TextEquiv>
                <TextStyle fontFamily="Times New Roman" fontSize="9.0"/>
            </TextLine>
            <TextLine id="r4l12" primaryLanguage="German" custom="readingOrder {index:11;}">
                <Coords points="87,772 204,769 1104,789 1104,818 1094,832 87,811"/>
                <Baseline points="87,803 221,805 1100,824"/>
                <TextEquiv>
                    <Unicode>Sachſen die Irrtümer nicht fortſetzen, mit der Begrün⸗</Unicode>
                </TextEquiv>
                <TextStyle fontFamily="Times New Roman" fontSize="9.0"/>
            </TextLine>
            <TextLine id="r4l13" primaryLanguage="German" custom="readingOrder {index:12;}">
                <Coords points="86,815 104,811 104,811 1099,832 1099,875 86,854"/>
                <Baseline points="86,846 1098,867"/>
                <TextEquiv>
                    <Unicode>dung, daß ich gegen ſie keinen Einſpruch erhoben hätte.</Unicode>
                </TextEquiv>
                <TextStyle fontFamily="Times New Roman" fontSize="9.0"/>
            </TextLine>
            <TextLine id="r4l14" primaryLanguage="German" custom="readingOrder {index:13;}">
                <Coords points="85,859 171,856 171,856 1099,878 1099,921 85,898"/>
                <Baseline points="89,890 1099,914"/>
                <TextEquiv>
                    <Unicode>Ich wünſche ſchließlich, gegen die Annahme zu proteſtieren,</Unicode>
                </TextEquiv>
                <TextStyle fontFamily="Times New Roman" fontSize="9.0"/>
            </TextLine>
            <TextLine id="r4l15" primaryLanguage="German" custom="readingOrder {index:14;}">
                <Coords points="84,911 101,903 174,899 1099,920 1100,957 1075,961 84,941"/>
                <Baseline points="84,933 1097,954"/>
                <TextEquiv>
                    <Unicode>als ſei ich die Verfaſſerin der „Bekenntniſſe einer Prin⸗</Unicode>
                </TextEquiv>
                <TextStyle fontFamily="Times New Roman" fontSize="9.0"/>
            </TextLine>
            <TextLine id="r4l16" primaryLanguage="German" custom="readingOrder {index:15;}">
                <Coords points="85,956 117,942 117,942 1097,966 1097,1007 85,983"/>
                <Baseline points="83,975 1099,999"/>
                <TextEquiv>
                    <Unicode>zeſſin“. Ich ſchrieb weder das Werk, noch lieferte ich</Unicode>
                </TextEquiv>
                <TextStyle fontFamily="Times New Roman" fontSize="9.0"/>
            </TextLine>
            <TextLine id="r4l17" primaryLanguage="German" custom="readingOrder {index:16;}">
                <Coords points="83,989 162,987 162,987 1095,1009 1095,1051 83,1028"/>
                <Baseline points="83,1020 746,1035 833,1038 1094,1043"/>
                <TextEquiv>
                    <Unicode>direkt oder indirekt irgend etwas von dem Material, das</Unicode>
                </TextEquiv>
                <TextStyle fontFamily="Times New Roman" fontSize="9.0"/>
            </TextLine>
            <TextLine id="r4l18" primaryLanguage="German" custom="readingOrder {index:17;}">
                <Coords points="82,1042 99,1036 119,1030 119,1030 1093,1051 1093,1093 82,1072"/>
                <Baseline points="82,1064 1096,1085"/>
                <TextEquiv>
                    <Unicode>es enthält, und ich verſtehe nicht, wie man glauben könnte,</Unicode>
                </TextEquiv>
                <TextStyle fontFamily="Times New Roman" fontSize="9.0"/>
            </TextLine>
            <TextLine id="r4l19" primaryLanguage="German" custom="readingOrder {index:18;}">
                <Coords points="82,1073 1093,1095 1093,1137 82,1115"/>
                <Baseline points="82,1107 331,1115 617,1119 1093,1129"/>
                <TextEquiv>
                    <Unicode>daß irgend ein Weib ſolch' eine empörende Geſchichte ihrer</Unicode>
                </TextEquiv>
                <TextStyle fontFamily="Times New Roman" fontSize="9.0"/>
            </TextLine>
            <TextLine id="r4l20" primaryLanguage="German" custom="readingOrder {index:19;}">
                <Coords points="80,1118 1091,1139 1091,1182 80,1161"/>
                <Baseline points="80,1153 1091,1174"/>
                <TextEquiv>
                    <Unicode>Liebesverhältniſſe zu ſchreiben imſtande ſei. Luiſe von</Unicode>
                </TextEquiv>
            </TextLine>
            <TextLine id="r4l21" primaryLanguage="German" custom="readingOrder {index:20;}">
                <Coords points="76,1165 169,1161 1037,1181 1030,1222 114,1208 76,1197"/>
                <Baseline points="79,1197 108,1197 1033,1215"/>
                <TextEquiv>
                    <Unicode>Toscana, ehemalige Kronprinzeſſin von Sachſen.“</Unicode>
                </TextEquiv>
            </TextLine>
            <TextLine id="r4l22" primaryLanguage="German" custom="readingOrder {index:21;}">
                <Coords points="1091,1230 1092,1269 175,1253 174,1213"/>
                <Baseline points="179,1243 1091,1264"/>
                <TextEquiv>
                    <Unicode>(Akademiſcher Medailleur Joſef Kleinert †.) Geſtern</Unicode>
                </TextEquiv>
                <TextStyle fontFamily="Times New Roman" fontSize="8.0"/>
            </TextLine>
            <TextLine id="r4l23" primaryLanguage="German" custom="readingOrder {index:22;}">
                <Coords points="80,1259 181,1258 181,1258 1088,1278 1088,1316 80,1294"/>
                <Baseline points="80,1286 1088,1308"/>
                <TextEquiv>
                    <Unicode>wurde hier der akademiſche Medailleur und Wappengraveur</Unicode>
                </TextEquiv>
            </TextLine>
            <TextLine id="r4l24" primaryLanguage="German" custom="readingOrder {index:23;}">
                <Coords points="80,1300 1087,1319 1087,1359 80,1340"/>
                <Baseline points="73,1332 1087,1351"/>
                <TextEquiv>
                    <Unicode>Joſef Kleinert zu Grabe getragen. Joſef Kleinert war</Unicode>
                </TextEquiv>
            </TextLine>
            <TextLine id="r4l25" primaryLanguage="German" custom="readingOrder {index:24;}">
                <Coords points="74,1352 132,1345 175,1344 1089,1364 1089,1401 74,1379"/>
                <Baseline points="79,1371 1087,1397"/>
                <TextEquiv>
                    <Unicode>zu Wien am 24. Dezember 1824 geboren und eines der noch</Unicode>
                </TextEquiv>
            </TextLine>
            <TextLine id="r4l26" primaryLanguage="German" custom="readingOrder {index:25;}">
                <Coords points="79,1389 100,1385 1089,1407 1086,1442 1008,1443 79,1421"/>
                <Baseline points="79,1413 1085,1437"/>
                <TextEquiv>
                    <Unicode>wenigen lebenden Mitglieder der akademiſchen Legion des</Unicode>
                </TextEquiv>
            </TextLine>
        </TextRegion>
        <ImageRegion id="Image_1682078076658_2025" custom="readingOrder {index:4;}">
            <Coords points="73,1449 979,1449 979,2584 73,2584"/>
        </ImageRegion>
        <TextRegion type="heading" id="r5" custom="readingOrder {index:5;} structure {type:heading;}">
            <Coords points="346,2600 673,2600 673,2652 346,2652"/>
            <TextLine id="r5l1" primaryLanguage="German" custom="readingOrder {index:0;}">
                <Coords points="356,2604 660,2612 660,2644 356,2639"/>
                <Baseline points="356,2632 446,2637 659,2641"/>
                <TextEquiv>
                    <Unicode>KLEINERT</Unicode>
                </TextEquiv>
            </TextLine>
        </TextRegion>
        <TextRegion type="paragraph" id="r6" custom="readingOrder {index:6;}">
            <Coords points="30,2656 1064,2666 1059,2931 1044,3468 15,3446 22,2934"/>
            <TextLine id="r6l1" primaryLanguage="German" custom="readingOrder {index:0;}">
                <Coords points="45,2667 1056,2688 1056,2727 43,2703"/>
                <Baseline points="48,2700 1053,2715"/>
                <TextEquiv>
                    <Unicode>Jahres 1848. Er war mit einer ihm vor nahezu fünf Dezen⸗</Unicode>
                </TextEquiv>
                <TextStyle fontFamily="Times New Roman" fontSize="8.0"/>
            </TextLine>
            <TextLine id="r6l2" primaryLanguage="German" custom="readingOrder {index:1;}">
                <Coords points="46,2712 77,2709 1053,2735 1053,2772 46,2746"/>
                <Baseline points="47,2738 1053,2764"/>
                <TextEquiv>
                    <Unicode>nien im Tode vorausgegangenen Tochter des Medailleurs und</Unicode>
                </TextEquiv>
                <TextStyle fontFamily="Times New Roman" fontSize="8.0"/>
            </TextLine>
            <TextLine id="r6l3" primaryLanguage="German" custom="readingOrder {index:2;}">
                <Coords points="45,2754 1051,2778 1051,2814 45,2791"/>
                <Baseline points="46,2783 1049,2806"/>
                <TextEquiv>
                    <Unicode>Direktors der Graveurakademie des k. k. Münzamtes Joſef</Unicode>
                </TextEquiv>
                <TextStyle fontFamily="Times New Roman" fontSize="8.0"/>
            </TextLine>
            <TextLine id="r6l4" primaryLanguage="German" custom="readingOrder {index:3;}">
                <Coords points="42,2798 1051,2824 1051,2866 43,2834"/>
                <Baseline points="44,2827 1049,2852"/>
                <TextEquiv>
                    <Unicode>Daniel Böhm vermählt. Joſef Kleinert war Bürger von Wien</Unicode>
                </TextEquiv>
                <TextStyle fontFamily="Times New Roman" fontSize="8.0"/>
            </TextLine>
            <TextLine id="r6l5" primaryLanguage="German" custom="readingOrder {index:4;}">
                <Coords points="44,2845 56,2844 1047,2869 1047,2896 1037,2902 46,2886"/>
                <Baseline points="42,2870 567,2886 1048,2895"/>
                <TextEquiv>
                    <Unicode>und Mitglied der Penſionsgeſellſchaft der bildenden Künſtler</Unicode>
                </TextEquiv>
                <TextStyle fontFamily="Times New Roman" fontSize="8.0"/>
            </TextLine>
            <TextLine id="r6l6" primaryLanguage="German" custom="readingOrder {index:5;}">
                <Coords points="44,2885 179,2891 208,2901 208,2921 206,2922 58,2921 43,2913"/>
                <Baseline points="43,2913 207,2921"/>
                <TextEquiv>
                    <Unicode>von Wien.</Unicode>
                </TextEquiv>
                <TextStyle fontFamily="Times New Roman" fontSize="8.0"/>
            </TextLine>
            <TextLine id="r6l7" primaryLanguage="German" custom="readingOrder {index:6;}">
                <Coords points="116,2931 1051,2954 1050,2997 121,2975 115,2973"/>
                <Baseline points="117,2967 1046,2989"/>
                <TextEquiv>
                    <Unicode>(Eine griechiſche Hochzeit in Wien.) In der griechi⸗</Unicode>
                </TextEquiv>
                <TextStyle fontFamily="Times New Roman" fontSize="9.0"/>
            </TextLine>
            <TextLine id="r6l8" primaryLanguage="German" custom="readingOrder {index:7;}">
                <Coords points="41,2975 1052,2998 1052,3043 41,3020"/>
                <Baseline points="41,3012 1048,3035"/>
                <TextEquiv>
                    <Unicode>ſchen Kirche auf dem Fleiſchmarkt hat vorgeſtern die</Unicode>
                </TextEquiv>
                <TextStyle fontFamily="Times New Roman" fontSize="9.0"/>
            </TextLine>
            <TextLine id="r6l9" primaryLanguage="German" custom="readingOrder {index:8;}">
                <Coords points="36,3018 1045,3046 1045,3085 31,3065"/>
                <Baseline points="35,3050 511,3070 1045,3077"/>
                <TextEquiv>
                    <Unicode>Trauung des Herrn Dr. Peter Mavromichalis.</Unicode>
                </TextEquiv>
                <TextStyle fontFamily="Times New Roman" fontSize="9.0"/>
            </TextLine>
            <TextLine id="r6l10" primaryLanguage="German" custom="readingOrder {index:9;}">
                <Coords points="36,3063 1048,3095 1048,3131 291,3118 274,3111 37,3104"/>
                <Baseline points="34,3091 310,3112 671,3119 1048,3123"/>
                <TextEquiv>
                    <Unicode>Sohnes des ehemaligen griechiſchen Miniſterpräſidenten,</Unicode>
                </TextEquiv>
                <TextStyle fontFamily="Times New Roman" fontSize="9.0"/>
            </TextLine>
            <TextLine id="r6l11" primaryLanguage="German" custom="readingOrder {index:10;}">
                <Coords points="35,3115 63,3107 1044,3137 1044,3182 35,3152"/>
                <Baseline points="36,3140 263,3154 310,3156 427,3159 1044,3170"/>
                <TextEquiv>
                    <Unicode>mit Fräulein Ariſti Achillopulos ſtattgefunden. Die</Unicode>
                </TextEquiv>
            </TextLine>
            <TextLine id="r6l12" primaryLanguage="German" custom="readingOrder {index:11;}">
                <Coords points="32,3151 315,3167 1044,3181 1044,3222 30,3198"/>
                <Baseline points="35,3185 298,3200 414,3203 739,3210 935,3214 1044,3214"/>
                <TextEquiv>
                    <Unicode>Trauung hatte einen ganz modernen Anſtrich: alle</Unicode>
                </TextEquiv>
                <TextStyle fontFamily="Times New Roman" fontSize="9.0"/>
            </TextLine>
            <TextLine id="r6l13" primaryLanguage="German" custom="readingOrder {index:12;}">
                <Coords points="34,3197 1040,3228 1040,3265 36,3244"/>
                <Baseline points="28,3226 194,3240 342,3246 411,3249 651,3254 800,3256 859,3258 1042,3257"/>
                <TextEquiv>
                    <Unicode>Herren erſchienen im Gehrock, die Damen in Straßen⸗</Unicode>
                </TextEquiv>
                <TextStyle fontFamily="Times New Roman" fontSize="9.0"/>
            </TextLine>
            <TextLine id="r6l14" primaryLanguage="German" custom="readingOrder {index:13;}">
                <Coords points="30,3240 373,3259 1039,3274 1044,3311 471,3305 29,3284"/>
                <Baseline points="34,3273 158,3283 239,3287 306,3290 429,3293 537,3299 593,3300 726,3303 836,3302 912,3304 1040,3307"/>
                <TextEquiv>
                    <Unicode>toilette, nur die Braut trug ein weißes Kleid mit langer</Unicode>
                </TextEquiv>
                <TextStyle fontFamily="Times New Roman" fontSize="9.0"/>
            </TextLine>
            <TextLine id="r6l15" primaryLanguage="German" custom="readingOrder {index:14;}">
                <Coords points="32,3287 194,3292 300,3304 1039,3316 1040,3356 494,3351 29,3327"/>
                <Baseline points="33,3318 180,3329 265,3333 494,3340 604,3344 759,3346 954,3350 1038,3343"/>
                <TextEquiv>
                    <Unicode>Schleppe und prachtvollen alten Spitzen. Herrlicher Ge⸗</Unicode>
                </TextEquiv>
                <TextStyle fontFamily="Times New Roman" fontSize="9.0"/>
            </TextLine>
            <TextLine id="r6l16" primaryLanguage="German" custom="readingOrder {index:15;}">
                <Coords points="24,3328 1042,3366 1039,3405 527,3396 27,3374"/>
                <Baseline points="26,3356 105,3370 255,3381 308,3382 432,3385 633,3390 705,3390 846,3392 1036,3387"/>
                <TextEquiv>
                    <Unicode>ſang ertönte; es waren Mitglieder des Wiener Hofopern⸗</Unicode>
                </TextEquiv>
                <TextStyle fontFamily="Times New Roman" fontSize="9.0"/>
            </TextLine>
            <TextLine id="r6l17" primaryLanguage="German" custom="readingOrder {index:16;}">
                <Coords points="24,3372 87,3378 1035,3404 1035,3448 28,3426"/>
                <Baseline points="28,3411 137,3420 210,3422 347,3428 434,3430 528,3432 688,3435 760,3437 949,3440 1034,3433"/>
                <TextEquiv>
                    <Unicode>chores, die ſangen und zum Schluſſe die griechiſche Na⸗</Unicode>
                </TextEquiv>
                <TextStyle fontFamily="Times New Roman" fontSize="9.0"/>
            </TextLine>
        </TextRegion>
        <TextRegion type="paragraph" id="r7" custom="readingOrder {index:7;}">
            <Coords points="1138,326 1150,303 1520,306 2172,324 2128,2124 2089,3490 1058,3481 1107,1440"/>
            <TextLine id="r7l1" primaryLanguage="German" custom="readingOrder {index:0;}">
                <Coords points="1150,312 1189,307 1189,307 2167,329 2167,373 1150,351"/>
                <Baseline points="1150,343 1366,348 1594,351 1699,354 1930,359 2009,363 2096,364 2166,365"/>
                <TextEquiv>
                    <Unicode>tionalhymne anſtimmten. Herr Achillopulos hat nun die</Unicode>
                </TextEquiv>
                <TextStyle fontFamily="Times New Roman" fontSize="9.0"/>
            </TextLine>
            <TextLine id="r7l2" primaryLanguage="German" custom="readingOrder {index:1;}">
                <Coords points="1149,355 1160,352 1160,352 2163,375 2163,418 1149,395"/>
                <Baseline points="1149,387 1243,390 1397,392 1474,395 1579,397 1828,405 1942,405 2049,407 2163,410"/>
                <TextEquiv>
                    <Unicode>dritte Tochter in Wien verheiratet; auch ihre beiden</Unicode>
                </TextEquiv>
                <TextStyle fontFamily="Times New Roman" fontSize="9.0"/>
            </TextLine>
            <TextLine id="r7l3" primaryLanguage="German" custom="readingOrder {index:2;}">
                <Coords points="1149,400 1206,399 1206,399 2165,421 2165,463 1149,440"/>
                <Baseline points="1149,432 1270,435 1485,441 1611,444 1693,449 1787,446 1979,453 2084,455 2165,455"/>
                <TextEquiv>
                    <Unicode>älteren Schweſtern haben ſich hier vermählt. In der</Unicode>
                </TextEquiv>
                <TextStyle fontFamily="Times New Roman" fontSize="9.0"/>
            </TextLine>
            <TextLine id="r7l4" primaryLanguage="German" custom="readingOrder {index:3;}">
                <Coords points="1147,445 1167,443 1167,443 2162,466 2162,508 1147,485"/>
                <Baseline points="1143,477 1283,482 1514,484 1586,484 1672,489 1757,491 1834,496 1910,494 2040,497 2162,500"/>
                <TextEquiv>
                    <Unicode>Familie Achillopulos iſt man von der für unſere Stadt</Unicode>
                </TextEquiv>
                <TextStyle fontFamily="Times New Roman" fontSize="9.0"/>
            </TextLine>
            <TextLine id="r7l5" primaryLanguage="German" custom="readingOrder {index:4;}">
                <Coords points="1145,491 1164,485 2162,510 2162,554 1144,531"/>
                <Baseline points="1146,521 1413,528 1553,531 1811,536 1862,538 2162,546"/>
                <TextEquiv>
                    <Unicode>ſchmeichelhaften Anſicht durchdrungen, das Heiraten</Unicode>
                </TextEquiv>
            </TextLine>
            <TextLine id="r7l6" primaryLanguage="German" custom="readingOrder {index:5;}">
                <Coords points="1144,533 2160,558 2160,598 1144,574"/>
                <Baseline points="1145,566 1189,567 1329,571 1451,574 1557,577 1729,581 1845,584 1925,585 1981,588 2158,591"/>
                <TextEquiv>
                    <Unicode>in Wien bringe Glück. So bleibt nur zu wünſchen,</Unicode>
                </TextEquiv>
            </TextLine>
            <TextLine id="r7l7" primaryLanguage="German" custom="readingOrder {index:6;}">
                <Coords points="1144,579 1179,578 1179,578 2159,601 2159,643 1144,620"/>
                <Baseline points="1144,612 1204,614 1294,616 1360,618 1455,622 1538,622 1603,625 1757,627 1809,629 1921,631 2024,632 2159,635"/>
                <TextEquiv>
                    <Unicode>daß auch die neue Ehe die Familie in dieſer ihrer Anſicht</Unicode>
                </TextEquiv>
                <TextStyle fontFamily="Times New Roman" fontSize="9.0"/>
            </TextLine>
            <TextLine id="r7l8" primaryLanguage="German" custom="readingOrder {index:7;}">
                <Coords points="1144,626 1423,631 1423,670 1144,665"/>
                <Baseline points="1144,658 1296,661 1414,664"/>
                <TextEquiv>
                    <Unicode>beſtärken möge.</Unicode>
                </TextEquiv>
                <TextStyle fontFamily="Times New Roman" fontSize="9.0"/>
            </TextLine>
            <TextLine id="r7l9" primaryLanguage="German" custom="readingOrder {index:8;}">
                <Coords points="1222,675 2153,692 2153,738 1222,719"/>
                <Baseline points="1217,711 1322,715 1473,717 1632,721 1700,724 1865,728 2155,728"/>
                <TextEquiv>
                    <Unicode>(Zwei deutſche Frauen in London verſchwunden.)</Unicode>
                </TextEquiv>
                <TextStyle fontFamily="Times New Roman" fontSize="9.0"/>
            </TextLine>
            <TextLine id="r7l10" primaryLanguage="German" custom="readingOrder {index:9;}">
                <Coords points="1138,722 1166,720 1166,720 2153,741 2153,784 1138,763"/>
                <Baseline points="1138,755 1199,756 1360,761 1451,764 1485,764 1558,766 1813,771 1909,774 2153,776"/>
                <TextEquiv>
                    <Unicode>Am Montag ſind in London zwei dort eingetroffene</Unicode>
                </TextEquiv>
            </TextLine>
            <TextLine id="r7l11" primaryLanguage="German" custom="readingOrder {index:10;}">
                <Coords points="1138,766 1148,765 1148,765 2151,788 2151,828 1138,805"/>
                <Baseline points="1138,797 1267,800 1426,805 1541,808 1678,812 1872,815 2025,819 2151,820"/>
                <TextEquiv>
                    <Unicode>deutſche Frauen, Franziska Vogt, die Witwe eines</Unicode>
                </TextEquiv>
            </TextLine>
            <TextLine id="r7l12" primaryLanguage="German" custom="readingOrder {index:11;}">
                <Coords points="1136,810 1167,807 1167,807 2152,829 2152,872 1136,850"/>
                <Baseline points="1136,842 1250,844 1403,847 1650,854 1742,856 1856,860 2071,865 2152,864"/>
                <TextEquiv>
                    <Unicode>reichen Bremer Kaufmannes, und deren Begleiterin mit</Unicode>
                </TextEquiv>
                <TextStyle fontFamily="Times New Roman" fontSize="9.0"/>
            </TextLine>
            <TextLine id="r7l13" primaryLanguage="German" custom="readingOrder {index:12;}">
                <Coords points="1134,854 1169,853 1169,853 2150,877 2150,917 1134,893"/>
                <Baseline points="1135,885 1202,888 1292,889 1453,894 1815,901 1943,905 2054,907 2150,909"/>
                <TextEquiv>
                    <Unicode>dem Vornamen Lena, verſchwunden, ohne daß von</Unicode>
                </TextEquiv>
            </TextLine>
            <TextLine id="r7l14" primaryLanguage="German" custom="readingOrder {index:13;}">
                <Coords points="1134,900 1154,899 1230,898 1230,898 2150,919 2150,961 1134,939"/>
                <Baseline points="1135,931 1240,932 1389,935 1517,939 1607,941 1721,946 1947,951 2045,953 2150,954"/>
                <TextEquiv>
                    <Unicode>beiden Frauen bisher eine Spur aufzufinden war. Die</Unicode>
                </TextEquiv>
                <TextStyle fontFamily="Times New Roman" fontSize="9.0"/>
            </TextLine>
            <TextLine id="r7l15" primaryLanguage="German" custom="readingOrder {index:14;}">
                <Coords points="1132,943 1203,942 1203,942 2147,963 2147,1005 1132,983"/>
                <Baseline points="1132,975 1340,978 1506,982 1589,983 1698,986 1804,990 1877,992 2036,996 2147,997"/>
                <TextEquiv>
                    <Unicode>Erhebungen ergaben, daß Frau Vogt am Montag ihren</Unicode>
                </TextEquiv>
                <TextStyle fontFamily="Times New Roman" fontSize="9.0"/>
            </TextLine>
            <TextLine id="r7l16" primaryLanguage="German" custom="readingOrder {index:15;}">
                <Coords points="1131,986 1144,985 1144,985 2148,1009 2148,1049 1131,1025"/>
                <Baseline points="1131,1017 1142,1017 1220,1020 1636,1030 1761,1035 1919,1037 2008,1040 2148,1041"/>
                <TextEquiv>
                    <Unicode>in Cronchill wohnenden Sohn beſuchte und gerade</Unicode>
                </TextEquiv>
            </TextLine>
            <TextLine id="r7l17" primaryLanguage="German" custom="readingOrder {index:16;}">
                <Coords points="1130,1029 1146,1028 1146,1028 2145,1052 2145,1094 1130,1070"/>
                <Baseline points="1130,1062 1254,1064 1397,1068 1471,1072 1587,1072 1671,1077 1849,1078 2010,1084 2144,1086"/>
                <TextEquiv>
                    <Unicode>daſelbſt ankam, als dieſer von Cronchill abreiſen wollte.</Unicode>
                </TextEquiv>
                <TextStyle fontFamily="Times New Roman" fontSize="9.0"/>
            </TextLine>
            <TextLine id="r7l18" primaryLanguage="German" custom="readingOrder {index:17;}">
                <Coords points="1128,1076 1230,1075 1230,1075 2145,1095 2145,1138 1128,1116"/>
                <Baseline points="1127,1108 2144,1130"/>
                <TextEquiv>
                    <Unicode>Der junge Mann bat die beiden Frauen, mit ihm im</Unicode>
                </TextEquiv>
                <TextStyle fontFamily="Times New Roman" fontSize="9.0"/>
            </TextLine>
            <TextLine id="r7l19" primaryLanguage="German" custom="readingOrder {index:18;}">
                <Coords points="1128,1117 2144,1140 2144,1182 1128,1159"/>
                <Baseline points="1128,1151 1248,1156 1326,1154 1483,1159 1544,1159 1682,1164 1780,1167 1885,1171 2022,1173 2143,1174"/>
                <TextEquiv>
                    <Unicode>Wagen zur Station zu fahren, was auch geſchah. Hier</Unicode>
                </TextEquiv>
                <TextStyle fontFamily="Times New Roman" fontSize="9.0"/>
            </TextLine>
            <TextLine id="r7l20" primaryLanguage="German" custom="readingOrder {index:19;}">
                <Coords points="1127,1167 1178,1163 1178,1163 2142,1185 2142,1226 1127,1203"/>
                <Baseline points="1127,1195 1357,1200 1431,1202 1507,1202 1627,1206 1758,1210 1848,1212 1946,1213 2045,1217 2141,1218"/>
                <TextEquiv>
                    <Unicode>verabſchiedete ſich der junge Mann und fuhr weg. Von</Unicode>
                </TextEquiv>
                <TextStyle fontFamily="Times New Roman" fontSize="9.0"/>
            </TextLine>
            <TextLine id="r7l21" primaryLanguage="German" custom="readingOrder {index:20;}">
                <Coords points="1126,1205 2140,1232 2140,1270 1126,1244"/>
                <Baseline points="1126,1236 1234,1240 1441,1245 1503,1247 1610,1249 1697,1252 1848,1258 1919,1258 2140,1263"/>
                <TextEquiv>
                    <Unicode>dieſem Zeitpunkte an ſind die beiden Damen ver⸗</Unicode>
                </TextEquiv>
            </TextLine>
            <TextLine id="r7l22" primaryLanguage="German" custom="readingOrder {index:21;}">
                <Coords points="1124,1252 1206,1250 1206,1250 2139,1272 2139,1313 1124,1290"/>
                <Baseline points="1117,1282 1161,1286 1550,1291 1652,1294 1849,1300 2008,1304 2072,1305 2136,1305"/>
                <TextEquiv>
                    <Unicode>ſchwunden. Da Frau Vogt wertvollen Schmuck bei ſich</Unicode>
                </TextEquiv>
            </TextLine>
            <TextLine id="r7l23" primaryLanguage="German" custom="readingOrder {index:22;}">
                <Coords points="1123,1295 1213,1294 1213,1294 2136,1316 2136,1356 1123,1332"/>
                <Baseline points="1123,1324 1214,1325 1259,1328 1310,1332 1456,1330 1501,1335 1589,1338 1900,1344 1995,1346 2142,1348"/>
                <TextEquiv>
                    <Unicode>trug, iſt es möglich, daß Verbrecher der nicht engliſch</Unicode>
                </TextEquiv>
            </TextLine>
            <TextLine id="r7l24" primaryLanguage="German" custom="readingOrder {index:23;}">
                <Coords points="1122,1339 1181,1336 2134,1360 2134,1402 1122,1377"/>
                <Baseline points="1117,1369 1319,1376 1421,1375 1556,1380 1690,1382 1746,1385 1798,1386 1867,1390 2011,1393 2134,1394"/>
                <TextEquiv>
                    <Unicode>ſprechenden Frau gefolgt waren, ſie in ein Verſteck lockten</Unicode>
                </TextEquiv>
                <TextStyle fontFamily="Times New Roman" fontSize="9.0"/>
            </TextLine>
            <TextLine id="r7l25" primaryLanguage="German" custom="readingOrder {index:24;}">
                <Coords points="1121,1391 1164,1383 1207,1382 1207,1382 1925,1401 1925,1435 1133,1421 1121,1413"/>
                <Baseline points="1121,1413 1185,1415 1219,1416 1571,1421 1648,1425 1924,1434"/>
                <TextEquiv>
                    <Unicode>und dort ermordeten und beraubten.</Unicode>
                </TextEquiv>
            </TextLine>
            <TextLine id="r7l26" primaryLanguage="German" custom="readingOrder {index:25;}">
                <Coords points="1214,1444 1260,1437 2137,1453 2138,1501 1214,1480"/>
                <Baseline points="1214,1472 1479,1476 1629,1480 2132,1490"/>
                <TextEquiv>
                    <Unicode>(Aufnahme in die k. und k. Kadettenſchulen.) Die Auf⸗</Unicode>
                </TextEquiv>
            </TextLine>
            <TextLine id="r7l27" primaryLanguage="German" custom="readingOrder {index:26;}">
                <Coords points="1121,1485 1133,1481 1151,1477 1163,1476 2135,1501 2137,1533 1123,1514"/>
                <Baseline points="1120,1504 1487,1512 1541,1513 1613,1516 1722,1519 1963,1526 2131,1525"/>
                <TextEquiv>
                    <Unicode>nahme von Aſpiranten in den erſten Jahrgang der Kadetten⸗</Unicode>
                </TextEquiv>
                <TextStyle fontFamily="Times New Roman" fontSize="8.0"/>
            </TextLine>
            <TextLine id="r7l28" primaryLanguage="German" custom="readingOrder {index:27;}">
                <Coords points="1121,1514 1136,1512 2133,1537 2133,1575 1123,1549"/>
                <Baseline points="1117,1542 2133,1567"/>
                <TextEquiv>
                    <Unicode>ſchulen findet mit Beginn des Schuljahres 1911/12 (Mitte</Unicode>
                </TextEquiv>
                <TextStyle fontFamily="Times New Roman" fontSize="8.0"/>
            </TextLine>
            <TextLine id="r7l29" primaryLanguage="German" custom="readingOrder {index:28;}">
                <Coords points="1121,1549 2134,1572 2134,1609 1121,1587"/>
                <Baseline points="1122,1579 1305,1582 1948,1596 2131,1602"/>
                <TextEquiv>
                    <Unicode>September) ſtatt. In die höheren Jahrgänge werden Aſpiranten</Unicode>
                </TextEquiv>
                <TextStyle fontFamily="Times New Roman" fontSize="8.0"/>
            </TextLine>
            <TextLine id="r7l30" primaryLanguage="German" custom="readingOrder {index:29;}">
                <Coords points="1119,1595 1123,1594 1253,1587 2135,1607 2135,1645 1119,1622"/>
                <Baseline points="1119,1614 1520,1623 2131,1637"/>
                <TextEquiv>
                    <Unicode>nur ganz ausnahmsweiſe aufgenommen. Die Aufnahme in den</Unicode>
                </TextEquiv>
                <TextStyle fontFamily="Times New Roman" fontSize="8.0"/>
            </TextLine>
            <TextLine id="r7l31" primaryLanguage="German" custom="readingOrder {index:30;}">
                <Coords points="1119,1622 1132,1621 2133,1640 2133,1678 1119,1657"/>
                <Baseline points="1119,1649 2129,1669"/>
                <TextEquiv>
                    <Unicode>vierten — bei der Kavallerie⸗, Artillerie⸗ und Pionier⸗</Unicode>
                </TextEquiv>
                <TextStyle fontFamily="Times New Roman" fontSize="8.0"/>
            </TextLine>
            <TextLine id="r7l32" primaryLanguage="German" custom="readingOrder {index:31;}">
                <Coords points="1118,1657 1131,1656 1131,1656 2129,1680 2129,1717 1118,1693"/>
                <Baseline points="1118,1685 1340,1689 1423,1692 1473,1694 1544,1693 1668,1698 2129,1709"/>
                <TextEquiv>
                    <Unicode>Kadettenſchule auch in den dritten — Jahrgang iſt unzuläſſig.</Unicode>
                </TextEquiv>
                <TextStyle fontFamily="Times New Roman" fontSize="8.0"/>
            </TextLine>
            <TextLine id="r7l33" primaryLanguage="German" custom="readingOrder {index:32;}">
                <Coords points="1116,1693 1144,1692 1144,1692 2126,1715 2126,1752 1116,1729"/>
                <Baseline points="1116,1721 1295,1727 1367,1727 1440,1727 1709,1735 1995,1742 2052,1744 2126,1744"/>
                <TextEquiv>
                    <Unicode>Aſpiranten, die die Erlangung der Fähnrich⸗Charge in der</Unicode>
                </TextEquiv>
                <TextStyle fontFamily="Times New Roman" fontSize="8.0"/>
            </TextLine>
            <TextLine id="r7l34" primaryLanguage="German" custom="readingOrder {index:33;}">
                <Coords points="1116,1730 1183,1729 1183,1729 2127,1752 2127,1788 1116,1766"/>
                <Baseline points="1116,1758 1306,1762 1563,1770 1897,1776 1978,1777 2126,1782"/>
                <TextEquiv>
                    <Unicode>Train⸗ oder Sanitätstruppe anſtreben, können in eine beliebige</Unicode>
                </TextEquiv>
                <TextStyle fontFamily="Times New Roman" fontSize="8.0"/>
            </TextLine>
            <TextLine id="r7l35" primaryLanguage="German" custom="readingOrder {index:34;}">
                <Coords points="1114,1764 2127,1788 2127,1822 1114,1799"/>
                <Baseline points="1114,1792 1338,1795 1495,1799 1569,1802 1695,1805 2127,1817"/>
                <TextEquiv>
                    <Unicode>Kadettenſchule eintreten und werden erſt nach Abſolvierung des</Unicode>
                </TextEquiv>
                <TextStyle fontFamily="Times New Roman" fontSize="8.0"/>
            </TextLine>
            <TextLine id="r7l36" primaryLanguage="German" custom="readingOrder {index:35;}">
                <Coords points="1113,1800 1138,1799 1138,1799 2126,1827 2126,1860 1113,1833"/>
                <Baseline points="1114,1825 1427,1834 1705,1842 1781,1843 1962,1850 2021,1850 2126,1853"/>
                <TextEquiv>
                    <Unicode>dritten Jahrganges nach Maßgabe des Bedarfes in den</Unicode>
                </TextEquiv>
                <TextStyle fontFamily="Times New Roman" fontSize="8.0"/>
            </TextLine>
            <TextLine id="r7l37" primaryLanguage="German" custom="readingOrder {index:36;}">
                <Coords points="1111,1835 1137,1834 1137,1834 2125,1863 2125,1896 1111,1868"/>
                <Baseline points="1112,1860 1538,1873 1596,1875 1846,1882 2124,1889"/>
                <TextEquiv>
                    <Unicode>Infanterie⸗Kadettenſchulen in Budapeſt und Prag vereinigt.</Unicode>
                </TextEquiv>
                <TextStyle fontFamily="Times New Roman" fontSize="8.0"/>
            </TextLine>
            <TextLine id="r7l38" primaryLanguage="German" custom="readingOrder {index:37;}">
                <Coords points="1109,1869 2125,1896 2125,1930 1109,1905"/>
                <Baseline points="1110,1898 1167,1898 1544,1910 1780,1916 1881,1920 2125,1926"/>
                <TextEquiv>
                    <Unicode>Die Aufnahmsbedingungen nebſt Muſter eines Geſuches, das</Unicode>
                </TextEquiv>
                <TextStyle fontFamily="Times New Roman" fontSize="8.0"/>
            </TextLine>
            <TextLine id="r7l39" primaryLanguage="German" custom="readingOrder {index:38;}">
                <Coords points="1110,1906 1157,1904 2124,1931 2123,1968 1110,1941"/>
                <Baseline points="1110,1933 1873,1956 1928,1956 2123,1961"/>
                <TextEquiv>
                    <Unicode>bis zum 12. Juli, beziehungsweiſe 15. Auguſt zu überreichen</Unicode>
                </TextEquiv>
                <TextStyle fontFamily="Times New Roman" fontSize="8.0"/>
            </TextLine>
            <TextLine id="r7l40" primaryLanguage="German" custom="readingOrder {index:39;}">
                <Coords points="1110,1940 2122,1970 2122,2003 1110,1976"/>
                <Baseline points="1110,1968 2122,1998"/>
                <TextEquiv>
                    <Unicode>iſt, finden unſere Leſer im Auskunftskalender 5. Teil für</Unicode>
                </TextEquiv>
                <TextStyle fontFamily="Times New Roman" fontSize="8.0"/>
            </TextLine>
            <TextLine id="r7l41" primaryLanguage="German" custom="readingOrder {index:40;}">
                <Coords points="1106,1976 2123,1999 2123,2036 1106,2013"/>
                <Baseline points="1109,2006 2119,2029"/>
                <TextEquiv>
                    <Unicode>Militärangelegenheiten, der bei Einſendung von 30 h in Brief⸗</Unicode>
                </TextEquiv>
                <TextStyle fontFamily="Times New Roman" fontSize="8.0"/>
            </TextLine>
            <TextLine id="r7l42" primaryLanguage="German" custom="readingOrder {index:41;}">
                <Coords points="1108,2023 1174,2017 1188,2016 2127,2037 2129,2078 1108,2052"/>
                <Baseline points="1108,2044 1344,2048 1596,2055 2123,2066"/>
                <TextEquiv>
                    <Unicode>marken an die Adminiſtration der „Illuſtr. Kronen⸗Zeitung“,</Unicode>
                </TextEquiv>
                <TextStyle fontFamily="Times New Roman" fontSize="8.0"/>
            </TextLine>
            <TextLine id="r7l43" primaryLanguage="German" custom="readingOrder {index:42;}">
                <Coords points="1110,2079 1110,2052 1135,2051 1135,2051 1961,2073 1961,2108 1124,2087"/>
                <Baseline points="1110,2079 1858,2099 1960,2101"/>
                <TextEquiv>
                    <Unicode>9. Bez., Pramergaſſe 28, portofrei zugeſchickt wird.</Unicode>
                </TextEquiv>
                <TextStyle fontFamily="Times New Roman" fontSize="8.0"/>
            </TextLine>
            <TextLine id="r7l44" primaryLanguage="German" custom="readingOrder {index:43;}">
                <Coords points="1191,2106 2120,2127 2116,2170 1191,2144"/>
                <Baseline points="1189,2136 1455,2146 1570,2149 1726,2155 1820,2158 2119,2162"/>
                <TextEquiv>
                    <Unicode>(Der Held von Port Arthur als Schuldirektor.)</Unicode>
                </TextEquiv>
                <TextStyle fontFamily="Times New Roman" fontSize="9.0"/>
            </TextLine>
            <TextLine id="r7l45" primaryLanguage="German" custom="readingOrder {index:44;}">
                <Coords points="1106,2148 2120,2174 2120,2214 1106,2190"/>
                <Baseline points="1106,2182 2117,2208"/>
                <TextEquiv>
                    <Unicode>General Nogi, der Held von Port Arthur, iſt in Tokio</Unicode>
                </TextEquiv>
                <TextStyle fontFamily="Times New Roman" fontSize="9.0"/>
            </TextLine>
            <TextLine id="r7l46" primaryLanguage="German" custom="readingOrder {index:45;}">
                <Coords points="1103,2202 1143,2193 2117,2219 2117,2259 1103,2232"/>
                <Baseline points="1099,2224 1175,2226 1295,2228 1396,2232 1602,2238 1753,2242 1894,2246 1976,2247 2049,2250 2116,2251"/>
                <TextEquiv>
                    <Unicode>zum Leiter einer Volksſchule gewählt worden und ſoll als</Unicode>
                </TextEquiv>
                <TextStyle fontFamily="Times New Roman" fontSize="9.0"/>
            </TextLine>
            <TextLine id="r7l47" primaryLanguage="German" custom="readingOrder {index:46;}">
                <Coords points="1098,2237 1136,2232 2111,2258 2111,2301 1098,2276"/>
                <Baseline points="1101,2268 2115,2294"/>
                <TextEquiv>
                    <Unicode>ſolcher täglich zehnjährigen Knaben Unterricht erteilen.</Unicode>
                </TextEquiv>
                <TextStyle fontFamily="Times New Roman" fontSize="9.0"/>
            </TextLine>
            <TextLine id="r7l48" primaryLanguage="German" custom="readingOrder {index:47;}">
                <Coords points="1097,2280 1127,2279 2118,2307 2118,2348 1097,2320"/>
                <Baseline points="1101,2312 2116,2339"/>
                <TextEquiv>
                    <Unicode>Die japaniſche Staatsverwaltung wollte durch dieſe Er⸗</Unicode>
                </TextEquiv>
                <TextStyle fontFamily="Times New Roman" fontSize="9.0"/>
            </TextLine>
            <TextLine id="r7l49" primaryLanguage="German" custom="readingOrder {index:48;}">
                <Coords points="1097,2329 1124,2327 1181,2327 2111,2354 2111,2389 1097,2362"/>
                <Baseline points="1100,2354 2111,2383"/>
                <TextEquiv>
                    <Unicode>nennung vor dem ganzen Volke die Wichtigkeit des</Unicode>
                </TextEquiv>
            </TextLine>
            <TextLine id="r7l50" primaryLanguage="German" custom="readingOrder {index:49;}">
                <Coords points="1098,2368 2111,2392 2109,2434 1098,2404"/>
                <Baseline points="1097,2396 1755,2418 1830,2419 1902,2420 2109,2428"/>
                <TextEquiv>
                    <Unicode>Jugendunterrichtes betonen. In der japaniſchen</Unicode>
                </TextEquiv>
            </TextLine>
            <TextLine id="r7l51" primaryLanguage="German" custom="readingOrder {index:50;}">
                <Coords points="1098,2408 2108,2437 2108,2478 1093,2449"/>
                <Baseline points="1094,2441 2107,2470"/>
                <TextEquiv>
                    <Unicode>Preſſe wird auch darauf hingewieſen, daß der deutſche</Unicode>
                </TextEquiv>
                <TextStyle fontFamily="Times New Roman" fontSize="9.0"/>
            </TextLine>
            <TextLine id="r7l52" primaryLanguage="German" custom="readingOrder {index:51;}">
                <Coords points="1094,2453 2113,2483 2113,2520 1095,2494"/>
                <Baseline points="1095,2486 2004,2515 2109,2514"/>
                <TextEquiv>
                    <Unicode>Generalfeldmarſchall Graf Haeſeler jüngſt die Ver⸗</Unicode>
                </TextEquiv>
            </TextLine>
            <TextLine id="r7l53" primaryLanguage="German" custom="readingOrder {index:52;}">
                <Coords points="1092,2497 2105,2522 2108,2557 2092,2559 2085,2559 1092,2535"/>
                <Baseline points="1094,2529 1804,2550 2105,2552"/>
                <TextEquiv>
                    <Unicode>tretung eines beurlaubten Schullehrers perſönlich über⸗</Unicode>
                </TextEquiv>
                <TextStyle fontFamily="Times New Roman" fontSize="9.0"/>
            </TextLine>
            <TextLine id="r7l54" primaryLanguage="German" custom="readingOrder {index:53;}">
                <Coords points="1089,2550 1254,2547 1326,2550 1326,2586 1114,2582 1088,2574"/>
                <Baseline points="1094,2574 1239,2576 1325,2580"/>
                <TextEquiv>
                    <Unicode>nommen hat.</Unicode>
                </TextEquiv>
                <TextStyle fontFamily="Times New Roman" fontSize="9.0"/>
            </TextLine>
            <TextLine id="r7l55" primaryLanguage="German" custom="readingOrder {index:54;}">
                <Coords points="1193,2595 1202,2590 2070,2617 2105,2633 2105,2654 1193,2630"/>
                <Baseline points="1193,2621 1549,2633 1873,2643 1999,2646 2104,2649"/>
                <TextEquiv>
                    <Unicode>(Eine Gedenktafel im Stadlwandgraben.) Zum An⸗</Unicode>
                </TextEquiv>
                <TextStyle fontFamily="Times New Roman" fontSize="8.0"/>
            </TextLine>
            <TextLine id="r7l56" primaryLanguage="German" custom="readingOrder {index:55;}">
                <Coords points="1092,2629 2100,2657 2100,2689 1092,2664"/>
                <Baseline points="1092,2656 1191,2660 1252,2662 1418,2666 1468,2666 1589,2669 1914,2679 2100,2684"/>
                <TextEquiv>
                    <Unicode>denken an Fräulein Berta Wondraſchek, den Studenten</Unicode>
                </TextEquiv>
            </TextLine>
            <TextLine id="r7l57" primaryLanguage="German" custom="readingOrder {index:56;}">
                <Coords points="1091,2665 2099,2690 2099,2725 1091,2700"/>
                <Baseline points="1091,2692 1117,2692 1223,2695 1413,2699 1491,2701 1679,2707 1765,2709 2099,2717"/>
                <TextEquiv>
                    <Unicode>Karl Mayer und den Ingenieur Heinrich Renezeder,</Unicode>
                </TextEquiv>
            </TextLine>
            <TextLine id="r7l58" primaryLanguage="German" custom="readingOrder {index:57;}">
                <Coords points="1090,2700 2104,2728 2104,2763 1090,2736"/>
                <Baseline points="1092,2728 1265,2732 1772,2746 2022,2754 2098,2756"/>
                <TextEquiv>
                    <Unicode>die am 26. Juni 1910 in der Stadlwand abgeſtürzt ſind und</Unicode>
                </TextEquiv>
                <TextStyle fontFamily="Times New Roman" fontSize="8.0"/>
            </TextLine>
            <TextLine id="r7l59" primaryLanguage="German" custom="readingOrder {index:58;}">
                <Coords points="1086,2736 2098,2763 2098,2792 2094,2797 1086,2773"/>
                <Baseline points="1091,2764 1240,2766 1574,2777 2097,2792"/>
                <TextEquiv>
                    <Unicode>dabei den Tod fanden, wurde im Stadlwandgraben, nahe der</Unicode>
                </TextEquiv>
                <TextStyle fontFamily="Times New Roman" fontSize="8.0"/>
            </TextLine>
            <TextLine id="r7l60" primaryLanguage="German" custom="readingOrder {index:59;}">
                <Coords points="1083,2774 1121,2772 2098,2800 2098,2828 2083,2829 2029,2835 1083,2808"/>
                <Baseline points="1089,2800 1551,2812 2093,2826"/>
                <TextEquiv>
                    <Unicode>Unfallſtelle eine Gedenktafel errichtet, welche heute nachmit⸗</Unicode>
                </TextEquiv>
                <TextStyle fontFamily="Times New Roman" fontSize="8.0"/>
            </TextLine>
            <TextLine id="r7l61" primaryLanguage="German" custom="readingOrder {index:60;}">
                <Coords points="1085,2811 1146,2806 1847,2826 1847,2863 1106,2845 1085,2837"/>
                <Baseline points="1088,2837 1151,2838 1202,2839 1481,2846 1617,2853 1842,2858"/>
                <TextEquiv>
                    <Unicode>tags in feierlicher Weiſe enthüllt werden wird.</Unicode>
                </TextEquiv>
                <TextStyle fontFamily="Times New Roman" fontSize="8.0"/>
            </TextLine>
            <TextLine id="r7l62" primaryLanguage="German" custom="readingOrder {index:61;}">
                <Coords points="1188,2852 2056,2878 2092,2875 2092,2914 1187,2892"/>
                <Baseline points="1189,2887 2085,2909"/>
                <TextEquiv>
                    <Unicode>(Behördliche Schließung eines Auswandererbureaus.)</Unicode>
                </TextEquiv>
                <TextStyle fontFamily="Times New Roman" fontSize="8.0"/>
            </TextLine>
            <TextLine id="r7l63" primaryLanguage="German" custom="readingOrder {index:62;}">
                <Coords points="1081,2887 2097,2913 2096,2950 1080,2925"/>
                <Baseline points="1085,2917 2093,2943"/>
                <TextEquiv>
                    <Unicode>Wir werden um Aufnahme folgender Zuſchrift erſucht: „Das</Unicode>
                </TextEquiv>
                <TextStyle fontFamily="Times New Roman" fontSize="8.0"/>
            </TextLine>
            <TextLine id="r7l64" primaryLanguage="German" custom="readingOrder {index:63;}">
                <Coords points="1080,2924 1111,2923 2094,2952 2094,2985 1080,2959"/>
                <Baseline points="1083,2952 2091,2981"/>
                <TextEquiv>
                    <Unicode>Auswanderungsbureau „Univerſale“ in der Leopoldſtadt,</Unicode>
                </TextEquiv>
                <TextStyle fontFamily="Times New Roman" fontSize="8.0"/>
            </TextLine>
            <TextLine id="r7l65" primaryLanguage="German" custom="readingOrder {index:64;}">
                <Coords points="1082,2957 2095,2985 2095,3019 1082,2995"/>
                <Baseline points="1082,2987 1481,2997 1560,3000 1976,3013 2090,3015"/>
                <TextEquiv>
                    <Unicode>Große Stadtgutgaſſe, das dem ehemaligen Abgeordneten Ritter</Unicode>
                </TextEquiv>
                <TextStyle fontFamily="Times New Roman" fontSize="8.0"/>
            </TextLine>
            <TextLine id="r7l66" primaryLanguage="German" custom="readingOrder {index:65;}">
                <Coords points="1082,3000 1094,2996 1113,2995 1113,2995 2091,3024 2091,3056 1082,3030"/>
                <Baseline points="1082,3022 1106,3021 1544,3035 2008,3048 2092,3051"/>
                <TextEquiv>
                    <Unicode>v. Onciul gehörte, wurde nicht, wie es hieß, wegen ver⸗</Unicode>
                </TextEquiv>
                <TextStyle fontFamily="Times New Roman" fontSize="8.0"/>
            </TextLine>
            <TextLine id="r7l67" primaryLanguage="German" custom="readingOrder {index:66;}">
                <Coords points="1081,3026 2094,3053 2093,3093 1080,3066"/>
                <Baseline points="1082,3056 1229,3062 1422,3066 1596,3072 1779,3077 1860,3079 2040,3082 2095,3083"/>
                <TextEquiv>
                    <Unicode>ſchiedener Uebergriffe behördlich geſchloſſen. Die Sperrung iſt</Unicode>
                </TextEquiv>
                <TextStyle fontFamily="Times New Roman" fontSize="8.0"/>
            </TextLine>
            <TextLine id="r7l68" primaryLanguage="German" custom="readingOrder {index:67;}">
                <Coords points="1078,3072 1096,3066 1111,3064 2089,3091 2089,3126 1078,3100"/>
                <Baseline points="1077,3092 1637,3108 1818,3114 1895,3117 2087,3119"/>
                <TextEquiv>
                    <Unicode>aus gewerblichen Gründen erfolgt und hatte mit einer an⸗</Unicode>
                </TextEquiv>
                <TextStyle fontFamily="Times New Roman" fontSize="8.0"/>
            </TextLine>
            <TextLine id="r7l69" primaryLanguage="German" custom="readingOrder {index:68;}">
                <Coords points="1076,3107 1096,3102 1118,3098 2091,3131 2091,3162 1076,3134"/>
                <Baseline points="1077,3126 2087,3158"/>
                <TextEquiv>
                    <Unicode>geblich am 2. Mai erſtatteten Anzeige nichts zu tun. Das</Unicode>
                </TextEquiv>
                <TextStyle fontFamily="Times New Roman" fontSize="8.0"/>
            </TextLine>
            <TextLine id="r7l70" primaryLanguage="German" custom="readingOrder {index:69;}">
                <Coords points="1082,3147 1097,3136 1114,3135 2090,3163 2090,3198 1074,3171"/>
                <Baseline points="1079,3162 1479,3175 1680,3180 1956,3189 2086,3189"/>
                <TextEquiv>
                    <Unicode>„Univerſale“⸗Reiſebureau beſitzt, wie irrig behauptet wurde,</Unicode>
                </TextEquiv>
                <TextStyle fontFamily="Times New Roman" fontSize="8.0"/>
            </TextLine>
            <TextLine id="r7l71" primaryLanguage="German" custom="readingOrder {index:70;}">
                <Coords points="1073,3169 2090,3194 2090,3230 1073,3206"/>
                <Baseline points="1077,3198 1841,3221 2086,3223"/>
                <TextEquiv>
                    <Unicode>weder in Galizien, noch in Ungarn, Rumänien oder Sieben⸗</Unicode>
                </TextEquiv>
                <TextStyle fontFamily="Times New Roman" fontSize="8.0"/>
            </TextLine>
            <TextLine id="r7l72" primaryLanguage="German" custom="readingOrder {index:71;}">
                <Coords points="1070,3207 1105,3204 2087,3235 2087,3271 1070,3243"/>
                <Baseline points="1075,3234 1980,3262 2084,3264"/>
                <TextEquiv>
                    <Unicode>bürgen einen Agenten und Zutreiber. Die Auswanderer haben</Unicode>
                </TextEquiv>
                <TextStyle fontFamily="Times New Roman" fontSize="8.0"/>
            </TextLine>
            <TextLine id="r7l73" primaryLanguage="German" custom="readingOrder {index:72;}">
                <Coords points="1070,3249 1106,3243 1140,3241 2084,3269 2084,3303 1070,3279"/>
                <Baseline points="1073,3269 1501,3280 1691,3287 2008,3298 2082,3299"/>
                <TextEquiv>
                    <Unicode>auch niemals von Agenten ſogenannte Arbeiterkarten um den</Unicode>
                </TextEquiv>
                <TextStyle fontFamily="Times New Roman" fontSize="8.0"/>
            </TextLine>
            <TextLine id="r7l74" primaryLanguage="German" custom="readingOrder {index:73;}">
                <Coords points="1071,3282 1103,3278 1120,3275 2083,3304 2083,3340 1071,3311"/>
                <Baseline points="1075,3303 2081,3333"/>
                <TextEquiv>
                    <Unicode>vollen Fahrpreis bezahlen müſſen, bei denen der Agent mehr</Unicode>
                </TextEquiv>
                <TextStyle fontFamily="Times New Roman" fontSize="8.0"/>
            </TextLine>
            <TextLine id="r7l75" primaryLanguage="German" custom="readingOrder {index:74;}">
                <Coords points="1072,3320 1091,3312 1102,3308 2086,3338 2085,3375 1072,3348"/>
                <Baseline points="1072,3340 1119,3342 1200,3341 1326,3345 1468,3350 1561,3353 1634,3357 1700,3358 1808,3361 1954,3367 2080,3370"/>
                <TextEquiv>
                    <Unicode>als zwei Drittel verdient hätte und der Staat betrogen worden</Unicode>
                </TextEquiv>
                <TextStyle fontFamily="Times New Roman" fontSize="8.0"/>
            </TextLine>
            <TextLine id="r7l76" primaryLanguage="German" custom="readingOrder {index:75;}">
                <Coords points="1071,3345 2084,3373 2085,3408 1071,3384"/>
                <Baseline points="1071,3376 1155,3376 1669,3391 1722,3393 1822,3397 1958,3401 2079,3399"/>
                <TextEquiv>
                    <Unicode>wäre. Keiner der Auswanderer wollte zu einer anderen Geſell⸗</Unicode>
                </TextEquiv>
                <TextStyle fontFamily="Times New Roman" fontSize="8.0"/>
            </TextLine>
            <TextLine id="r7l77" primaryLanguage="German" custom="readingOrder {index:76;}">
                <Coords points="1069,3383 1081,3378 2083,3408 2083,3444 1071,3421"/>
                <Baseline points="1066,3411 1150,3411 1333,3415 1449,3420 1533,3424 1737,3429 1844,3433 1975,3438 2078,3440"/>
                <TextEquiv>
                    <Unicode>ſchaft übergehen, keiner war unbotmäßig und wurde, wie</Unicode>
                </TextEquiv>
                <TextStyle fontFamily="Times New Roman" fontSize="8.0"/>
            </TextLine>
            <TextLine id="r7l78" primaryLanguage="German" custom="readingOrder {index:77;}">
                <Coords points="1066,3416 2075,3444 2075,3480 1066,3455"/>
                <Baseline points="1064,3445 1207,3448 1369,3452 1494,3458 1665,3461 1724,3463 1799,3463 1910,3471 1980,3471 2075,3474"/>
                <TextEquiv>
                    <Unicode>grundlos behauptet wurde, geſchlagen. Es ereignete ſich nie der</Unicode>
                </TextEquiv>
            </TextLine>
        </TextRegion>
        <TextRegion type="heading" id="r8" custom="readingOrder {index:8;} structure {type:heading;}">
            <Coords points="2202,276 2586,274 2591,377 2196,383"/>
            <TextLine id="r8l1" primaryLanguage="German" custom="readingOrder {index:0;}">
                <Coords points="2216,300 2550,300 2570,320 2573,373 2211,377"/>
                <Baseline points="2217,361 2569,361"/>
                <TextEquiv>
                    <Unicode>Auskünfte.</Unicode>
                </TextEquiv>
                <TextStyle fontFamily="Times New Roman" fontSize="17.0"/>
            </TextLine>
        </TextRegion>
        <TextRegion type="paragraph" id="r9" custom="readingOrder {index:9;}">
            <Coords points="2185,384 2663,379 2669,685 2662,1492 2594,3531 2104,3515 2119,2796 2128,2441 2175,727"/>
            <TextLine id="r9l1" primaryLanguage="German" custom="readingOrder {index:0;}">
                <Coords points="2231,397 2318,392 2587,399 2588,438 2231,433"/>
                <Baseline points="2233,425 2595,435"/>
                <TextEquiv>
                    <Unicode>Joſefine 69. Man reib</Unicode>
                </TextEquiv>
                <TextStyle fontFamily="Times New Roman" fontSize="8.0"/>
            </TextLine>
            <TextLine id="r9l2" primaryLanguage="German" custom="readingOrder {index:1;}">
                <Coords points="2199,433 2219,431 2589,434 2589,472 2199,469"/>
                <Baseline points="2199,461 2254,460 2357,462 2439,466 2587,464"/>
                <TextEquiv>
                    <Unicode>den Fleck mit Schmalz</Unicode>
                </TextEquiv>
                <TextStyle fontFamily="Times New Roman" fontSize="8.0"/>
            </TextLine>
            <TextLine id="r9l3" primaryLanguage="German" custom="readingOrder {index:2;}">
                <Coords points="2198,468 2254,465 2254,465 2587,471 2587,510 2198,504"/>
                <Baseline points="2199,496 2593,502"/>
                <TextEquiv>
                    <Unicode>oder Butter ein, läßt</Unicode>
                </TextEquiv>
                <TextStyle fontFamily="Times New Roman" fontSize="8.0"/>
            </TextLine>
            <TextLine id="r9l4" primaryLanguage="German" custom="readingOrder {index:3;}">
                <Coords points="2200,501 2586,507 2586,546 2200,540"/>
                <Baseline points="2200,532 2291,533 2378,536 2501,539 2586,538"/>
                <TextEquiv>
                    <Unicode>einige Zeit liegen, reibt</Unicode>
                </TextEquiv>
                <TextStyle fontFamily="Times New Roman" fontSize="8.0"/>
            </TextLine>
            <TextLine id="r9l5" primaryLanguage="German" custom="readingOrder {index:4;}">
                <Coords points="2197,536 2585,542 2585,580 2197,575"/>
                <Baseline points="2197,567 2272,567 2348,570 2451,571 2518,573 2585,573"/>
                <TextEquiv>
                    <Unicode>dann mit Seife ein und</Unicode>
                </TextEquiv>
                <TextStyle fontFamily="Times New Roman" fontSize="8.0"/>
            </TextLine>
            <TextLine id="r9l6" primaryLanguage="German" custom="readingOrder {index:5;}">
                <Coords points="2198,576 2311,571 2311,571 2585,575 2585,616 2198,611"/>
                <Baseline points="2198,603 2292,605 2508,609 2585,608"/>
                <TextEquiv>
                    <Unicode>wäſcht abwechſelnd mit</Unicode>
                </TextEquiv>
                <TextStyle fontFamily="Times New Roman" fontSize="8.0"/>
            </TextLine>
            <TextLine id="r9l7" primaryLanguage="German" custom="readingOrder {index:6;}">
                <Coords points="2197,610 2215,607 2215,607 2583,613 2583,653 2197,647"/>
                <Baseline points="2197,639 2302,642 2386,642 2582,645"/>
                <TextEquiv>
                    <Unicode>Waſſer und Terpentinöl</Unicode>
                </TextEquiv>
                <TextStyle fontFamily="Times New Roman" fontSize="8.0"/>
            </TextLine>
            <TextLine id="r9l8" primaryLanguage="German" custom="readingOrder {index:7;}">
                <Coords points="2195,653 2228,651 2228,651 2228,651 2262,652 2262,676 2228,676 2195,673"/>
                <Baseline points="2195,674 2261,676"/>
                <TextEquiv>
                    <Unicode>aus.</Unicode>
                </TextEquiv>
                <TextStyle fontFamily="Times New Roman" fontSize="8.0"/>
            </TextLine>
            <TextLine id="r9l9" primaryLanguage="German" custom="readingOrder {index:8;}">
                <Coords points="2232,699 2250,698 2250,698 2583,702 2583,740 2232,736"/>
                <Baseline points="2232,728 2420,730 2583,732"/>
                <TextEquiv>
                    <Unicode>Wiſſenſchaft, Wolfsau⸗</Unicode>
                </TextEquiv>
                <TextStyle fontFamily="Times New Roman" fontSize="8.0"/>
            </TextLine>
            <TextLine id="r9l10" primaryLanguage="German" custom="readingOrder {index:9;}">
                <Coords points="2194,741 2213,732 2213,732 2589,739 2589,776 2194,772"/>
                <Baseline points="2189,764 2273,763 2351,766 2446,766 2588,771"/>
                <TextEquiv>
                    <Unicode>gaſſe. 1. Wir würden</Unicode>
                </TextEquiv>
                <TextStyle fontFamily="Times New Roman" fontSize="8.0"/>
            </TextLine>
            <TextLine id="r9l11" primaryLanguage="German" custom="readingOrder {index:10;}">
                <Coords points="2191,770 2229,768 2229,768 2589,773 2589,812 2191,807"/>
                <Baseline points="2187,799 2289,800 2416,802 2497,800 2588,804"/>
                <TextEquiv>
                    <Unicode>Ihnen raten, ſich dem</Unicode>
                </TextEquiv>
                <TextStyle fontFamily="Times New Roman" fontSize="8.0"/>
            </TextLine>
            <TextLine id="r9l12" primaryLanguage="German" custom="readingOrder {index:11;}">
                <Coords points="2192,806 2204,801 2588,811 2588,849 2192,840"/>
                <Baseline points="2192,831 2361,836 2513,839 2588,841"/>
                <TextEquiv>
                    <Unicode>elektriſchen Berufe zu</Unicode>
                </TextEquiv>
                <TextStyle fontFamily="Times New Roman" fontSize="8.0"/>
            </TextLine>
            <TextLine id="r9l13" primaryLanguage="German" custom="readingOrder {index:12;}">
                <Coords points="2191,844 2216,841 2268,839 2589,846 2588,882 2191,876"/>
                <Baseline points="2191,868 2317,869 2444,873 2523,874 2588,876"/>
                <TextEquiv>
                    <Unicode>widmen. Leſen Sie die</Unicode>
                </TextEquiv>
                <TextStyle fontFamily="Times New Roman" fontSize="8.0"/>
            </TextLine>
            <TextLine id="r9l14" primaryLanguage="German" custom="readingOrder {index:13;}">
                <Coords points="2189,876 2295,874 2295,874 2587,877 2587,915 2189,912"/>
                <Baseline points="2189,904 2330,906 2395,908 2587,907"/>
                <TextEquiv>
                    <Unicode>Auskunft im Auskunfts⸗</Unicode>
                </TextEquiv>
                <TextStyle fontFamily="Times New Roman" fontSize="8.0"/>
            </TextLine>
            <TextLine id="r9l15" primaryLanguage="German" custom="readingOrder {index:14;}">
                <Coords points="2190,910 2586,919 2586,951 2190,947"/>
                <Baseline points="2190,939 2314,940 2381,940 2495,941 2586,948"/>
                <TextEquiv>
                    <Unicode>kalender 4. Teil, der</Unicode>
                </TextEquiv>
                <TextStyle fontFamily="Times New Roman" fontSize="8.0"/>
            </TextLine>
            <TextLine id="r9l16" primaryLanguage="German" custom="readingOrder {index:15;}">
                <Coords points="2187,948 2267,943 2585,951 2585,991 2187,982"/>
                <Baseline points="2192,975 2283,975 2368,979 2589,984"/>
                <TextEquiv>
                    <Unicode>Ihnen bei Einſendung</Unicode>
                </TextEquiv>
                <TextStyle fontFamily="Times New Roman" fontSize="8.0"/>
            </TextLine>
            <TextLine id="r9l17" primaryLanguage="German" custom="readingOrder {index:16;}">
                <Coords points="2186,980 2582,988 2582,1023 2186,1018"/>
                <Baseline points="2189,1010 2242,1009 2295,1011 2330,1013 2378,1013 2582,1018"/>
                <TextEquiv>
                    <Unicode>von 25 h in Briefmarken</Unicode>
                </TextEquiv>
                <TextStyle fontFamily="Times New Roman" fontSize="8.0"/>
            </TextLine>
            <TextLine id="r9l18" primaryLanguage="German" custom="readingOrder {index:17;}">
                <Coords points="2186,1015 2586,1020 2586,1058 2186,1053"/>
                <Baseline points="2182,1045 2320,1047 2488,1049 2587,1050"/>
                <TextEquiv>
                    <Unicode>portofrei zugeſchickt wird.</Unicode>
                </TextEquiv>
                <TextStyle fontFamily="Times New Roman" fontSize="8.0"/>
            </TextLine>
            <TextLine id="r9l19" primaryLanguage="German" custom="readingOrder {index:18;}">
                <Coords points="2184,1068 2231,1052 2231,1052 2583,1058 2583,1093 2184,1087"/>
                <Baseline points="2183,1079 2224,1079 2270,1081 2379,1084 2448,1086 2582,1085"/>
                <TextEquiv>
                    <Unicode>— 2. Jeder der Einſen⸗</Unicode>
                </TextEquiv>
                <TextStyle fontFamily="Times New Roman" fontSize="8.0"/>
            </TextLine>
            <TextLine id="r9l20" primaryLanguage="German" custom="readingOrder {index:19;}">
                <Coords points="2178,1089 2197,1087 2585,1094 2585,1130 2178,1124"/>
                <Baseline points="2181,1116 2210,1116 2228,1117 2332,1120 2424,1120 2526,1124 2582,1122"/>
                <TextEquiv>
                    <Unicode>der wollte einen Preis er⸗</Unicode>
                </TextEquiv>
                <TextStyle fontFamily="Times New Roman" fontSize="8.0"/>
            </TextLine>
            <TextLine id="r9l21" primaryLanguage="German" custom="readingOrder {index:20;}">
                <Coords points="2178,1124 2198,1122 2586,1127 2586,1167 2178,1162"/>
                <Baseline points="2180,1154 2276,1154 2351,1157 2417,1158 2492,1159 2582,1159"/>
                <TextEquiv>
                    <Unicode>halten und das war nicht</Unicode>
                </TextEquiv>
                <TextStyle fontFamily="Times New Roman" fontSize="8.0"/>
            </TextLine>
            <TextLine id="r9l22" primaryLanguage="German" custom="readingOrder {index:21;}">
                <Coords points="2175,1158 2582,1162 2582,1198 2175,1194"/>
                <Baseline points="2176,1187 2583,1192"/>
                <TextEquiv>
                    <Unicode>durchzuführen.— 3. Ueber</Unicode>
                </TextEquiv>
                <TextStyle fontFamily="Times New Roman" fontSize="8.0"/>
            </TextLine>
            <TextLine id="r9l23" primaryLanguage="German" custom="readingOrder {index:22;}">
                <Coords points="2183,1215 2196,1196 2217,1193 2588,1196 2588,1236 2183,1233"/>
                <Baseline points="2184,1225 2380,1227 2471,1228 2589,1227"/>
                <TextEquiv>
                    <Unicode>„Beſeitigung von Mit⸗</Unicode>
                </TextEquiv>
                <TextStyle fontFamily="Times New Roman" fontSize="8.0"/>
            </TextLine>
            <TextLine id="r9l24" primaryLanguage="German" custom="readingOrder {index:23;}">
                <Coords points="2177,1239 2193,1231 2226,1228 2583,1236 2583,1273 2177,1265"/>
                <Baseline points="2181,1257 2267,1258 2361,1260 2580,1265"/>
                <TextEquiv>
                    <Unicode>eſſern und Wimmerln“</Unicode>
                </TextEquiv>
                <TextStyle fontFamily="Times New Roman" fontSize="8.0"/>
            </TextLine>
            <TextLine id="r9l25" primaryLanguage="German" custom="readingOrder {index:24;}">
                <Coords points="2172,1265 2193,1265 2224,1264 2582,1269 2582,1307 2172,1301"/>
                <Baseline points="2176,1293 2274,1296 2366,1299 2465,1298 2580,1299"/>
                <TextEquiv>
                    <Unicode>finden Sie eine Aus⸗</Unicode>
                </TextEquiv>
                <TextStyle fontFamily="Times New Roman" fontSize="8.0"/>
            </TextLine>
            <TextLine id="r9l26" primaryLanguage="German" custom="readingOrder {index:25;}">
                <Coords points="2177,1300 2572,1303 2572,1339 2177,1335"/>
                <Baseline points="2177,1328 2253,1330 2349,1331 2571,1332"/>
                <TextEquiv>
                    <Unicode>kunft im Auskunfts⸗</Unicode>
                </TextEquiv>
                <TextStyle fontFamily="Times New Roman" fontSize="8.0"/>
            </TextLine>
            <TextLine id="r9l27" primaryLanguage="German" custom="readingOrder {index:26;}">
                <Coords points="2176,1337 2196,1334 2196,1334 2571,1342 2571,1377 2176,1371"/>
                <Baseline points="2176,1363 2301,1365 2366,1364 2480,1368 2571,1371"/>
                <TextEquiv>
                    <Unicode>kalender 1. Teil, der</Unicode>
                </TextEquiv>
                <TextStyle fontFamily="Times New Roman" fontSize="8.0"/>
            </TextLine>
            <TextLine id="r9l28" primaryLanguage="German" custom="readingOrder {index:27;}">
                <Coords points="2174,1372 2265,1370 2577,1375 2577,1412 2174,1406"/>
                <Baseline points="2172,1398 2269,1401 2354,1401 2576,1404"/>
                <TextEquiv>
                    <Unicode>Ihnen bei Einſendung</Unicode>
                </TextEquiv>
                <TextStyle fontFamily="Times New Roman" fontSize="8.0"/>
            </TextLine>
            <TextLine id="r9l29" primaryLanguage="German" custom="readingOrder {index:28;}">
                <Coords points="2171,1404 2573,1412 2573,1447 2171,1442"/>
                <Baseline points="2174,1434 2227,1434 2280,1435 2316,1436 2364,1437 2570,1442"/>
                <TextEquiv>
                    <Unicode>von 25 h in Briefmarken</Unicode>
                </TextEquiv>
                <TextStyle fontFamily="Times New Roman" fontSize="8.0"/>
            </TextLine>
            <TextLine id="r9l30" primaryLanguage="German" custom="readingOrder {index:29;}">
                <Coords points="2174,1447 2190,1440 2190,1440 2573,1451 2573,1486 2174,1475"/>
                <Baseline points="2176,1467 2308,1471 2477,1476 2573,1478"/>
                <TextEquiv>
                    <Unicode>portofrei zugeſchickt wird.</Unicode>
                </TextEquiv>
                <TextStyle fontFamily="Times New Roman" fontSize="8.0"/>
            </TextLine>
            <TextLine id="r9l31" primaryLanguage="German" custom="readingOrder {index:30;}">
                <Coords points="2212,1497 2319,1493 2575,1496 2576,1535 2212,1532"/>
                <Baseline points="2212,1524 2391,1527 2445,1526 2499,1527 2571,1528"/>
                <TextEquiv>
                    <Unicode>Unerfahren, E. R. Sie</Unicode>
                </TextEquiv>
                <TextStyle fontFamily="Times New Roman" fontSize="8.0"/>
            </TextLine>
            <TextLine id="r9l32" primaryLanguage="German" custom="readingOrder {index:31;}">
                <Coords points="2172,1539 2204,1532 2219,1529 2578,1538 2578,1574 2172,1565"/>
                <Baseline points="2174,1557 2297,1559 2391,1560 2514,1564 2572,1567"/>
                <TextEquiv>
                    <Unicode>erhalten im Bureau in</Unicode>
                </TextEquiv>
                <TextStyle fontFamily="Times New Roman" fontSize="8.0"/>
            </TextLine>
            <TextLine id="r9l33" primaryLanguage="German" custom="readingOrder {index:32;}">
                <Coords points="2171,1565 2578,1573 2575,1607 2171,1600"/>
                <Baseline points="2172,1592 2219,1593 2438,1596 2505,1599 2571,1598"/>
                <TextEquiv>
                    <Unicode>der Schulerſtraße die ge⸗</Unicode>
                </TextEquiv>
                <TextStyle fontFamily="Times New Roman" fontSize="8.0"/>
            </TextLine>
            <TextLine id="r9l34" primaryLanguage="German" custom="readingOrder {index:33;}">
                <Coords points="2171,1605 2198,1601 2235,1600 2574,1606 2574,1645 2180,1638 2171,1629"/>
                <Baseline points="2173,1629 2322,1633 2572,1636"/>
                <TextEquiv>
                    <Unicode>wünſchten Aufklärungen.</Unicode>
                </TextEquiv>
                <TextStyle fontFamily="Times New Roman" fontSize="8.0"/>
            </TextLine>
            <TextLine id="r9l35" primaryLanguage="German" custom="readingOrder {index:34;}">
                <Coords points="2203,1654 2272,1653 2571,1657 2571,1693 2203,1690"/>
                <Baseline points="2203,1682 2239,1683 2289,1684 2353,1683 2427,1686 2568,1686"/>
                <TextEquiv>
                    <Unicode>B. K. 45. Die Rosner⸗</Unicode>
                </TextEquiv>
                <TextStyle fontFamily="Times New Roman" fontSize="8.0"/>
            </TextLine>
            <TextLine id="r9l36" primaryLanguage="German" custom="readingOrder {index:35;}">
                <Coords points="2164,1687 2568,1698 2570,1731 2164,1719"/>
                <Baseline points="2165,1711 2222,1716 2477,1721 2567,1725"/>
                <TextEquiv>
                    <Unicode>ſche Armenſtiftung war</Unicode>
                </TextEquiv>
                <TextStyle fontFamily="Times New Roman" fontSize="8.0"/>
            </TextLine>
            <TextLine id="r9l37" primaryLanguage="German" custom="readingOrder {index:36;}">
                <Coords points="2166,1723 2187,1722 2568,1731 2568,1767 2166,1758"/>
                <Baseline points="2166,1750 2259,1751 2326,1755 2417,1756 2472,1755 2565,1759"/>
                <TextEquiv>
                    <Unicode>heuer bis zum 1. Mai</Unicode>
                </TextEquiv>
                <TextStyle fontFamily="Times New Roman" fontSize="8.0"/>
            </TextLine>
            <TextLine id="r9l38" primaryLanguage="German" custom="readingOrder {index:37;}">
                <Coords points="2165,1767 2198,1758 2567,1767 2567,1803 2165,1794"/>
                <Baseline points="2166,1786 2396,1789 2565,1794"/>
                <TextEquiv>
                    <Unicode>ausgeſchrieben. Ausge⸗</Unicode>
                </TextEquiv>
                <TextStyle fontFamily="Times New Roman" fontSize="8.0"/>
            </TextLine>
            <TextLine id="r9l39" primaryLanguage="German" custom="readingOrder {index:38;}">
                <Coords points="2163,1794 2192,1793 2567,1803 2567,1837 2163,1827"/>
                <Baseline points="2167,1819 2298,1823 2359,1825 2454,1827 2562,1829"/>
                <TextEquiv>
                    <Unicode>ſchrieben iſt jetzt unter</Unicode>
                </TextEquiv>
                <TextStyle fontFamily="Times New Roman" fontSize="8.0"/>
            </TextLine>
            <TextLine id="r9l40" primaryLanguage="German" custom="readingOrder {index:39;}">
                <Coords points="2163,1831 2181,1830 2249,1828 2565,1832 2565,1870 2163,1866"/>
                <Baseline points="2165,1858 2258,1860 2403,1863 2560,1862"/>
                <TextEquiv>
                    <Unicode>vielen anderen Stiftun⸗</Unicode>
                </TextEquiv>
                <TextStyle fontFamily="Times New Roman" fontSize="8.0"/>
            </TextLine>
            <TextLine id="r9l41" primaryLanguage="German" custom="readingOrder {index:40;}">
                <Coords points="2162,1872 2235,1867 2257,1866 2285,1865 2562,1867 2562,1906 2162,1903"/>
                <Baseline points="2162,1895 2214,1895 2283,1894 2439,1898 2559,1899"/>
                <TextEquiv>
                    <Unicode>gen die Wilhelm Ritter</Unicode>
                </TextEquiv>
                <TextStyle fontFamily="Times New Roman" fontSize="8.0"/>
            </TextLine>
            <TextLine id="r9l42" primaryLanguage="German" custom="readingOrder {index:41;}">
                <Coords points="2163,1904 2220,1901 2280,1899 2563,1901 2563,1939 2163,1936"/>
                <Baseline points="2165,1928 2189,1928 2379,1931 2561,1932"/>
                <TextEquiv>
                    <Unicode>v. Lucamſche Stiftung</Unicode>
                </TextEquiv>
                <TextStyle fontFamily="Times New Roman" fontSize="8.0"/>
            </TextLine>
            <TextLine id="r9l43" primaryLanguage="German" custom="readingOrder {index:42;}">
                <Coords points="2156,1934 2564,1941 2564,1977 2156,1970"/>
                <Baseline points="2157,1963 2213,1963 2474,1967 2559,1969"/>
                <TextEquiv>
                    <Unicode>zur Unterſtützung er⸗</Unicode>
                </TextEquiv>
                <TextStyle fontFamily="Times New Roman" fontSize="8.0"/>
            </TextLine>
            <TextLine id="r9l44" primaryLanguage="German" custom="readingOrder {index:43;}">
                <Coords points="2157,1970 2562,1976 2562,2012 2157,2006"/>
                <Baseline points="2160,1998 2402,2003 2561,2004"/>
                <TextEquiv>
                    <Unicode>werbsunfähiger Wiener.</Unicode>
                </TextEquiv>
                <TextStyle fontFamily="Times New Roman" fontSize="8.0"/>
            </TextLine>
            <TextLine id="r9l45" primaryLanguage="German" custom="readingOrder {index:44;}">
                <Coords points="2155,2006 2184,2005 2561,2009 2561,2045 2155,2041"/>
                <Baseline points="2159,2033 2556,2037"/>
                <TextEquiv>
                    <Unicode>Letzter Tag zur Ueber⸗</Unicode>
                </TextEquiv>
                <TextStyle fontFamily="Times New Roman" fontSize="8.0"/>
            </TextLine>
            <TextLine id="r9l46" primaryLanguage="German" custom="readingOrder {index:45;}">
                <Coords points="2157,2047 2175,2044 2188,2041 2559,2051 2559,2083 2157,2074"/>
                <Baseline points="2159,2067 2556,2077"/>
                <TextEquiv>
                    <Unicode>reichung des Anſuchens</Unicode>
                </TextEquiv>
                <TextStyle fontFamily="Times New Roman" fontSize="8.0"/>
            </TextLine>
            <TextLine id="r9l47" primaryLanguage="German" custom="readingOrder {index:46;}">
                <Coords points="2154,2076 2169,2075 2559,2085 2559,2116 2154,2110"/>
                <Baseline points="2158,2102 2555,2112"/>
                <TextEquiv>
                    <Unicode>15. Juli. Alles Nähere</Unicode>
                </TextEquiv>
                <TextStyle fontFamily="Times New Roman" fontSize="8.0"/>
            </TextLine>
            <TextLine id="r9l48" primaryLanguage="German" custom="readingOrder {index:47;}">
                <Coords points="2155,2109 2200,2110 2558,2115 2558,2151 2156,2146"/>
                <Baseline points="2157,2138 2223,2139 2554,2143"/>
                <TextEquiv>
                    <Unicode>über dieſe Stiftung fin⸗</Unicode>
                </TextEquiv>
                <TextStyle fontFamily="Times New Roman" fontSize="8.0"/>
            </TextLine>
            <TextLine id="r9l49" primaryLanguage="German" custom="readingOrder {index:48;}">
                <Coords points="2153,2146 2557,2152 2555,2188 2153,2179"/>
                <Baseline points="2156,2173 2208,2175 2291,2177 2358,2180 2552,2179"/>
                <TextEquiv>
                    <Unicode>den Sie im Auskunfts⸗</Unicode>
                </TextEquiv>
                <TextStyle fontFamily="Times New Roman" fontSize="8.0"/>
            </TextLine>
            <TextLine id="r9l50" primaryLanguage="German" custom="readingOrder {index:49;}">
                <Coords points="2154,2183 2560,2193 2559,2227 2153,2219"/>
                <Baseline points="2155,2211 2553,2221"/>
                <TextEquiv>
                    <Unicode>kalender 1. Teil, der</Unicode>
                </TextEquiv>
                <TextStyle fontFamily="Times New Roman" fontSize="8.0"/>
            </TextLine>
            <TextLine id="r9l51" primaryLanguage="German" custom="readingOrder {index:50;}">
                <Coords points="2152,2218 2184,2218 2557,2228 2557,2264 2152,2253"/>
                <Baseline points="2150,2246 2554,2257"/>
                <TextEquiv>
                    <Unicode>Ihnen bei Einſendung</Unicode>
                </TextEquiv>
                <TextStyle fontFamily="Times New Roman" fontSize="8.0"/>
            </TextLine>
            <TextLine id="r9l52" primaryLanguage="German" custom="readingOrder {index:51;}">
                <Coords points="2152,2258 2224,2256 2554,2265 2554,2297 2152,2290"/>
                <Baseline points="2154,2282 2550,2292"/>
                <TextEquiv>
                    <Unicode>von 25 h in Briefmarken</Unicode>
                </TextEquiv>
                <TextStyle fontFamily="Times New Roman" fontSize="8.0"/>
            </TextLine>
            <TextLine id="r9l53" primaryLanguage="German" custom="readingOrder {index:52;}">
                <Coords points="2151,2294 2170,2287 2552,2301 2553,2333 2152,2322"/>
                <Baseline points="2154,2314 2556,2328"/>
                <TextEquiv>
                    <Unicode>portofrei zugeſchickt wird.</Unicode>
                </TextEquiv>
                <TextStyle fontFamily="Times New Roman" fontSize="8.0"/>
            </TextLine>
            <TextLine id="r9l54" primaryLanguage="German" custom="readingOrder {index:53;}">
                <Coords points="2199,2342 2549,2348 2549,2385 2199,2379"/>
                <Baseline points="2199,2371 2462,2378 2549,2377"/>
                <TextEquiv>
                    <Unicode>Rauchfangkehrer, Wi⸗</Unicode>
                </TextEquiv>
                <TextStyle fontFamily="Times New Roman" fontSize="8.0"/>
            </TextLine>
            <TextLine id="r9l55" primaryLanguage="German" custom="readingOrder {index:54;}">
                <Coords points="2144,2377 2547,2386 2548,2419 2144,2410"/>
                <Baseline points="2147,2402 2545,2416"/>
                <TextEquiv>
                    <Unicode>derhofergaſſe. Es iſt nicht</Unicode>
                </TextEquiv>
                <TextStyle fontFamily="Times New Roman" fontSize="8.0"/>
            </TextLine>
            <TextLine id="r9l56" primaryLanguage="German" custom="readingOrder {index:55;}">
                <Coords points="2149,2413 2548,2422 2548,2455 2149,2446"/>
                <Baseline points="2147,2438 2544,2448"/>
                <TextEquiv>
                    <Unicode>ſtrafbar, wenn Sie ſich</Unicode>
                </TextEquiv>
                <TextStyle fontFamily="Times New Roman" fontSize="8.0"/>
            </TextLine>
            <TextLine id="r9l57" primaryLanguage="German" custom="readingOrder {index:56;}">
                <Coords points="2145,2455 2167,2446 2547,2460 2547,2488 2145,2482"/>
                <Baseline points="2147,2474 2198,2476 2289,2478 2341,2479 2473,2485 2542,2486"/>
                <TextEquiv>
                    <Unicode>mit einer 10 K⸗Note eine</Unicode>
                </TextEquiv>
                <TextStyle fontFamily="Times New Roman" fontSize="8.0"/>
            </TextLine>
            <TextLine id="r9l58" primaryLanguage="German" custom="readingOrder {index:57;}">
                <Coords points="2145,2482 2545,2493 2548,2527 2141,2515"/>
                <Baseline points="2145,2507 2263,2513 2444,2519 2540,2524"/>
                <TextEquiv>
                    <Unicode>Zigarre anzünden. Wenn</Unicode>
                </TextEquiv>
                <TextStyle fontFamily="Times New Roman" fontSize="8.0"/>
            </TextLine>
            <TextLine id="r9l59" primaryLanguage="German" custom="readingOrder {index:58;}">
                <Coords points="2142,2518 2174,2517 2541,2527 2543,2559 2140,2553"/>
                <Baseline points="2143,2546 2201,2547 2281,2548 2441,2554 2540,2554"/>
                <TextEquiv>
                    <Unicode>Sie die Banknote ver⸗</Unicode>
                </TextEquiv>
                <TextStyle fontFamily="Times New Roman" fontSize="8.0"/>
            </TextLine>
            <TextLine id="r9l60" primaryLanguage="German" custom="readingOrder {index:59;}">
                <Coords points="2140,2553 2160,2553 2544,2564 2544,2597 2140,2588"/>
                <Baseline points="2143,2581 2278,2584 2440,2591 2539,2592"/>
                <TextEquiv>
                    <Unicode>brennen, ſchenken Sie</Unicode>
                </TextEquiv>
                <TextStyle fontFamily="Times New Roman" fontSize="8.0"/>
            </TextLine>
            <TextLine id="r9l61" primaryLanguage="German" custom="readingOrder {index:60;}">
                <Coords points="2143,2588 2539,2602 2539,2634 2143,2624"/>
                <Baseline points="2143,2616 2191,2619 2446,2625 2539,2630"/>
                <TextEquiv>
                    <Unicode>der Oeſterr.⸗ungar. Bank</Unicode>
                </TextEquiv>
                <TextStyle fontFamily="Times New Roman" fontSize="8.0"/>
            </TextLine>
            <TextLine id="r9l62" primaryLanguage="German" custom="readingOrder {index:61;}">
                <Coords points="2146,2625 2255,2626 2250,2658 2141,2657"/>
                <Baseline points="2147,2651 2181,2651 2245,2655"/>
                <TextEquiv>
                    <Unicode>10 K.</Unicode>
                </TextEquiv>
                <TextStyle fontFamily="Times New Roman" fontSize="8.0"/>
            </TextLine>
            <TextLine id="r9l63" primaryLanguage="German" custom="readingOrder {index:62;}">
                <Coords points="2178,2676 2536,2684 2537,2721 2179,2713"/>
                <Baseline points="2179,2705 2345,2708 2536,2713"/>
                <TextEquiv>
                    <Unicode>Adele Fitz. Heidelbeer⸗</Unicode>
                </TextEquiv>
                <TextStyle fontFamily="Times New Roman" fontSize="8.0"/>
            </TextLine>
            <TextLine id="r9l64" primaryLanguage="German" custom="readingOrder {index:63;}">
                <Coords points="2139,2714 2172,2711 2178,2710 2178,2710 2535,2719 2535,2756 2139,2747"/>
                <Baseline points="2139,2739 2225,2741 2412,2747 2534,2748"/>
                <TextEquiv>
                    <Unicode>wein: Ganz reife Heidel⸗</Unicode>
                </TextEquiv>
                <TextStyle fontFamily="Times New Roman" fontSize="8.0"/>
            </TextLine>
            <TextLine id="r9l65" primaryLanguage="German" custom="readingOrder {index:64;}">
                <Coords points="2137,2746 2538,2755 2535,2791 2137,2782"/>
                <Baseline points="2137,2774 2534,2787"/>
                <TextEquiv>
                    <Unicode>beeren werden zerdrückt</Unicode>
                </TextEquiv>
                <TextStyle fontFamily="Times New Roman" fontSize="8.0"/>
            </TextLine>
            <TextLine id="r9l66" primaryLanguage="German" custom="readingOrder {index:65;}">
                <Coords points="2133,2788 2178,2783 2179,2783 2538,2792 2538,2826 2133,2816"/>
                <Baseline points="2137,2808 2194,2810 2326,2815 2532,2817"/>
                <TextEquiv>
                    <Unicode>und etwas Hollunder⸗</Unicode>
                </TextEquiv>
                <TextStyle fontFamily="Times New Roman" fontSize="8.0"/>
            </TextLine>
            <TextLine id="r9l67" primaryLanguage="German" custom="readingOrder {index:66;}">
                <Coords points="2132,2817 2150,2817 2164,2816 2536,2829 2536,2863 2132,2852"/>
                <Baseline points="2135,2845 2531,2857"/>
                <TextEquiv>
                    <Unicode>blüten, Nelken und Zimt</Unicode>
                </TextEquiv>
                <TextStyle fontFamily="Times New Roman" fontSize="8.0"/>
            </TextLine>
            <TextLine id="r9l68" primaryLanguage="German" custom="readingOrder {index:67;}">
                <Coords points="2132,2860 2172,2853 2534,2867 2534,2899 2132,2887"/>
                <Baseline points="2134,2879 2359,2887 2445,2889 2531,2893"/>
                <TextEquiv>
                    <Unicode>zugeſetzt; dies läßt man</Unicode>
                </TextEquiv>
                <TextStyle fontFamily="Times New Roman" fontSize="8.0"/>
            </TextLine>
            <TextLine id="r9l69" primaryLanguage="German" custom="readingOrder {index:68;}">
                <Coords points="2132,2887 2534,2900 2534,2934 2132,2923"/>
                <Baseline points="2135,2915 2224,2918 2318,2920 2444,2923 2528,2928"/>
                <TextEquiv>
                    <Unicode>einige Tage ſtehen, preßt</Unicode>
                </TextEquiv>
                <TextStyle fontFamily="Times New Roman" fontSize="8.0"/>
            </TextLine>
            <TextLine id="r9l70" primaryLanguage="German" custom="readingOrder {index:69;}">
                <Coords points="2130,2924 2143,2923 2533,2936 2531,2967 2130,2956"/>
                <Baseline points="2130,2948 2209,2953 2302,2956 2414,2960 2527,2964"/>
                <TextEquiv>
                    <Unicode>dann den Saft durch</Unicode>
                </TextEquiv>
                <TextStyle fontFamily="Times New Roman" fontSize="8.0"/>
            </TextLine>
            <TextLine id="r9l71" primaryLanguage="German" custom="readingOrder {index:70;}">
                <Coords points="2128,2958 2142,2957 2529,2968 2529,3004 2128,2994"/>
                <Baseline points="2130,2986 2280,2991 2377,2994 2454,2997 2526,2998"/>
                <TextEquiv>
                    <Unicode>Leinwand und füllt ihn</Unicode>
                </TextEquiv>
                <TextStyle fontFamily="Times New Roman" fontSize="8.0"/>
            </TextLine>
            <TextLine id="r9l72" primaryLanguage="German" custom="readingOrder {index:71;}">
                <Coords points="2129,2992 2530,3004 2530,3040 2128,3024"/>
                <Baseline points="2131,3020 2163,3020 2244,3023 2323,3027 2532,3032"/>
                <TextEquiv>
                    <Unicode>in ein mit Muskatnuß</Unicode>
                </TextEquiv>
                <TextStyle fontFamily="Times New Roman" fontSize="8.0"/>
            </TextLine>
            <TextLine id="r9l73" primaryLanguage="German" custom="readingOrder {index:72;}">
                <Coords points="2127,3037 2147,3029 2527,3043 2527,3075 2127,3064"/>
                <Baseline points="2129,3056 2360,3063 2525,3070"/>
                <TextEquiv>
                    <Unicode>ausgebranntes Fäßchen</Unicode>
                </TextEquiv>
                <TextStyle fontFamily="Times New Roman" fontSize="8.0"/>
            </TextLine>
            <TextLine id="r9l74" primaryLanguage="German" custom="readingOrder {index:73;}">
                <Coords points="2125,3062 2528,3079 2528,3110 2126,3098"/>
                <Baseline points="2128,3090 2189,3094 2309,3099 2524,3105"/>
                <TextEquiv>
                    <Unicode>Für jedes Kilogramm</Unicode>
                </TextEquiv>
                <TextStyle fontFamily="Times New Roman" fontSize="8.0"/>
            </TextLine>
            <TextLine id="r9l75" primaryLanguage="German" custom="readingOrder {index:74;}">
                <Coords points="2127,3100 2528,3109 2526,3142 2127,3134"/>
                <Baseline points="2130,3127 2279,3133 2525,3135"/>
                <TextEquiv>
                    <Unicode>Saft ſetzt man ⅝ Kilo⸗</Unicode>
                </TextEquiv>
                <TextStyle fontFamily="Times New Roman" fontSize="8.0"/>
            </TextLine>
            <TextLine id="r9l76" primaryLanguage="German" custom="readingOrder {index:75;}">
                <Coords points="2123,3143 2158,3135 2530,3146 2530,3179 2123,3169"/>
                <Baseline points="2125,3160 2234,3163 2348,3170 2414,3171 2528,3170"/>
                <TextEquiv>
                    <Unicode>gramm Zucker zu. Nach</Unicode>
                </TextEquiv>
                <TextStyle fontFamily="Times New Roman" fontSize="8.0"/>
            </TextLine>
            <TextLine id="r9l77" primaryLanguage="German" custom="readingOrder {index:76;}">
                <Coords points="2125,3168 2529,3180 2530,3216 2122,3208"/>
                <Baseline points="2126,3198 2258,3202 2411,3205 2526,3209"/>
                <TextEquiv>
                    <Unicode>erfolgter Gährung ziehl</Unicode>
                </TextEquiv>
                <TextStyle fontFamily="Times New Roman" fontSize="8.0"/>
            </TextLine>
            <TextLine id="r9l78" primaryLanguage="German" custom="readingOrder {index:77;}">
                <Coords points="2123,3213 2231,3209 2525,3217 2525,3249 2123,3241"/>
                <Baseline points="2125,3233 2190,3235 2281,3237 2367,3240 2520,3244"/>
                <TextEquiv>
                    <Unicode>man auf ein anderes</Unicode>
                </TextEquiv>
                <TextStyle fontFamily="Times New Roman" fontSize="8.0"/>
            </TextLine>
            <TextLine id="r9l79" primaryLanguage="German" custom="readingOrder {index:78;}">
                <Coords points="2121,3241 2187,3239 2524,3250 2524,3285 2121,3275"/>
                <Baseline points="2124,3267 2246,3271 2315,3272 2447,3276 2518,3280"/>
                <TextEquiv>
                    <Unicode>Fäßchen ab, ſchüttet ein</Unicode>
                </TextEquiv>
                <TextStyle fontFamily="Times New Roman" fontSize="8.0"/>
            </TextLine>
            <TextLine id="r9l80" primaryLanguage="German" custom="readingOrder {index:79;}">
                <Coords points="2121,3277 2147,3276 2519,3285 2519,3319 2120,3311"/>
                <Baseline points="2123,3305 2233,3307 2302,3309 2375,3310 2516,3315"/>
                <TextEquiv>
                    <Unicode>Viertel bis ein Fünftel</Unicode>
                </TextEquiv>
                <TextStyle fontFamily="Times New Roman" fontSize="8.0"/>
            </TextLine>
            <TextLine id="r9l81" primaryLanguage="German" custom="readingOrder {index:80;}">
                <Coords points="2120,3312 2148,3311 2524,3320 2524,3355 2120,3348"/>
                <Baseline points="2122,3340 2324,3342 2431,3346 2520,3349"/>
                <TextEquiv>
                    <Unicode>Traubenwein dazu und</Unicode>
                </TextEquiv>
                <TextStyle fontFamily="Times New Roman" fontSize="8.0"/>
            </TextLine>
            <TextLine id="r9l82" primaryLanguage="German" custom="readingOrder {index:81;}">
                <Coords points="2119,3347 2149,3345 2518,3357 2518,3391 2119,3381"/>
                <Baseline points="2119,3375 2183,3377 2274,3377 2395,3382 2517,3385"/>
                <TextEquiv>
                    <Unicode>füllt den Wein nach</Unicode>
                </TextEquiv>
                <TextStyle fontFamily="Times New Roman" fontSize="8.0"/>
            </TextLine>
            <TextLine id="r9l83" primaryLanguage="German" custom="readingOrder {index:82;}">
                <Coords points="2117,3389 2127,3382 2151,3381 2517,3392 2517,3427 2117,3416"/>
                <Baseline points="2119,3408 2227,3413 2349,3415 2427,3416 2516,3419"/>
                <TextEquiv>
                    <Unicode>einigen Tagen auf Fla⸗</Unicode>
                </TextEquiv>
                <TextStyle fontFamily="Times New Roman" fontSize="8.0"/>
            </TextLine>
            <TextLine id="r9l84" primaryLanguage="German" custom="readingOrder {index:83;}">
                <Coords points="2114,3417 2151,3415 2517,3428 2518,3454 2501,3460 2114,3453"/>
                <Baseline points="2114,3445 2195,3444 2273,3448 2364,3453 2514,3454"/>
                <TextEquiv>
                    <Unicode>ſchen, die gut verkorkt</Unicode>
                </TextEquiv>
                <TextStyle fontFamily="Times New Roman" fontSize="8.0"/>
            </TextLine>
            <TextLine id="r9l85" primaryLanguage="German" custom="readingOrder {index:84;}">
                <Coords points="2114,3456 2173,3454 2186,3454 2226,3461 2232,3477 2232,3483 2223,3485 2130,3482 2114,3479"/>
                <Baseline points="2114,3480 2232,3483"/>
                <TextEquiv>
                    <Unicode>werden.</Unicode>
                </TextEquiv>
                <TextStyle fontFamily="Times New Roman" fontSize="8.0"/>
            </TextLine>
        </TextRegion>
        <SeparatorRegion id="r_12" custom="readingOrder {index:10;}">
            <Coords points="1464,0 1829,0 1829,7 1464,7"/>
        </SeparatorRegion>
        <SeparatorRegion id="r_13" custom="readingOrder {index:11;}">
            <Coords points="1615,11 1953,11 1953,20 1615,20"/>
        </SeparatorRegion>
        <SeparatorRegion id="r_14" custom="readingOrder {index:12;}">
            <Coords points="1139,0 1464,0 1464,10 1139,10"/>
        </SeparatorRegion>
        <SeparatorRegion id="r_15" custom="readingOrder {index:13;}">
            <Coords points="1,0 1139,0 1139,23 1,23"/>
        </SeparatorRegion>
        <SeparatorRegion id="r_16" custom="readingOrder {index:14;}">
            <Coords points="1317,11 1615,11 1615,18 1317,18"/>
        </SeparatorRegion>
        <SeparatorRegion id="r_17" custom="readingOrder {index:15;}">
            <Coords points="1013,11 1317,11 1317,17 1013,17"/>
        </SeparatorRegion>
        <SeparatorRegion id="r_18" custom="readingOrder {index:16;}">
            <Coords points="104,273 2159,273 2159,321 104,321"/>
        </SeparatorRegion>
        <SeparatorRegion id="r_19" custom="readingOrder {index:17;}">
            <Coords points="4,0 11,0 11,150 4,150"/>
        </SeparatorRegion>
        <SeparatorRegion id="r_20" custom="readingOrder {index:18;}">
            <Coords points="2,167 13,167 13,575 2,575"/>
        </SeparatorRegion>
        <SeparatorRegion id="r_21" custom="readingOrder {index:19;}">
            <Coords points="0,598 6,598 6,709 0,709"/>
        </SeparatorRegion>
        <SeparatorRegion id="r_22" custom="readingOrder {index:20;}">
            <Coords points="0,753 9,753 9,1671 0,1671"/>
        </SeparatorRegion>
        <SeparatorRegion id="r_23" custom="readingOrder {index:21;}">
            <Coords points="0,1905 9,1905 9,2232 0,2232"/>
        </SeparatorRegion>
        <SeparatorRegion id="r_24" custom="readingOrder {index:22;}">
            <Coords points="0,2232 13,2232 13,2993 0,2993"/>
        </SeparatorRegion>
        <SeparatorRegion id="r_25" custom="readingOrder {index:23;}">
            <Coords points="4,3025 13,3025 13,3414 4,3414"/>
        </SeparatorRegion>
        <SeparatorRegion id="r_26" custom="readingOrder {index:24;}">
            <Coords points="203,1897 224,1897 224,2096 203,2096"/>
        </SeparatorRegion>
        <SeparatorRegion id="r_27" custom="readingOrder {index:25;}">
            <Coords points="219,1900 230,1900 230,2115 219,2115"/>
        </SeparatorRegion>
        <SeparatorRegion id="r_28" custom="readingOrder {index:26;}">
            <Coords points="227,1883 240,1883 240,2180 227,2180"/>
        </SeparatorRegion>
        <SeparatorRegion id="r_29" custom="readingOrder {index:27;}">
            <Coords points="238,1857 255,1857 255,2073 238,2073"/>
        </SeparatorRegion>
        <SeparatorRegion id="r_30" custom="readingOrder {index:28;}">
            <Coords points="242,2016 257,2016 257,2320 242,2320"/>
        </SeparatorRegion>
        <SeparatorRegion id="r_31" custom="readingOrder {index:29;}">
            <Coords points="253,1904 260,1904 260,2016 253,2016"/>
        </SeparatorRegion>
        <SeparatorRegion id="r_32" custom="readingOrder {index:30;}">
            <Coords points="258,1883 270,1883 270,2097 258,2097"/>
        </SeparatorRegion>
        <SeparatorRegion id="r_33" custom="readingOrder {index:31;}">
            <Coords points="264,2166 275,2166 275,2359 264,2359"/>
        </SeparatorRegion>
        <SeparatorRegion id="r_34" custom="readingOrder {index:32;}">
            <Coords points="269,1864 281,1864 281,2068 269,2068"/>
        </SeparatorRegion>
        <SeparatorRegion id="r_35" custom="readingOrder {index:33;}">
            <Coords points="271,2202 283,2202 283,2375 271,2375"/>
        </SeparatorRegion>
        <SeparatorRegion id="r_36" custom="readingOrder {index:34;}">
            <Coords points="283,1822 295,1822 295,1997 283,1997"/>
        </SeparatorRegion>
        <SeparatorRegion id="r_37" custom="readingOrder {index:35;}">
            <Coords points="307,1800 320,1800 320,1944 307,1944"/>
        </SeparatorRegion>
        <SeparatorRegion id="r_38" custom="readingOrder {index:36;}">
            <Coords points="319,1820 328,1820 328,1941 319,1941"/>
        </SeparatorRegion>
        <SeparatorRegion id="r_39" custom="readingOrder {index:37;}">
            <Coords points="552,1928 564,1928 564,2135 552,2135"/>
        </SeparatorRegion>
        <SeparatorRegion id="r_40" custom="readingOrder {index:38;}">
            <Coords points="596,2364 610,2364 610,2561 596,2561"/>
        </SeparatorRegion>
        <SeparatorRegion id="r_41" custom="readingOrder {index:39;}">
            <Coords points="605,2389 619,2389 619,2556 605,2556"/>
        </SeparatorRegion>
        <SeparatorRegion id="r_42" custom="readingOrder {index:40;}">
            <Coords points="614,2377 629,2377 629,2559 614,2559"/>
        </SeparatorRegion>
        <SeparatorRegion id="r_43" custom="readingOrder {index:41;}">
            <Coords points="622,2370 636,2370 636,2548 622,2548"/>
        </SeparatorRegion>
        <SeparatorRegion id="r_44" custom="readingOrder {index:42;}">
            <Coords points="630,2364 643,2364 643,2558 630,2558"/>
        </SeparatorRegion>
        <SeparatorRegion id="r_45" custom="readingOrder {index:43;}">
            <Coords points="640,2388 651,2388 651,2553 640,2553"/>
        </SeparatorRegion>
        <SeparatorRegion id="r_46" custom="readingOrder {index:44;}">
            <Coords points="649,2383 658,2383 658,2551 649,2551"/>
        </SeparatorRegion>
        <SeparatorRegion id="r_47" custom="readingOrder {index:45;}">
            <Coords points="659,2389 668,2389 668,2559 659,2559"/>
        </SeparatorRegion>
        <SeparatorRegion id="r_48" custom="readingOrder {index:46;}">
            <Coords points="1047,312 1135,312 1135,3428 1047,3428"/>
        </SeparatorRegion>
        <SeparatorRegion id="r_49" custom="readingOrder {index:47;}">
            <Coords points="2090,1766 2147,1766 2147,3463 2090,3463"/>
        </SeparatorRegion>
        <SeparatorRegion id="r_50" custom="readingOrder {index:48;}">
            <Coords points="2140,336 2181,336 2181,1766 2140,1766"/>
        </SeparatorRegion>
        <SeparatorRegion id="r_51" custom="readingOrder {index:49;}">
            <Coords points="2585,419 2600,419 2600,650 2585,650"/>
        </SeparatorRegion>
        <SeparatorRegion id="r_52" custom="readingOrder {index:50;}">
            <Coords points="2754,3167 2763,3167 2763,3576 2754,3576"/>
        </SeparatorRegion>
        <SeparatorRegion id="r_53" custom="readingOrder {index:51;}">
            <Coords points="1132,383 1135,383 1135,443 1132,443"/>
        </SeparatorRegion>
    </Page>
</PcGts>
