<?xml version="1.0" encoding="UTF-8" standalone="yes"?>
<PcGts xmlns="http://schema.primaresearch.org/PAGE/gts/pagecontent/2013-07-15" xmlns:xsi="http://www.w3.org/2001/XMLSchema-instance" xsi:schemaLocation="http://schema.primaresearch.org/PAGE/gts/pagecontent/2013-07-15 http://schema.primaresearch.org/PAGE/gts/pagecontent/2013-07-15/pagecontent.xsd">
    <Metadata>
        <Creator>University of Innsbruck</Creator>
        <Created>2018-11-29T10:11:05.555+01:00</Created>
        <LastChange>2023-04-25T10:53:55.332+02:00</LastChange>
        <Comments>
                Measurement unit: pixel
                PrimaryLanguage: German
                Language: GermanStandard
                Language: EnglishUnitedStates
                Producer: https://transkribus.eu/Transkribus/</Comments>
        <TranskribusMetadata docId="1394947" pageId="53863281" pageNr="136" tsid="119418631" status="GT" userId="48446" imgUrl="https://files.transkribus.eu/Get?id=TGOHELCYKSGLVLCBBLGEHLJA&amp;fileType=view" xmlUrl="https://files.transkribus.eu/Get?id=RKZPXGUPGYTUDEIXRBSJNVLZ" imageId="38488995"/>
    </Metadata>
    <Page imageFilename="ONB_nfp_19110701_026.tif" imageWidth="3488" imageHeight="5361">
        <PrintSpace>
            <Coords points="0,0 3488,0 3488,5361 0,5361"/>
        </PrintSpace>
        <ReadingOrder>
            <OrderedGroup id="ro_1682495881601" caption="Regions reading order">
                <RegionRefIndexed index="0" regionRef="r1"/>
                <RegionRefIndexed index="1" regionRef="r2"/>
                <RegionRefIndexed index="2" regionRef="r3"/>
                <RegionRefIndexed index="3" regionRef="r4"/>
                <RegionRefIndexed index="4" regionRef="r5"/>
                <RegionRefIndexed index="5" regionRef="r6"/>
                <RegionRefIndexed index="6" regionRef="r7"/>
                <RegionRefIndexed index="7" regionRef="r8"/>
                <RegionRefIndexed index="8" regionRef="r9"/>
                <RegionRefIndexed index="9" regionRef="r10"/>
                <RegionRefIndexed index="10" regionRef="r11"/>
                <RegionRefIndexed index="11" regionRef="r12"/>
                <RegionRefIndexed index="12" regionRef="r13"/>
                <RegionRefIndexed index="13" regionRef="r14"/>
                <RegionRefIndexed index="14" regionRef="r15"/>
                <RegionRefIndexed index="15" regionRef="r16"/>
                <RegionRefIndexed index="16" regionRef="r17"/>
                <RegionRefIndexed index="17" regionRef="r18"/>
                <RegionRefIndexed index="18" regionRef="r19"/>
                <RegionRefIndexed index="19" regionRef="r20"/>
                <RegionRefIndexed index="20" regionRef="r21"/>
                <RegionRefIndexed index="21" regionRef="r22"/>
                <RegionRefIndexed index="22" regionRef="r23"/>
                <RegionRefIndexed index="23" regionRef="r24"/>
                <RegionRefIndexed index="24" regionRef="r25"/>
                <RegionRefIndexed index="25" regionRef="r26"/>
                <RegionRefIndexed index="26" regionRef="r27"/>
                <RegionRefIndexed index="27" regionRef="r28"/>
                <RegionRefIndexed index="28" regionRef="r29"/>
                <RegionRefIndexed index="29" regionRef="r30"/>
                <RegionRefIndexed index="30" regionRef="r31"/>
                <RegionRefIndexed index="31" regionRef="r32"/>
                <RegionRefIndexed index="32" regionRef="r33"/>
                <RegionRefIndexed index="33" regionRef="r34"/>
                <RegionRefIndexed index="34" regionRef="r35"/>
                <RegionRefIndexed index="35" regionRef="r36"/>
                <RegionRefIndexed index="36" regionRef="r37"/>
                <RegionRefIndexed index="37" regionRef="r38"/>
                <RegionRefIndexed index="39" regionRef="r39"/>
                <RegionRefIndexed index="40" regionRef="r40"/>
                <RegionRefIndexed index="42" regionRef="r41"/>
                <RegionRefIndexed index="43" regionRef="r42"/>
                <RegionRefIndexed index="45" regionRef="r43"/>
                <RegionRefIndexed index="46" regionRef="r44"/>
                <RegionRefIndexed index="48" regionRef="r45"/>
                <RegionRefIndexed index="49" regionRef="r46"/>
                <RegionRefIndexed index="50" regionRef="r47"/>
            </OrderedGroup>
        </ReadingOrder>
        <TextRegion type="header" id="r1" custom="readingOrder {index:0;} structure {type:header;}">
            <Coords points="180,74 362,74 361,123 179,123"/>
            <TextLine id="r1l1" primaryLanguage="German" custom="readingOrder {index:0;}">
                <Coords points="188,80 354,77 354,122 188,122"/>
                <Baseline points="192,117 286,115 350,114"/>
                <TextEquiv>
                    <Unicode>Seite 26</Unicode>
                </TextEquiv>
                <TextStyle fontFamily="Times New Roman" fontSize="7.0" bold="true"/>
            </TextLine>
        </TextRegion>
        <TextRegion type="header" id="r2" custom="readingOrder {index:1;} structure {type:header;}">
            <Coords points="736,59 1047,61 1050,126 739,124"/>
            <TextLine id="r2l1" primaryLanguage="German" custom="readingOrder {index:0;}">
                <Coords points="758,77 1039,76 1039,122 758,123"/>
                <Baseline points="761,112 864,113 1037,111"/>
                <TextEquiv>
                    <Unicode>Wien, Samstag</Unicode>
                </TextEquiv>
                <TextStyle fontFamily="Times New Roman" fontSize="7.5"/>
            </TextLine>
        </TextRegion>
        <TextRegion type="header" id="r3" custom="readingOrder {index:2;} structure {type:header;}">
            <Coords points="1454,65 2072,72 2076,127 1458,120"/>
            <TextLine id="r3l1" primaryLanguage="German" custom="readingOrder {index:0;}">
                <Coords points="1472,75 1659,74 2000,80 2059,86 2068,119 2050,121 1553,119 1470,118"/>
                <Baseline points="1476,114 1631,114 1814,114 2055,116"/>
                <TextEquiv>
                    <Unicode>Neue Freie Presse.</Unicode>
                </TextEquiv>
                <TextStyle fontFamily="Times New Roman" fontSize="7.5" bold="true"/>
            </TextLine>
        </TextRegion>
        <TextRegion type="header" id="r4" custom="readingOrder {index:3;} structure {type:header;}">
            <Coords points="2458,75 2707,75 2707,125 2458,125"/>
            <TextLine id="r4l1" primaryLanguage="German" custom="readingOrder {index:0;}">
                <Coords points="2468,81 2521,80 2632,81 2653,78 2697,80 2696,120 2468,120"/>
                <Baseline points="2472,114 2524,115 2587,116 2691,114"/>
                <TextEquiv>
                    <Unicode>1. Juli 1911</Unicode>
                </TextEquiv>
                <TextStyle fontFamily="Times New Roman" fontSize="7.0" bold="true"/>
            </TextLine>
        </TextRegion>
        <TextRegion type="header" id="r5" custom="readingOrder {index:4;} structure {type:header;}">
            <Coords points="3077,69 3148,69 3300,71 3300,123 3163,125 3074,125"/>
            <TextLine id="r5l1" primaryLanguage="German" custom="readingOrder {index:0;}">
                <Coords points="3087,76 3112,76 3199,76 3289,78 3291,118 3146,119 3086,119"/>
                <Baseline points="3091,115 3147,115 3180,114 3285,114"/>
                <TextEquiv>
                    <Unicode>Nr. 16830</Unicode>
                </TextEquiv>
                <TextStyle fontFamily="Times New Roman" fontSize="7.0" bold="true"/>
            </TextLine>
        </TextRegion>
        <TextRegion type="heading" id="r6" custom="readingOrder {index:5;} structure {type:heading;}">
            <Coords points="572,180 1581,179 1581,260 1475,324 743,324 571,271"/>
            <TextLine id="r6l1" primaryLanguage="German" custom="readingOrder {index:0;}">
                <Coords points="581,185 1029,183 1029,183 1499,183 1560,195 1560,221 1540,228 581,227"/>
                <Baseline points="583,219 635,219 708,218 795,220 832,219 872,218 912,219 967,219 1003,217 1049,218 1087,219 1133,219 1177,218 1219,218 1258,219 1290,219 1330,219 1365,219 1408,220 1439,220 1470,220 1505,218 1560,220"/>
                <TextEquiv>
                    <Unicode>K. k. Nordweſtbahndirektion</Unicode>
                </TextEquiv>
                <TextStyle fontFamily="Times New Roman" fontSize="8.0" bold="true"/>
            </TextLine>
            <TextLine id="r6l2" primaryLanguage="German" custom="readingOrder {index:1;}">
                <Coords points="754,235 1210,238 1379,253 1376,324 753,322"/>
                <Baseline points="759,302 1371,306"/>
                <TextEquiv>
                    <Unicode>Kundmachung.</Unicode>
                </TextEquiv>
                <TextStyle fontFamily="Times New Roman" fontSize="16.0"/>
            </TextLine>
        </TextRegion>
        <TextRegion type="paragraph" id="r7" custom="readingOrder {index:6;}">
            <Coords points="178,326 183,319 266,319 335,318 617,323 697,326 1058,328 1056,367 1055,1152 956,1156 928,1181 180,1191 178,456"/>
            <TextLine id="r7l1" primaryLanguage="German" custom="readingOrder {index:0;}">
                <Coords points="277,329 1057,329 1060,357 277,359"/>
                <Baseline points="278,355 322,354 405,356 457,356 505,357 548,357 617,356 664,356 716,356 777,356 829,356 871,355 937,355 978,354 1018,354 1057,355"/>
                <TextEquiv>
                    <Unicode>Auf Grund der §§ 63 (8), 76 (7) und 78 (1) des E. B. R.</Unicode>
                </TextEquiv>
                <TextStyle fontFamily="Times New Roman" fontSize="4.0"/>
            </TextLine>
            <TextLine id="r7l2" primaryLanguage="German" custom="readingOrder {index:1;}">
                <Coords points="185,361 1052,357 1054,385 185,387"/>
                <Baseline points="187,382 221,383 273,383 439,383 494,382 548,383 686,381 834,381 986,380 1050,380"/>
                <TextEquiv>
                    <Unicode>für die Eiſenbahnen der im Reichsrate vertretenen Königreiche und</Unicode>
                </TextEquiv>
                <TextStyle fontFamily="Times New Roman" fontSize="4.0"/>
            </TextLine>
            <TextLine id="r7l3" primaryLanguage="German" custom="readingOrder {index:2;}">
                <Coords points="188,388 1050,384 1050,412 187,413"/>
                <Baseline points="188,411 270,409 340,409 400,409 438,409 510,409 580,409 627,410 680,409 790,409 905,408 970,409 1050,407"/>
                <TextEquiv>
                    <Unicode>Länder wird mit 1. Juli 1911 in der Station Tetſchen ein Roll⸗</Unicode>
                </TextEquiv>
                <TextStyle fontFamily="Times New Roman" fontSize="4.0"/>
            </TextLine>
            <TextLine id="r7l4" primaryLanguage="German" custom="readingOrder {index:3;}">
                <Coords points="186,416 199,414 412,413 447,413 454,422 454,442 186,442"/>
                <Baseline points="188,438 454,436"/>
                <TextEquiv>
                    <Unicode>fuhrdienſt eingerichtet.</Unicode>
                </TextEquiv>
                <TextStyle fontFamily="Times New Roman" fontSize="4.0"/>
            </TextLine>
            <TextLine id="r7l5" primaryLanguage="German" custom="readingOrder {index:4;}">
                <Coords points="268,441 1050,437 1052,467 268,467"/>
                <Baseline points="268,464 312,463 369,462 509,464 597,462 803,463 890,461 953,462 1050,460"/>
                <TextEquiv>
                    <Unicode>Mit der Beſorgung dieſes Rollfuhrdienſtes wurde die Firma</Unicode>
                </TextEquiv>
                <TextStyle fontFamily="Times New Roman" fontSize="4.0"/>
            </TextLine>
            <TextLine id="r7l6" primaryLanguage="German" custom="readingOrder {index:5;}">
                <Coords points="187,468 1050,464 1049,495 184,495"/>
                <Baseline points="188,489 415,490 460,490 578,490 770,490 953,488 1050,489"/>
                <TextEquiv>
                    <Unicode>Franz Ungermann in Tetſchen betraut, deren Geſchäftslokal ſich in</Unicode>
                </TextEquiv>
                <TextStyle fontFamily="Times New Roman" fontSize="4.0"/>
            </TextLine>
            <TextLine id="r7l7" primaryLanguage="German" custom="readingOrder {index:6;}">
                <Coords points="185,496 401,493 401,521 185,521"/>
                <Baseline points="187,518 281,517 401,516"/>
                <TextEquiv>
                    <Unicode>Tetſchen befindet.</Unicode>
                </TextEquiv>
                <TextStyle fontFamily="Times New Roman" fontSize="4.0"/>
            </TextLine>
            <TextLine id="r7l8" primaryLanguage="German" custom="readingOrder {index:7;}">
                <Coords points="267,521 297,521 1050,519 1050,548 267,548"/>
                <Baseline points="267,544 339,543 724,543 806,543 1048,541"/>
                <TextEquiv>
                    <Unicode>Dieſer Rollfuhrunternehmung obliegt unter der im Betriebs⸗</Unicode>
                </TextEquiv>
                <TextStyle fontFamily="Times New Roman" fontSize="4.0"/>
            </TextLine>
            <TextLine id="r7l9" primaryLanguage="German" custom="readingOrder {index:8;}">
                <Coords points="186,546 1053,546 1051,576 186,576"/>
                <Baseline points="186,572 297,571 416,570 562,570 723,569 836,567 898,568 941,567 1003,569 1050,567"/>
                <TextEquiv>
                    <Unicode>reglement diesfalls feſtgeſetzten bahnſeitigen Haftung und zu den im</Unicode>
                </TextEquiv>
                <TextStyle fontFamily="Times New Roman" fontSize="4.0"/>
            </TextLine>
            <TextLine id="r7l10" primaryLanguage="German" custom="readingOrder {index:9;}">
                <Coords points="186,583 195,576 706,575 727,575 726,600 190,603 186,600"/>
                <Baseline points="186,600 340,598 435,598 570,596 720,596"/>
                <TextEquiv>
                    <Unicode>nachſtehenden Tarife, bezifferten Gebühren:</Unicode>
                </TextEquiv>
                <TextStyle fontFamily="Times New Roman" fontSize="4.0"/>
            </TextLine>
            <TextLine id="r7l11" primaryLanguage="German" custom="readingOrder {index:10;}">
                <Coords points="266,601 1050,598 1052,628 266,628"/>
                <Baseline points="267,624 298,624 515,623 570,623 614,623 675,623 784,623 906,622 1049,624"/>
                <TextEquiv>
                    <Unicode>a) Die Abſtreifung der in der Station Tetſchen (Nordweſt⸗</Unicode>
                </TextEquiv>
                <TextStyle fontFamily="Times New Roman" fontSize="4.0"/>
            </TextLine>
            <TextLine id="r7l12" primaryLanguage="German" custom="readingOrder {index:11;}">
                <Coords points="184,628 1052,626 1053,653 187,656"/>
                <Baseline points="187,652 345,650 732,648 793,648 951,648 997,649 1054,651"/>
                <TextEquiv>
                    <Unicode>bahnhof) zur Ablieferung gelangenden Eil⸗ und Frachtgüter an die</Unicode>
                </TextEquiv>
                <TextStyle fontFamily="Times New Roman" fontSize="4.0"/>
            </TextLine>
            <TextLine id="r7l13" primaryLanguage="German" custom="readingOrder {index:12;}">
                <Coords points="188,655 1051,654 1049,681 187,685"/>
                <Baseline points="188,680 314,677 443,676 499,677 549,676 642,676 796,676 1049,675"/>
                <TextEquiv>
                    <Unicode>Empfänger innerhalb des im Tarife bezeichneten Zuſtellungsgebietes.</Unicode>
                </TextEquiv>
                <TextStyle fontFamily="Times New Roman" fontSize="4.0"/>
            </TextLine>
            <TextLine id="r7l14" primaryLanguage="German" custom="readingOrder {index:13;}">
                <Coords points="268,683 1054,679 1055,707 268,707"/>
                <Baseline points="268,705 334,704 392,703 509,703 565,703 632,703 688,702 775,701 1050,701"/>
                <TextEquiv>
                    <Unicode>Ueber die Ankunft der von der Rollfuhrunternehmung zu⸗</Unicode>
                </TextEquiv>
                <TextStyle fontFamily="Times New Roman" fontSize="4.0"/>
            </TextLine>
            <TextLine id="r7l15" primaryLanguage="German" custom="readingOrder {index:14;}">
                <Coords points="186,707 1055,707 1055,734 186,737"/>
                <Baseline points="187,733 316,730 393,730 499,730 556,729 704,728 1053,729"/>
                <TextEquiv>
                    <Unicode>zuſtellenden Güter werden die Empfänger bahnſeitig nicht benach⸗</Unicode>
                </TextEquiv>
                <TextStyle fontFamily="Times New Roman" fontSize="4.0"/>
            </TextLine>
            <TextLine id="r7l16" primaryLanguage="German" custom="readingOrder {index:15;}">
                <Coords points="185,735 1055,732 1054,760 186,762"/>
                <Baseline points="187,758 340,756 497,755 567,755 639,755 731,755 1050,755"/>
                <TextEquiv>
                    <Unicode>richtigt; die Frachtbriefe über dieſe Güter werden nebſt den all⸗</Unicode>
                </TextEquiv>
                <TextStyle fontFamily="Times New Roman" fontSize="4.0"/>
            </TextLine>
            <TextLine id="r7l17" primaryLanguage="German" custom="readingOrder {index:16;}">
                <Coords points="186,765 210,761 1052,760 1056,787 185,791"/>
                <Baseline points="187,785 272,785 394,784 456,783 623,782 714,783 764,782 1049,783"/>
                <TextEquiv>
                    <Unicode>fälligen Beilagen den Empfängern durch die Rollfuhrunternehmung</Unicode>
                </TextEquiv>
                <TextStyle fontFamily="Times New Roman" fontSize="4.0"/>
            </TextLine>
            <TextLine id="r7l18" primaryLanguage="German" custom="readingOrder {index:17;}">
                <Coords points="185,790 1052,787 1049,814 185,816"/>
                <Baseline points="187,813 322,811 411,810 474,810 538,810 703,809 757,809 817,810 889,808 965,809 1050,810"/>
                <TextEquiv>
                    <Unicode>übermittelt, wobei von den Empfängern die auf dem Gute aus⸗</Unicode>
                </TextEquiv>
                <TextStyle fontFamily="Times New Roman" fontSize="4.0"/>
            </TextLine>
            <TextLine id="r7l19" primaryLanguage="German" custom="readingOrder {index:18;}">
                <Coords points="188,818 1050,814 1049,840 188,845"/>
                <Baseline points="188,840 296,837 410,838 474,837 594,837 733,835 780,835 903,835 980,835 1050,835"/>
                <TextEquiv>
                    <Unicode>haftenden Fracht⸗ und ſonſtigen Gebühren zu bezahlen und der</Unicode>
                </TextEquiv>
                <TextStyle fontFamily="Times New Roman" fontSize="4.0"/>
            </TextLine>
            <TextLine id="r7l20" primaryLanguage="German" custom="readingOrder {index:19;}">
                <Coords points="188,844 1051,840 1048,867 188,871"/>
                <Baseline points="188,867 571,863 662,862 789,862 1051,863"/>
                <TextEquiv>
                    <Unicode>Empfang durch Beiſetzung des Tages und der Stunde ſowie der</Unicode>
                </TextEquiv>
                <TextStyle fontFamily="Times New Roman" fontSize="4.0"/>
            </TextLine>
            <TextLine id="r7l21" primaryLanguage="German" custom="readingOrder {index:20;}">
                <Coords points="188,870 591,868 1051,866 1049,894 611,894 188,899"/>
                <Baseline points="188,895 320,890 550,887 785,888 836,888 996,889 1048,889"/>
                <TextEquiv>
                    <Unicode>Unterſchrift auf dem Aviſo⸗ und Bezugsſchein zu beſcheinigen iſt.</Unicode>
                </TextEquiv>
                <TextStyle fontFamily="Times New Roman" fontSize="4.0"/>
            </TextLine>
            <TextLine id="r7l22" primaryLanguage="German" custom="readingOrder {index:21;}">
                <Coords points="268,896 1050,892 1050,921 268,921"/>
                <Baseline points="268,918 310,918 441,916 503,916 623,916 687,915 784,916 840,916 1051,917"/>
                <TextEquiv>
                    <Unicode>Bei Annahme von Münzen und Noten der Kronenwährung</Unicode>
                </TextEquiv>
                <TextStyle fontFamily="Times New Roman" fontSize="4.0"/>
            </TextLine>
            <TextLine id="r7l23" primaryLanguage="German" custom="readingOrder {index:22;}">
                <Coords points="187,922 632,920 1052,920 1050,947 591,947 187,952"/>
                <Baseline points="190,945 231,944 269,945 331,945 504,943 549,943 665,942 828,942 977,943 1048,942"/>
                <TextEquiv>
                    <Unicode>für in den Frachtbriefen in fremden Währungen eingeſtellte Be⸗</Unicode>
                </TextEquiv>
            </TextLine>
            <TextLine id="r7l24" primaryLanguage="German" custom="readingOrder {index:23;}">
                <Coords points="188,950 542,946 1052,946 1050,975 550,974 185,977"/>
                <Baseline points="188,972 246,970 353,970 423,970 481,969 774,970 837,970 963,969 1048,970"/>
                <TextEquiv>
                    <Unicode>träge werden von der Rollfuhrunternehmung die gleichen Um⸗</Unicode>
                </TextEquiv>
                <TextStyle fontFamily="Times New Roman" fontSize="4.0"/>
            </TextLine>
            <TextLine id="r7l25" primaryLanguage="German" custom="readingOrder {index:24;}">
                <Coords points="186,977 562,973 1051,973 1051,1004 579,1001 186,1004"/>
                <Baseline points="187,999 357,996 421,996 478,996 537,996 703,996 776,996 916,997 1050,998"/>
                <TextEquiv>
                    <Unicode>rechnungskurſe wie bei den Frachtkaſſen der Station Tetſchen</Unicode>
                </TextEquiv>
                <TextStyle fontFamily="Times New Roman" fontSize="4.0"/>
            </TextLine>
            <TextLine id="r7l26" custom="readingOrder {index:25;}">
                <Coords points="182,1005 575,1001 576,1026 187,1031"/>
                <Baseline points="191,1025 569,1021"/>
                <TextEquiv>
                    <Unicode>(Nordweſtbahnhof) angewendet.</Unicode>
                </TextEquiv>
            </TextLine>
            <TextLine id="r7l27" primaryLanguage="German" custom="readingOrder {index:26;}">
                <Coords points="267,1031 272,1028 680,1024 1051,1025 1050,1055 681,1052 267,1056"/>
                <Baseline points="266,1053 300,1051 514,1049 572,1049 638,1049 697,1049 837,1050 912,1049 1051,1050"/>
                <TextEquiv>
                    <Unicode>b) Die Zuſtreifung der von den Abſendern der Rollfuhr⸗</Unicode>
                </TextEquiv>
                <TextStyle fontFamily="Times New Roman" fontSize="4.0"/>
            </TextLine>
            <TextLine id="r7l28" primaryLanguage="German" custom="readingOrder {index:27;}">
                <Coords points="186,1064 213,1056 547,1052 1053,1054 1051,1085 552,1080 186,1085"/>
                <Baseline points="186,1081 354,1076 509,1076 573,1076 636,1075 788,1075 851,1076 905,1076 1053,1078"/>
                <TextEquiv>
                    <Unicode>unternehmung übergebenen Eil⸗ und Frachtgüter von der Behauſung</Unicode>
                </TextEquiv>
                <TextStyle fontFamily="Times New Roman" fontSize="4.0"/>
            </TextLine>
            <TextLine id="r7l29" primaryLanguage="German" custom="readingOrder {index:28;}">
                <Coords points="187,1084 550,1080 1054,1082 1053,1108 576,1105 187,1112"/>
                <Baseline points="188,1107 236,1106 295,1106 514,1103 574,1101 704,1102 843,1103 902,1103 958,1103 1050,1104"/>
                <TextEquiv>
                    <Unicode>oder den Geſchäftsräumen der Abſender innerhalb des im Tarife</Unicode>
                </TextEquiv>
                <TextStyle fontFamily="Times New Roman" fontSize="4.0"/>
            </TextLine>
            <TextLine id="r7l30" primaryLanguage="German" custom="readingOrder {index:29;}">
                <Coords points="186,1111 549,1107 1054,1107 1054,1139 558,1135 185,1138"/>
                <Baseline points="188,1134 322,1132 480,1131 552,1131 602,1130 712,1130 825,1130 880,1130 1053,1132"/>
                <TextEquiv>
                    <Unicode>bezeichneten Rollgebietes nach der Station Tetſchen zur Veranlaſſung</Unicode>
                </TextEquiv>
                <TextStyle fontFamily="Times New Roman" fontSize="4.0"/>
            </TextLine>
            <TextLine id="r7l31" primaryLanguage="German" custom="readingOrder {index:30;}">
                <Coords points="184,1138 385,1135 407,1143 407,1165 385,1165 254,1169 182,1166"/>
                <Baseline points="189,1163 223,1161 399,1159"/>
                <TextEquiv>
                    <Unicode>der Auſlieferung.</Unicode>
                </TextEquiv>
                <TextStyle fontFamily="Times New Roman" fontSize="4.0"/>
            </TextLine>
        </TextRegion>
        <TextRegion type="paragraph" id="r8" custom="readingOrder {index:7;} structure {type:paragraph;}">
            <Coords points="1063,327 1149,328 1942,326 1943,840 1943,872 1944,1168 1063,1166 1064,1087 1065,813 1061,752"/>
            <TextLine id="r8l1" primaryLanguage="German" custom="readingOrder {index:0;}">
                <Coords points="1145,330 1164,331 1916,333 1919,333 1934,344 1934,352 1928,362 1859,362 1145,360"/>
                <Baseline points="1150,354 1253,354 1532,356 1838,356 1927,356"/>
                <TextEquiv>
                    <Unicode>Von der Ab⸗, beziehungsweiſe Zuſtreifung durch die Roll⸗</Unicode>
                </TextEquiv>
                <TextStyle fontFamily="Times New Roman" fontSize="4.0"/>
            </TextLine>
            <TextLine id="r8l2" primaryLanguage="German" custom="readingOrder {index:1;}">
                <Coords points="1069,359 1523,361 1546,366 1546,388 1081,388 1069,385"/>
                <Baseline points="1071,381 1282,383 1346,382 1543,383"/>
                <TextEquiv>
                    <Unicode>fuhrunternehmung ſind ausgeſchloſſen:</Unicode>
                </TextEquiv>
                <TextStyle fontFamily="Times New Roman" fontSize="4.0"/>
            </TextLine>
            <TextLine id="r8l3" primaryLanguage="German" custom="readingOrder {index:2;}">
                <Coords points="1151,388 1728,385 1728,385 1728,414 1151,414"/>
                <Baseline points="1152,409 1342,409 1444,410 1569,409 1728,408"/>
                <TextEquiv>
                    <Unicode>1. Bahnlagernd geſtellte Eil⸗ und Frachtgüter.</Unicode>
                </TextEquiv>
                <TextStyle fontFamily="Times New Roman" fontSize="4.0"/>
            </TextLine>
            <TextLine id="r8l4" primaryLanguage="German" custom="readingOrder {index:3;}">
                <Coords points="1148,414 1229,412 1910,414 1931,416 1931,442 1147,438"/>
                <Baseline points="1150,435 1170,434 1306,436 1641,436 1928,437"/>
                <TextEquiv>
                    <Unicode>2. Eil⸗ und Frachtgüter, welche für Empfänger beſtimmt</Unicode>
                </TextEquiv>
                <TextStyle fontFamily="Times New Roman" fontSize="4.0"/>
            </TextLine>
            <TextLine id="r8l5" primaryLanguage="German" custom="readingOrder {index:4;}">
                <Coords points="1069,438 1885,441 1934,442 1932,466 1461,467 1070,466"/>
                <Baseline points="1071,460 1176,462 1235,462 1290,462 1517,463 1576,463 1637,463 1754,463 1822,463 1927,463"/>
                <TextEquiv>
                    <Unicode>ſind, die bei der Abfertigungsſtelle vor der Ankunft des Gutes</Unicode>
                </TextEquiv>
                <TextStyle fontFamily="Times New Roman" fontSize="4.0"/>
            </TextLine>
            <TextLine id="r8l6" primaryLanguage="German" custom="readingOrder {index:5;}">
                <Coords points="1070,466 1932,466 1933,492 1069,493"/>
                <Baseline points="1072,488 1172,488 1300,490 1511,490 1575,489 1661,489 1846,490 1928,490"/>
                <TextEquiv>
                    <Unicode>ſchriftlich angezeigt haben, daß ſie ihre Güter ſelbſt abholen oder</Unicode>
                </TextEquiv>
                <TextStyle fontFamily="Times New Roman" fontSize="4.0"/>
            </TextLine>
            <TextLine id="r8l7" primaryLanguage="German" custom="readingOrder {index:6;}">
                <Coords points="1067,493 1896,493 1926,496 1930,504 1931,522 1921,523 1894,521 1886,522 1069,520"/>
                <Baseline points="1072,516 1097,516 1277,516 1391,516 1928,516"/>
                <TextEquiv>
                    <Unicode>ſie durch andere als die von der Eiſenbahn beſtellten Fuhrunter⸗</Unicode>
                </TextEquiv>
                <TextStyle fontFamily="Times New Roman" fontSize="4.0"/>
            </TextLine>
            <TextLine id="r8l8" primaryLanguage="German" custom="readingOrder {index:7;}">
                <Coords points="1070,520 1743,520 1745,547 1070,549"/>
                <Baseline points="1070,543 1151,543 1258,542 1342,543 1442,543 1532,543 1632,542 1741,542"/>
                <TextEquiv>
                    <Unicode>nehmer abholen laſſen wollen. (§ 78 (2) E. B. R.)</Unicode>
                </TextEquiv>
                <TextStyle fontFamily="Times New Roman" fontSize="4.0"/>
            </TextLine>
            <TextLine id="r8l9" primaryLanguage="German" custom="readingOrder {index:8;}">
                <Coords points="1151,549 1179,547 1793,546 1919,548 1928,558 1926,574 1149,574"/>
                <Baseline points="1151,570 1171,569 1416,570 1584,570 1625,569 1793,569 1930,569"/>
                <TextEquiv>
                    <Unicode>3. Lebensmittel, wie Milch, Eier u. dgl. welche als Eil⸗</Unicode>
                </TextEquiv>
                <TextStyle fontFamily="Times New Roman" fontSize="4.0"/>
            </TextLine>
            <TextLine id="r8l10" primaryLanguage="German" custom="readingOrder {index:9;}">
                <Coords points="1069,578 1098,576 1126,574 1171,573 1258,572 1933,574 1933,603 1069,602"/>
                <Baseline points="1070,596 1107,596 1270,596 1329,597 1712,596 1927,598"/>
                <TextEquiv>
                    <Unicode>gut täglich oder in regelmäßig wiederkehrenden kürzeren Zeit⸗</Unicode>
                </TextEquiv>
                <TextStyle fontFamily="Times New Roman" fontSize="4.0"/>
            </TextLine>
            <TextLine id="r8l11" primaryLanguage="German" custom="readingOrder {index:10;}">
                <Coords points="1066,601 1898,601 1902,602 1929,605 1931,630 1902,628 1884,629 1066,628"/>
                <Baseline points="1069,622 1154,623 1208,622 1341,623 1479,623 1607,623 1667,623 1728,624 1854,624 1928,624"/>
                <TextEquiv>
                    <Unicode>räumen für beſtimmte Adreſſaten anlangen und von denſelben ohne</Unicode>
                </TextEquiv>
                <TextStyle fontFamily="Times New Roman" fontSize="4.0"/>
            </TextLine>
            <TextLine id="r8l12" primaryLanguage="German" custom="readingOrder {index:11;}">
                <Coords points="1064,630 1100,627 1618,628 1615,655 1075,655 1064,650"/>
                <Baseline points="1069,650 1175,650 1503,650 1612,650"/>
                <TextEquiv>
                    <Unicode>vorherige Benachrichtigung abgeholt werden.</Unicode>
                </TextEquiv>
                <TextStyle fontFamily="Times New Roman" fontSize="4.0"/>
            </TextLine>
            <TextLine id="r8l13" primaryLanguage="German" custom="readingOrder {index:12;}">
                <Coords points="1148,655 1563,656 1592,658 1592,681 1150,682"/>
                <Baseline points="1151,676 1172,677 1239,677 1329,677 1373,678 1584,676"/>
                <TextEquiv>
                    <Unicode>4. Alle Güter in Wagenladungen.</Unicode>
                </TextEquiv>
                <TextStyle fontFamily="Times New Roman" fontSize="4.0"/>
            </TextLine>
            <TextLine id="r8l14" primaryLanguage="German" custom="readingOrder {index:13;}">
                <Coords points="1149,680 1214,680 1338,681 1677,679 1850,680 1919,681 1932,683 1934,711 1910,711 1894,710 1149,707"/>
                <Baseline points="1152,703 1300,702 1552,703 1658,702 1931,703"/>
                <TextEquiv>
                    <Unicode>5. Eil⸗ und Frachtgüter, welche vor der Abnahme einer zoll⸗</Unicode>
                </TextEquiv>
                <TextStyle fontFamily="Times New Roman" fontSize="4.0"/>
            </TextLine>
            <TextLine id="r8l15" primaryLanguage="German" custom="readingOrder {index:14;}">
                <Coords points="1070,706 1416,706 1434,707 1486,710 1501,720 1496,736 1458,735 1433,736 1070,736"/>
                <Baseline points="1070,730 1177,730 1492,730"/>
                <TextEquiv>
                    <Unicode>amtlichen Behandlung unterliegen.</Unicode>
                </TextEquiv>
                <TextStyle fontFamily="Times New Roman" fontSize="4.0"/>
            </TextLine>
            <TextLine id="r8l16" custom="readingOrder {index:15;}">
                <Coords points="1146,734 1293,736 1293,758 1147,760"/>
                <Baseline points="1150,757 1287,757"/>
                <TextEquiv>
                    <Unicode>6. Leichen.</Unicode>
                </TextEquiv>
            </TextLine>
            <TextLine id="r8l17" primaryLanguage="German" custom="readingOrder {index:16;}">
                <Coords points="1149,764 1201,761 1460,759 1771,759 1798,760 1886,761 1928,759 1932,788 1907,788 1864,789 1155,789 1149,783"/>
                <Baseline points="1152,783 1171,783 1439,783 1600,783 1668,783 1780,784 1839,784 1929,784"/>
                <TextEquiv>
                    <Unicode>7. Exploſionsgefährliche Gegenſtände der Anlage C zum</Unicode>
                </TextEquiv>
                <TextStyle fontFamily="Times New Roman" fontSize="4.0"/>
            </TextLine>
            <TextLine id="r8l18" custom="readingOrder {index:17;}">
                <Coords points="1072,788 1172,788 1204,788 1204,814 1091,816 1067,816"/>
                <Baseline points="1073,813 1192,812"/>
                <TextEquiv>
                    <Unicode>E. B. R.</Unicode>
                </TextEquiv>
            </TextLine>
            <TextLine id="r8l19" primaryLanguage="German" custom="readingOrder {index:18;}">
                <Coords points="1151,817 1194,816 1226,815 1305,813 1484,813 1512,820 1523,822 1523,839 1151,840"/>
                <Baseline points="1151,836 1172,837 1330,837 1432,836 1520,837"/>
                <TextEquiv>
                    <Unicode>8. Unverpackte lebende Tiere.</Unicode>
                </TextEquiv>
                <TextStyle fontFamily="Times New Roman" fontSize="4.0"/>
            </TextLine>
            <TextLine id="r8l20" primaryLanguage="German" custom="readingOrder {index:19;}">
                <Coords points="1151,843 1197,841 1264,841 1937,842 1936,867 1151,867"/>
                <Baseline points="1154,861 1171,862 1260,862 1324,863 1929,862"/>
                <TextEquiv>
                    <Unicode>9. Gold⸗ und Silberbarren, Platina, Geld, Münzen und</Unicode>
                </TextEquiv>
                <TextStyle fontFamily="Times New Roman" fontSize="4.0"/>
            </TextLine>
            <TextLine id="r8l21" primaryLanguage="German" custom="readingOrder {index:20;}">
                <Coords points="1070,867 1091,867 1935,866 1936,894 1070,895"/>
                <Baseline points="1073,890 1159,889 1221,890 1361,892 1519,889 1742,889 1927,889"/>
                <TextEquiv>
                    <Unicode>Papiere mit Geldwert, Dokumente, Edelſteine, echte Perlen, be⸗</Unicode>
                </TextEquiv>
                <TextStyle fontFamily="Times New Roman" fontSize="4.0"/>
            </TextLine>
            <TextLine id="r8l22" primaryLanguage="German" custom="readingOrder {index:21;}">
                <Coords points="1070,895 1852,895 1919,894 1934,901 1934,922 1069,922"/>
                <Baseline points="1070,917 1155,918 1279,917 1385,917 1454,916 1583,917 1705,917 1844,917 1929,917"/>
                <TextEquiv>
                    <Unicode>ſonders wertvolle Spitzen und beſonders wertvolle Stickereien ſowie</Unicode>
                </TextEquiv>
                <TextStyle fontFamily="Times New Roman" fontSize="4.0"/>
            </TextLine>
            <TextLine id="r8l23" primaryLanguage="German" custom="readingOrder {index:22;}">
                <Coords points="1070,922 1856,921 1929,921 1931,948 1912,948 1070,949"/>
                <Baseline points="1070,943 1144,944 1418,942 1709,943 1929,944"/>
                <TextEquiv>
                    <Unicode>andere Koſtbarkeiten, ferner Kunſtgegenſtände, wie Gemälde, Bild⸗</Unicode>
                </TextEquiv>
                <TextStyle fontFamily="Times New Roman" fontSize="4.0"/>
            </TextLine>
            <TextLine id="r8l24" primaryLanguage="German" custom="readingOrder {index:23;}">
                <Coords points="1067,951 1093,948 1671,947 1687,948 1746,950 1746,974 1086,975 1067,976"/>
                <Baseline points="1070,971 1299,969 1360,970 1741,969"/>
                <TextEquiv>
                    <Unicode>werke, Gegenſtände aus Erzguß und Kunſtaltertümer.</Unicode>
                </TextEquiv>
                <TextStyle fontFamily="Times New Roman" fontSize="4.0"/>
            </TextLine>
            <TextLine id="r8l25" primaryLanguage="German" custom="readingOrder {index:24;}">
                <Coords points="1153,977 1189,975 1795,973 1862,974 1919,975 1931,974 1931,1001 1153,1002"/>
                <Baseline points="1153,997 1404,997 1509,997 1623,996 1773,996 1862,997 1928,997"/>
                <TextEquiv>
                    <Unicode>10. Sendungen, bei welchen einzelne Frachtſtücke mehr als</Unicode>
                </TextEquiv>
                <TextStyle fontFamily="Times New Roman" fontSize="4.0"/>
            </TextLine>
            <TextLine id="r8l26" primaryLanguage="German" custom="readingOrder {index:25;}">
                <Coords points="1071,1005 1085,1003 1129,1001 1137,1000 1857,1000 1907,1000 1919,1003 1934,1010 1935,1027 1925,1029 1893,1028 1071,1028"/>
                <Baseline points="1071,1024 1111,1023 1266,1023 1376,1022 1686,1022 1929,1023"/>
                <TextEquiv>
                    <Unicode>750 Kilogramm wiegen (ausſchließlich gefüllte Fäſſer mit kreis⸗</Unicode>
                </TextEquiv>
                <TextStyle fontFamily="Times New Roman" fontSize="4.0"/>
            </TextLine>
            <TextLine id="r8l27" primaryLanguage="German" custom="readingOrder {index:26;}">
                <Coords points="1070,1035 1086,1028 1122,1029 1713,1028 1713,1054 1074,1055 1070,1051"/>
                <Baseline points="1070,1051 1150,1051 1321,1050 1410,1050 1469,1050 1553,1050 1638,1050 1707,1049"/>
                <TextEquiv>
                    <Unicode>runden Böden) oder länger als ſieben Meter ſind.</Unicode>
                </TextEquiv>
                <TextStyle fontFamily="Times New Roman" fontSize="4.0"/>
            </TextLine>
            <TextLine id="r8l28" primaryLanguage="German" custom="readingOrder {index:27;}">
                <Coords points="1148,1057 1174,1053 1843,1053 1875,1060 1883,1070 1883,1078 1875,1082 1148,1082"/>
                <Baseline points="1152,1078 1186,1077 1338,1076 1406,1076 1724,1076 1883,1078"/>
                <TextEquiv>
                    <Unicode>11. Beſchädigte oder unvollſtändig angelangte Sendungen.</Unicode>
                </TextEquiv>
                <TextStyle fontFamily="Times New Roman" fontSize="4.0"/>
            </TextLine>
            <TextLine id="r8l29" primaryLanguage="German" custom="readingOrder {index:28;}">
                <Coords points="1153,1084 1221,1081 1847,1081 1847,1109 1153,1109"/>
                <Baseline points="1153,1103 1185,1103 1247,1102 1391,1103 1434,1103 1550,1103 1686,1103 1847,1103"/>
                <TextEquiv>
                    <Unicode>12. An Spediteure in Tetſchen adreſſierte Sendungen.</Unicode>
                </TextEquiv>
                <TextStyle fontFamily="Times New Roman" fontSize="4.0"/>
            </TextLine>
            <TextLine id="r8l30" primaryLanguage="German" custom="readingOrder {index:29;}">
                <Coords points="1153,1111 1218,1109 1833,1109 1908,1107 1932,1108 1932,1136 1865,1136 1153,1136"/>
                <Baseline points="1153,1130 1187,1130 1445,1131 1860,1131 1930,1131"/>
                <TextEquiv>
                    <Unicode>13. Güter, auf welchen Nachnahmen nach Eingang in der</Unicode>
                </TextEquiv>
                <TextStyle fontFamily="Times New Roman" fontSize="4.0"/>
            </TextLine>
            <TextLine id="r8l31" primaryLanguage="German" custom="readingOrder {index:30;}">
                <Coords points="1071,1136 1073,1135 1422,1135 1456,1134 1489,1135 1515,1140 1523,1149 1528,1162 1492,1162 1472,1164 1071,1164"/>
                <Baseline points="1072,1158 1265,1157 1318,1157 1379,1157 1424,1157 1523,1157"/>
                <TextEquiv>
                    <Unicode>Höhe von mehr als 100 K. haften.</Unicode>
                </TextEquiv>
            </TextLine>
        </TextRegion>
        <TextRegion type="heading" id="r9" custom="readingOrder {index:8;} structure {type:heading;}">
            <Coords points="952,1167 1171,1168 1171,1218 953,1220"/>
            <TextLine id="r9l1" primaryLanguage="German" custom="readingOrder {index:0;}">
                <Coords points="975,1170 1157,1170 1157,1213 1026,1215 969,1212"/>
                <Baseline points="974,1207 1143,1206"/>
                <TextEquiv>
                    <Unicode>Tarif.</Unicode>
                </TextEquiv>
                <TextStyle fontFamily="Times New Roman" fontSize="7.5"/>
            </TextLine>
        </TextRegion>
        <TextRegion type="paragraph" id="r10" custom="readingOrder {index:9;} structure {type:T0C0;}">
            <Coords points="329,1318 532,1316 535,1377 332,1379"/>
            <TextLine id="r10l1" primaryLanguage="German" custom="readingOrder {index:0;}">
                <Coords points="342,1333 520,1332 527,1366 476,1366 342,1362"/>
                <Baseline points="347,1357 398,1356 457,1357 516,1356"/>
                <TextEquiv>
                    <Unicode>Von und nach</Unicode>
                </TextEquiv>
                <TextStyle fontFamily="Times New Roman" fontSize="5.0" bold="true"/>
            </TextLine>
        </TextRegion>
        <TextRegion type="paragraph" id="r11" custom="readingOrder {index:10;} structure {type:T0C1;}">
            <Coords points="672,1311 884,1316 883,1370 675,1371"/>
            <TextLine id="r11l1" primaryLanguage="German" custom="readingOrder {index:0;}">
                <Coords points="691,1326 810,1325 868,1329 871,1362 834,1363 752,1365 724,1364 689,1359"/>
                <Baseline points="696,1356 752,1357 807,1355 863,1355"/>
                <TextEquiv>
                    <Unicode>Nach und von</Unicode>
                </TextEquiv>
                <TextStyle fontFamily="Times New Roman" fontSize="5.0" bold="true"/>
            </TextLine>
        </TextRegion>
        <TextRegion type="paragraph" id="r12" custom="readingOrder {index:11;} structure {type:T0C2;}">
            <Coords points="916,1297 1073,1297 1075,1386 918,1386"/>
            <TextLine id="r12l1" primaryLanguage="German" custom="readingOrder {index:0;}">
                <Coords points="918,1316 1073,1316 1073,1345 918,1345 918,1344"/>
                <Baseline points="918,1339 963,1338 1073,1339"/>
                <TextEquiv>
                    <Unicode>Für Eilgüter</Unicode>
                </TextEquiv>
                <TextStyle fontFamily="Times New Roman" fontSize="4.0"/>
            </TextLine>
            <TextLine id="r12l2" primaryLanguage="German" custom="readingOrder {index:1;}">
                <Coords points="931,1343 1047,1343 1058,1349 1058,1372 971,1372 926,1372"/>
                <Baseline points="931,1364 966,1365 1010,1364 1058,1365"/>
                <TextEquiv>
                    <Unicode>bis 50 Kg.</Unicode>
                </TextEquiv>
                <TextStyle fontFamily="Times New Roman" fontSize="4.0"/>
            </TextLine>
        </TextRegion>
        <TextRegion type="paragraph" id="r13" custom="readingOrder {index:12;} structure {type:T0C3;}">
            <Coords points="1083,1287 1238,1286 1239,1403 1084,1404"/>
            <TextLine id="r13l1" primaryLanguage="German" custom="readingOrder {index:0;}">
                <Coords points="1091,1308 1230,1307 1230,1336 1091,1336"/>
                <Baseline points="1094,1331 1137,1330 1227,1330"/>
                <TextEquiv>
                    <Unicode>Für Fracht⸗</Unicode>
                </TextEquiv>
                <TextStyle fontFamily="Times New Roman" fontSize="4.0"/>
            </TextLine>
            <TextLine id="r13l2" primaryLanguage="German" custom="readingOrder {index:1;}">
                <Coords points="1099,1341 1114,1335 1217,1335 1217,1362 1099,1362"/>
                <Baseline points="1104,1358 1163,1357 1215,1357"/>
                <TextEquiv>
                    <Unicode>güter bis</Unicode>
                </TextEquiv>
                <TextStyle fontFamily="Times New Roman" fontSize="4.0"/>
            </TextLine>
            <TextLine id="r13l3" primaryLanguage="German" custom="readingOrder {index:2;}">
                <Coords points="1120,1361 1184,1361 1205,1366 1205,1389 1173,1389 1113,1389"/>
                <Baseline points="1120,1383 1148,1384 1197,1383"/>
                <TextEquiv>
                    <Unicode>50 Kg.</Unicode>
                </TextEquiv>
                <TextStyle fontFamily="Times New Roman" fontSize="4.0"/>
            </TextLine>
        </TextRegion>
        <TextRegion type="paragraph" id="r14" custom="readingOrder {index:13;} structure {type:T0C4;}">
            <Coords points="1245,1284 1404,1283 1402,1404 1245,1404"/>
            <TextLine id="r14l1" primaryLanguage="German" custom="readingOrder {index:0;}">
                <Coords points="1247,1306 1402,1305 1402,1336 1247,1336"/>
                <Baseline points="1247,1331 1291,1330 1402,1330"/>
                <TextEquiv>
                    <Unicode>Für Eilgüter</Unicode>
                </TextEquiv>
                <TextStyle fontFamily="Times New Roman" fontSize="4.0"/>
            </TextLine>
            <TextLine id="r14l2" primaryLanguage="German" custom="readingOrder {index:1;}">
                <Coords points="1257,1336 1390,1335 1390,1361 1257,1361"/>
                <Baseline points="1260,1357 1310,1356 1344,1356 1387,1356"/>
                <TextEquiv>
                    <Unicode>über 50 Kg.</Unicode>
                </TextEquiv>
                <TextStyle fontFamily="Times New Roman" fontSize="4.0"/>
            </TextLine>
            <TextLine id="r14l3" primaryLanguage="German" custom="readingOrder {index:2;}">
                <Coords points="1259,1362 1295,1360 1394,1360 1394,1388 1361,1388 1256,1390"/>
                <Baseline points="1259,1383 1294,1383 1342,1383 1387,1382"/>
                <TextEquiv>
                    <Unicode>bis 100 Kg.</Unicode>
                </TextEquiv>
                <TextStyle fontFamily="Times New Roman" fontSize="4.0"/>
            </TextLine>
        </TextRegion>
        <TextRegion type="paragraph" id="r15" custom="readingOrder {index:14;} structure {type:T0C5;}">
            <Coords points="1411,1273 1566,1273 1565,1412 1410,1412"/>
            <TextLine id="r15l1" primaryLanguage="German" custom="readingOrder {index:0;}">
                <Coords points="1418,1289 1438,1288 1475,1290 1561,1290 1561,1318 1418,1319"/>
                <Baseline points="1420,1311 1465,1312 1559,1310"/>
                <TextEquiv>
                    <Unicode>Für Fracht⸗</Unicode>
                </TextEquiv>
                <TextStyle fontFamily="Times New Roman" fontSize="4.0"/>
            </TextLine>
            <TextLine id="r15l2" primaryLanguage="German" custom="readingOrder {index:1;}">
                <Coords points="1421,1319 1561,1317 1561,1342 1421,1343"/>
                <Baseline points="1424,1338 1484,1338 1554,1339"/>
                <TextEquiv>
                    <Unicode>güter über</Unicode>
                </TextEquiv>
                <TextStyle fontFamily="Times New Roman" fontSize="4.0"/>
            </TextLine>
            <TextLine id="r15l3" primaryLanguage="German" custom="readingOrder {index:2;}">
                <Coords points="1418,1344 1541,1344 1560,1346 1560,1366 1547,1371 1426,1371 1418,1365"/>
                <Baseline points="1423,1365 1450,1365 1500,1364 1555,1364"/>
                <TextEquiv>
                    <Unicode>50 Kg. bis</Unicode>
                </TextEquiv>
                <TextStyle fontFamily="Times New Roman" fontSize="4.0"/>
            </TextLine>
            <TextLine id="r15l4" primaryLanguage="German" custom="readingOrder {index:3;}">
                <Coords points="1443,1370 1455,1369 1483,1371 1493,1370 1514,1369 1530,1375 1539,1387 1539,1393 1530,1398 1514,1402 1436,1397"/>
                <Baseline points="1443,1392 1482,1392 1534,1392"/>
                <TextEquiv>
                    <Unicode>100 Kg.</Unicode>
                </TextEquiv>
                <TextStyle fontFamily="Times New Roman" fontSize="4.0"/>
            </TextLine>
        </TextRegion>
        <TextRegion type="paragraph" id="r16" custom="readingOrder {index:15;} structure {type:T0C6;}">
            <Coords points="1577,1248 1732,1251 1734,1444 1579,1443"/>
            <TextLine id="r16l1" primaryLanguage="German" custom="readingOrder {index:0;}">
                <Coords points="1578,1254 1663,1255 1726,1255 1734,1258 1731,1281 1577,1282"/>
                <Baseline points="1579,1277 1620,1277 1731,1277"/>
                <TextEquiv>
                    <Unicode>Für Eil⸗ und</Unicode>
                </TextEquiv>
                <TextStyle fontFamily="Times New Roman" fontSize="4.0"/>
            </TextLine>
            <TextLine id="r16l2" custom="readingOrder {index:1;}">
                <Coords points="1584,1282 1726,1282 1727,1309 1586,1308"/>
                <Baseline points="1586,1303 1724,1303"/>
                <TextEquiv>
                    <Unicode>Frachtgüter</Unicode>
                </TextEquiv>
            </TextLine>
            <TextLine id="r16l3" custom="readingOrder {index:2;}">
                <Coords points="1578,1308 1729,1309 1730,1335 1580,1334 1578,1330"/>
                <Baseline points="1579,1329 1728,1329"/>
                <TextEquiv>
                    <Unicode>über 100 Kg.</Unicode>
                </TextEquiv>
            </TextLine>
            <TextLine id="r16l4" primaryLanguage="German" custom="readingOrder {index:3;}">
                <Coords points="1586,1334 1717,1336 1717,1361 1586,1361"/>
                <Baseline points="1589,1356 1624,1356 1717,1356"/>
                <TextEquiv>
                    <Unicode>bis 500 Kg.</Unicode>
                </TextEquiv>
            </TextLine>
            <TextLine id="r16l5" primaryLanguage="German" custom="readingOrder {index:4;}">
                <Coords points="1583,1361 1640,1361 1725,1362 1725,1387 1584,1388 1583,1387"/>
                <Baseline points="1585,1380 1723,1381"/>
                <TextEquiv>
                    <Unicode>für je ange⸗</Unicode>
                </TextEquiv>
            </TextLine>
            <TextLine id="r16l6" custom="readingOrder {index:5;}">
                <Coords points="1587,1387 1724,1387 1724,1410 1585,1411"/>
                <Baseline points="1591,1406 1718,1406"/>
                <TextEquiv>
                    <Unicode>fangene 50</Unicode>
                </TextEquiv>
            </TextLine>
            <TextLine id="r16l7" primaryLanguage="German" custom="readingOrder {index:6;}">
                <Coords points="1588,1412 1728,1412 1728,1440 1692,1440 1590,1441"/>
                <Baseline points="1590,1436 1724,1435"/>
                <TextEquiv>
                    <Unicode>Kilogramm</Unicode>
                </TextEquiv>
                <TextStyle fontFamily="Times New Roman" fontSize="4.0"/>
            </TextLine>
        </TextRegion>
        <TextRegion type="paragraph" id="r17" custom="readingOrder {index:16;} structure {type:T0C6;}">
            <Coords points="1739,1249 1906,1247 1905,1438 1741,1439"/>
            <TextLine id="r17l1" primaryLanguage="German" custom="readingOrder {index:0;}">
                <Coords points="1742,1261 1895,1262 1898,1290 1743,1291"/>
                <Baseline points="1743,1285 1896,1286"/>
                <TextEquiv>
                    <Unicode>Für Eil⸗ und</Unicode>
                </TextEquiv>
                <TextStyle fontFamily="Times New Roman" fontSize="4.0"/>
            </TextLine>
            <TextLine id="r17l2" custom="readingOrder {index:1;}">
                <Coords points="1748,1290 1890,1291 1890,1316 1748,1315"/>
                <Baseline points="1750,1311 1882,1311"/>
                <TextEquiv>
                    <Unicode>Frachtgüter</Unicode>
                </TextEquiv>
            </TextLine>
            <TextLine id="r17l3" custom="readingOrder {index:2;}">
                <Coords points="1743,1316 1781,1317 1812,1317 1885,1318 1899,1317 1899,1334 1899,1344 1742,1342"/>
                <Baseline points="1742,1337 1897,1340"/>
                <TextEquiv>
                    <Unicode>über 500 kg.</Unicode>
                </TextEquiv>
            </TextLine>
            <TextLine id="r17l4" primaryLanguage="German" custom="readingOrder {index:3;}">
                <Coords points="1741,1341 1885,1345 1902,1345 1901,1359 1899,1370 1805,1369 1741,1368"/>
                <Baseline points="1745,1364 1779,1364 1895,1364"/>
                <TextEquiv>
                    <Unicode>für je ange⸗</Unicode>
                </TextEquiv>
            </TextLine>
            <TextLine id="r17l5" primaryLanguage="German" custom="readingOrder {index:4;}">
                <Coords points="1756,1369 1892,1369 1889,1396 1747,1396 1747,1374"/>
                <Baseline points="1750,1390 1886,1391"/>
                <TextEquiv>
                    <Unicode>fangene 100</Unicode>
                </TextEquiv>
            </TextLine>
            <TextLine id="r17l6" primaryLanguage="German" custom="readingOrder {index:5;}">
                <Coords points="1752,1395 1885,1396 1888,1426 1811,1427 1749,1426"/>
                <Baseline points="1752,1419 1883,1417"/>
                <TextEquiv>
                    <Unicode>Kilogramm</Unicode>
                </TextEquiv>
                <TextStyle fontFamily="Times New Roman" fontSize="4.0"/>
            </TextLine>
        </TextRegion>
        <TextRegion type="paragraph" id="r18" custom="readingOrder {index:17;} structure {type:T0C0;}">
            <Coords points="209,1468 639,1465 640,1664 214,1665"/>
            <TextLine id="r18l1" primaryLanguage="German" custom="readingOrder {index:0;}">
                <Coords points="348,1494 356,1493 484,1492 521,1500 527,1526 342,1527"/>
                <Baseline points="348,1523 393,1523 521,1522"/>
                <TextEquiv>
                    <Unicode>der Station</Unicode>
                </TextEquiv>
                <TextStyle fontFamily="Times New Roman" fontSize="5.0" bold="true"/>
            </TextLine>
            <TextLine id="r18l2" primaryLanguage="German" custom="readingOrder {index:1;}">
                <Coords points="340,1528 528,1527 531,1570 337,1571"/>
                <Baseline points="343,1565 523,1562"/>
                <TextEquiv>
                    <Unicode>Tetſchen</Unicode>
                </TextEquiv>
                <TextStyle fontFamily="Times New Roman" fontSize="8.5" bold="true"/>
            </TextLine>
            <TextLine id="r18l3" primaryLanguage="German" custom="readingOrder {index:2;}">
                <Coords points="219,1574 640,1571 640,1606 231,1606 219,1603"/>
                <Baseline points="227,1603 273,1601 310,1601 342,1600 449,1600 640,1600"/>
                <TextEquiv>
                    <Unicode>der k. k. öſterr. Staatsbahn</Unicode>
                </TextEquiv>
                <TextStyle fontFamily="Times New Roman" fontSize="5.0" bold="true"/>
            </TextLine>
            <TextLine id="r18l4" primaryLanguage="German" custom="readingOrder {index:3;}">
                <Coords points="251,1606 619,1606 619,1641 252,1646"/>
                <Baseline points="255,1636 612,1635"/>
                <TextEquiv>
                    <Unicode>(Nordweſtbahndirektion)</Unicode>
                </TextEquiv>
                <TextStyle fontFamily="Times New Roman" fontSize="5.0" bold="true"/>
            </TextLine>
        </TextRegion>
        <TextRegion type="paragraph" id="r19" custom="readingOrder {index:18;} structure {type:T0C0;}">
            <Coords points="655,1491 907,1490 908,1628 656,1629"/>
            <TextLine id="r19l1" primaryLanguage="German" custom="readingOrder {index:0;}">
                <Coords points="662,1524 731,1523 902,1528 902,1561 660,1561"/>
                <Baseline points="662,1556 731,1556 835,1556 897,1557"/>
                <TextEquiv>
                    <Unicode>allen Teilen der</Unicode>
                </TextEquiv>
                <TextStyle fontFamily="Times New Roman" fontSize="5.0" bold="true"/>
            </TextLine>
            <TextLine id="r19l2" primaryLanguage="German" custom="readingOrder {index:1;}">
                <Coords points="661,1562 856,1562 895,1566 896,1602 857,1600 782,1602 663,1599"/>
                <Baseline points="668,1593 751,1592 891,1592"/>
                <TextEquiv>
                    <Unicode>Stadt Tetſchen</Unicode>
                </TextEquiv>
                <TextStyle fontFamily="Times New Roman" fontSize="5.0" bold="true"/>
            </TextLine>
        </TextRegion>
        <TextRegion type="paragraph" id="r20" custom="readingOrder {index:19;} structure {type:T0C4;}">
            <Coords points="1293,1461 1507,1460 1512,1500 1293,1501"/>
            <TextLine id="r20l1" custom="readingOrder {index:0;}">
                <Coords points="1297,1463 1506,1463 1506,1496 1297,1496"/>
                <Baseline points="1303,1488 1500,1488"/>
                <TextEquiv>
                    <Unicode>Heller</Unicode>
                </TextEquiv>
            </TextLine>
        </TextRegion>
        <TextRegion type="paragraph" id="r21" custom="readingOrder {index:20;} structure {type:T0C1;}">
            <Coords points="967,1531 1044,1528 1050,1602 973,1605"/>
            <TextLine id="r21l1" primaryLanguage="German" custom="readingOrder {index:0;}">
                <Coords points="979,1544 1000,1539 1021,1545 1029,1584 1002,1585 982,1579"/>
                <Baseline points="987,1574 1021,1575"/>
                <TextEquiv>
                    <Unicode>25</Unicode>
                </TextEquiv>
                <TextStyle fontFamily="Times New Roman" fontSize="5.0" bold="true" italic="true"/>
            </TextLine>
        </TextRegion>
        <TextRegion type="paragraph" id="r22" custom="readingOrder {index:21;} structure {type:T0C2;}">
            <Coords points="1126,1533 1208,1532 1206,1588 1124,1589"/>
            <TextLine id="r22l1" primaryLanguage="German" custom="readingOrder {index:0;}">
                <Coords points="1134,1544 1158,1543 1187,1544 1187,1580 1134,1580"/>
                <Baseline points="1142,1575 1178,1575"/>
                <TextEquiv>
                    <Unicode>20</Unicode>
                </TextEquiv>
                <TextStyle fontFamily="Times New Roman" fontSize="4.0"/>
            </TextLine>
        </TextRegion>
        <TextRegion type="paragraph" id="r23" custom="readingOrder {index:22;} structure {type:T0C3;}">
            <Coords points="1287,1532 1352,1533 1357,1600 1292,1599"/>
            <TextLine id="r23l1" primaryLanguage="German" custom="readingOrder {index:0;}">
                <Coords points="1302,1544 1346,1544 1346,1585 1302,1585"/>
                <Baseline points="1306,1575 1340,1575"/>
                <TextEquiv>
                    <Unicode>36</Unicode>
                </TextEquiv>
                <TextStyle fontFamily="Times New Roman" fontSize="4.0"/>
            </TextLine>
        </TextRegion>
        <TextRegion type="paragraph" id="r24" custom="readingOrder {index:23;} structure {type:T0C4;}">
            <Coords points="1448,1532 1519,1533 1525,1601 1454,1600"/>
            <TextLine id="r24l1" primaryLanguage="German" custom="readingOrder {index:0;}">
                <Coords points="1466,1545 1512,1545 1512,1584 1466,1584"/>
                <Baseline points="1469,1576 1505,1576"/>
                <TextEquiv>
                    <Unicode>30</Unicode>
                </TextEquiv>
                <TextStyle fontFamily="Times New Roman" fontSize="4.0"/>
            </TextLine>
        </TextRegion>
        <TextRegion type="paragraph" id="r25" custom="readingOrder {index:24;} structure {type:T0C5;}">
            <Coords points="1613,1532 1692,1533 1695,1599 1616,1598"/>
            <TextLine id="r25l1" primaryLanguage="German" custom="readingOrder {index:0;}">
                <Coords points="1630,1545 1642,1543 1675,1542 1675,1581 1646,1583 1631,1583"/>
                <Baseline points="1634,1576 1668,1575"/>
                <TextEquiv>
                    <Unicode>15</Unicode>
                </TextEquiv>
                <TextStyle fontFamily="Times New Roman" fontSize="4.0"/>
            </TextLine>
        </TextRegion>
        <TextRegion type="paragraph" id="r26" custom="readingOrder {index:25;} structure {type:T0C6;}">
            <Coords points="1788,1529 1852,1532 1856,1601 1785,1602"/>
            <TextLine id="r26l1" primaryLanguage="German" custom="readingOrder {index:0;}">
                <Coords points="1796,1543 1839,1544 1846,1582 1813,1581 1794,1580"/>
                <Baseline points="1798,1575 1832,1576"/>
                <TextEquiv>
                    <Unicode>28</Unicode>
                </TextEquiv>
                <TextStyle fontFamily="Times New Roman" fontSize="4.0"/>
            </TextLine>
        </TextRegion>
        <TextRegion type="paragraph" id="r27" custom="readingOrder {index:26;}">
            <Coords points="184,1669 1057,1671 1057,1762 1057,1982 1059,2104 1061,2159 179,2160 178,2102 179,2001"/>
            <TextLine id="r27l1" primaryLanguage="German" custom="readingOrder {index:0;}">
                <Coords points="271,1676 305,1675 393,1673 966,1673 1042,1674 1053,1678 1053,1703 271,1703"/>
                <Baseline points="275,1698 469,1698 614,1697 669,1697 864,1697 950,1697 1052,1699"/>
                <TextEquiv>
                    <Unicode>Obige Gebühren gelten für die Zuſtellung der Güter bis in</Unicode>
                </TextEquiv>
                <TextStyle fontFamily="Times New Roman" fontSize="4.0"/>
            </TextLine>
            <TextLine id="r27l2" primaryLanguage="German" custom="readingOrder {index:1;}">
                <Coords points="190,1704 241,1703 1054,1703 1054,1730 190,1730"/>
                <Baseline points="190,1726 223,1725 377,1725 629,1724 677,1724 1051,1724"/>
                <TextEquiv>
                    <Unicode>die ebenerdigen Lokale, Magazine ꝛc. der Empfänger oder um⸗</Unicode>
                </TextEquiv>
                <TextStyle fontFamily="Times New Roman" fontSize="4.0"/>
            </TextLine>
            <TextLine id="r27l3" primaryLanguage="German" custom="readingOrder {index:2;}">
                <Coords points="191,1736 213,1729 264,1730 1054,1728 1054,1756 191,1757"/>
                <Baseline points="190,1752 327,1751 391,1751 611,1751 676,1751 836,1751 1052,1750"/>
                <TextEquiv>
                    <Unicode>gekehrt für die Zuſtreifung von den ebenerdigen Lokalen, Ma⸗</Unicode>
                </TextEquiv>
                <TextStyle fontFamily="Times New Roman" fontSize="4.0"/>
            </TextLine>
            <TextLine id="r27l4" primaryLanguage="German" custom="readingOrder {index:3;}">
                <Coords points="189,1756 719,1754 719,1783 191,1785"/>
                <Baseline points="193,1778 278,1779 328,1779 383,1778 506,1777 574,1777 710,1778"/>
                <TextEquiv>
                    <Unicode>gazinen ꝛc. der Abſender zum Bahnhofe.</Unicode>
                </TextEquiv>
                <TextStyle fontFamily="Times New Roman" fontSize="4.0"/>
            </TextLine>
            <TextLine id="r27l5" primaryLanguage="German" custom="readingOrder {index:4;}">
                <Coords points="274,1789 305,1788 469,1787 1052,1789 1052,1816 274,1816"/>
                <Baseline points="274,1813 339,1813 548,1811 891,1812 1049,1811"/>
                <TextEquiv>
                    <Unicode>Ueber Verlangen der Abſender, beziehungsweiſe Empfänger</Unicode>
                </TextEquiv>
                <TextStyle fontFamily="Times New Roman" fontSize="4.0"/>
            </TextLine>
            <TextLine id="r27l6" primaryLanguage="German" custom="readingOrder {index:5;}">
                <Coords points="191,1822 205,1817 1051,1816 1051,1844 191,1844"/>
                <Baseline points="191,1840 271,1840 329,1839 706,1838 759,1838 1050,1838"/>
                <TextEquiv>
                    <Unicode>werden die abgeſtreiften, beziehungsweiſe die zuzuſtreifenden Güter,</Unicode>
                </TextEquiv>
                <TextStyle fontFamily="Times New Roman" fontSize="4.0"/>
            </TextLine>
            <TextLine id="r27l7" primaryLanguage="German" custom="readingOrder {index:6;}">
                <Coords points="190,1843 200,1845 727,1842 1052,1844 1051,1870 189,1870"/>
                <Baseline points="190,1866 293,1866 348,1865 481,1865 562,1865 681,1865 728,1865 884,1865 1052,1865"/>
                <TextEquiv>
                    <Unicode>inſoferne die einzelnen Kolli höchſtens 50 Kilogramm wiegen und</Unicode>
                </TextEquiv>
                <TextStyle fontFamily="Times New Roman" fontSize="4.0"/>
            </TextLine>
            <TextLine id="r27l8" primaryLanguage="German" custom="readingOrder {index:7;}">
                <Coords points="191,1871 1053,1870 1054,1895 189,1896"/>
                <Baseline points="190,1893 233,1892 321,1891 427,1891 550,1890 656,1891 815,1890 875,1891 969,1891 1052,1892"/>
                <TextEquiv>
                    <Unicode>von einem Manne getragen werden können, in den Keller oder</Unicode>
                </TextEquiv>
                <TextStyle fontFamily="Times New Roman" fontSize="4.0"/>
            </TextLine>
            <TextLine id="r27l9" primaryLanguage="German" custom="readingOrder {index:8;}">
                <Coords points="192,1902 205,1896 1052,1895 1052,1924 192,1924"/>
                <Baseline points="192,1919 588,1917 633,1918 803,1918 873,1918 948,1918 1052,1918"/>
                <TextEquiv>
                    <Unicode>aus demſelben, beziehungsweiſe in ein höheres oder aus einem</Unicode>
                </TextEquiv>
                <TextStyle fontFamily="Times New Roman" fontSize="4.0"/>
            </TextLine>
            <TextLine id="r27l10" primaryLanguage="German" custom="readingOrder {index:9;}">
                <Coords points="191,1925 216,1924 1053,1923 1053,1951 191,1952"/>
                <Baseline points="192,1946 278,1946 418,1945 500,1944 735,1944 901,1945 946,1945 1053,1945"/>
                <TextEquiv>
                    <Unicode>höheren Stockwerke gegen Entrichtung einer Gebühr von 10 H. für</Unicode>
                </TextEquiv>
                <TextStyle fontFamily="Times New Roman" fontSize="4.0"/>
            </TextLine>
            <TextLine id="r27l11" primaryLanguage="German" custom="readingOrder {index:10;}">
                <Coords points="190,1950 1052,1950 1054,1979 647,1975 189,1977"/>
                <Baseline points="189,1973 211,1973 374,1971 421,1971 571,1970 629,1970 677,1970 766,1971 1053,1973"/>
                <TextEquiv>
                    <Unicode>je angefangene 50 Kilogramm der zu einem Frachtbriefe gehörigen</Unicode>
                </TextEquiv>
                <TextStyle fontFamily="Times New Roman" fontSize="4.0"/>
            </TextLine>
            <TextLine id="r27l12" primaryLanguage="German" custom="readingOrder {index:11;}">
                <Coords points="191,1978 874,1976 873,2003 191,2006"/>
                <Baseline points="192,2000 339,1998 457,1998 572,1997 873,1998"/>
                <TextEquiv>
                    <Unicode>Güter (ohne Rückſicht auf die Kollianzahl getragen).</Unicode>
                </TextEquiv>
                <TextStyle fontFamily="Times New Roman" fontSize="4.0"/>
            </TextLine>
            <TextLine id="r27l13" primaryLanguage="German" custom="readingOrder {index:12;}">
                <Coords points="273,2011 289,2007 1053,2007 1052,2037 272,2037"/>
                <Baseline points="273,2033 321,2032 456,2032 515,2030 666,2030 787,2032 938,2032 1053,2033"/>
                <TextEquiv>
                    <Unicode>Das Abtragen der Frachtſtücke geſchieht auf eigene Gefahr</Unicode>
                </TextEquiv>
                <TextStyle fontFamily="Times New Roman" fontSize="4.0"/>
            </TextLine>
            <TextLine id="r27l14" primaryLanguage="German" custom="readingOrder {index:13;}">
                <Coords points="191,2037 254,2036 1054,2037 1054,2065 188,2063"/>
                <Baseline points="191,2060 467,2057 521,2057 1054,2061"/>
                <TextEquiv>
                    <Unicode>und Verantwortlichkeit der Rollfuhrunternehmung, welche für allen</Unicode>
                </TextEquiv>
                <TextStyle fontFamily="Times New Roman" fontSize="4.0"/>
            </TextLine>
            <TextLine id="r27l15" primaryLanguage="German" custom="readingOrder {index:14;}">
                <Coords points="191,2064 868,2063 869,2091 192,2091"/>
                <Baseline points="191,2086 258,2087 428,2086 544,2084 628,2085 803,2085 869,2085"/>
                <TextEquiv>
                    <Unicode>hiebei entſtandenen Schaden allein aufzukommen hat.</Unicode>
                </TextEquiv>
                <TextStyle fontFamily="Times New Roman" fontSize="4.0"/>
            </TextLine>
            <TextLine id="r27l16" primaryLanguage="German" custom="readingOrder {index:15;}">
                <Coords points="270,2097 293,2098 463,2096 599,2095 1057,2095 1057,2126 701,2122 270,2124"/>
                <Baseline points="274,2121 361,2121 433,2119 583,2119 642,2119 779,2119 846,2118 916,2120 1054,2120"/>
                <TextEquiv>
                    <Unicode>Werden über Verlangen des Abſenders von der Rollfuhr⸗</Unicode>
                </TextEquiv>
                <TextStyle fontFamily="Times New Roman" fontSize="4.0"/>
            </TextLine>
            <TextLine id="r27l17" primaryLanguage="German" custom="readingOrder {index:16;}">
                <Coords points="193,2131 223,2124 1054,2125 1056,2155 207,2154 193,2148"/>
                <Baseline points="193,2148 777,2144 916,2146 1052,2145"/>
                <TextEquiv>
                    <Unicode>unternehmung Zoll⸗ und Steuerpapiere ſowie ſtatiſtiſche Anmelde⸗</Unicode>
                </TextEquiv>
                <TextStyle fontFamily="Times New Roman" fontSize="4.0"/>
            </TextLine>
        </TextRegion>
        <TextRegion type="paragraph" id="r28" custom="readingOrder {index:27;}">
            <Coords points="1067,1670 1945,1671 1945,1982 1945,2053 1941,2162 1072,2159 1070,2062 1071,1923 1069,1836 1069,1773"/>
            <TextLine id="r28l1" primaryLanguage="German" custom="readingOrder {index:0;}">
                <Coords points="1071,1674 1082,1673 1113,1674 1574,1674 1878,1678 1922,1678 1934,1683 1937,1707 1071,1702"/>
                <Baseline points="1072,1697 1153,1698 1715,1699 1932,1702"/>
                <TextEquiv>
                    <Unicode>ſcheine, ferner Frachtbriefe oder Frachtbriefduplikate ausgefertigt, ſo</Unicode>
                </TextEquiv>
                <TextStyle fontFamily="Times New Roman" fontSize="4.0"/>
            </TextLine>
            <TextLine id="r28l2" primaryLanguage="German" custom="readingOrder {index:1;}">
                <Coords points="1072,1701 1123,1701 1938,1707 1939,1734 1072,1727"/>
                <Baseline points="1073,1723 1126,1724 1179,1723 1547,1724 1609,1725 1711,1726 1828,1727 1932,1729"/>
                <TextEquiv>
                    <Unicode>kann die Rollfuhrunternehmung hiefür eine Gebühr von 10 H. per</Unicode>
                </TextEquiv>
                <TextStyle fontFamily="Times New Roman" fontSize="4.0"/>
            </TextLine>
            <TextLine id="r28l3" primaryLanguage="German" custom="readingOrder {index:2;}">
                <Coords points="1073,1728 1087,1726 1933,1734 1933,1757 1073,1755"/>
                <Baseline points="1073,1750 1132,1750 1367,1753 1424,1752 1824,1755 1930,1755"/>
                <TextEquiv>
                    <Unicode>Stück aufrechnen, jedoch iſt die Rollfuhrunternehmung in einem</Unicode>
                </TextEquiv>
                <TextStyle fontFamily="Times New Roman" fontSize="4.0"/>
            </TextLine>
            <TextLine id="r28l4" primaryLanguage="German" custom="readingOrder {index:3;}">
                <Coords points="1073,1755 1090,1754 1923,1758 1936,1762 1933,1783 1073,1782"/>
                <Baseline points="1074,1777 1447,1777 1507,1778 1644,1779 1777,1780 1842,1781 1930,1782"/>
                <TextEquiv>
                    <Unicode>ſolchen Falle als Beauftragte des Abſenders anzuſehen und bleibt</Unicode>
                </TextEquiv>
                <TextStyle fontFamily="Times New Roman" fontSize="4.0"/>
            </TextLine>
            <TextLine id="r28l5" custom="readingOrder {index:4;}">
                <Coords points="1071,1781 1940,1785 1940,1813 1401,1809 1071,1809"/>
                <Baseline points="1075,1802 1223,1801 1423,1804 1495,1804 1929,1808"/>
                <TextEquiv>
                    <Unicode>die Haftung der Eiſenbahn für die richtige Ausfertigung der</Unicode>
                </TextEquiv>
            </TextLine>
            <TextLine id="r28l6" primaryLanguage="German" custom="readingOrder {index:5;}">
                <Coords points="1072,1809 1385,1808 1385,1835 1072,1835"/>
                <Baseline points="1072,1831 1198,1830 1385,1830"/>
                <TextEquiv>
                    <Unicode>Dokumente ausgeſchloſſen.</Unicode>
                </TextEquiv>
                <TextStyle fontFamily="Times New Roman" fontSize="4.0"/>
            </TextLine>
            <TextLine id="r28l7" primaryLanguage="German" custom="readingOrder {index:6;}">
                <Coords points="1154,1835 1218,1835 1856,1835 1875,1836 1934,1837 1934,1864 1154,1863"/>
                <Baseline points="1157,1857 1200,1856 1254,1857 1385,1857 1466,1860 1530,1857 1616,1858 1677,1858 1734,1858 1931,1861"/>
                <TextEquiv>
                    <Unicode>Für die Vordrucke ſelbſt ſind hiebei von der Rollfuhrunter⸗</Unicode>
                </TextEquiv>
                <TextStyle fontFamily="Times New Roman" fontSize="4.0"/>
            </TextLine>
            <TextLine id="r28l8" primaryLanguage="German" custom="readingOrder {index:7;}">
                <Coords points="1072,1866 1098,1861 1115,1862 1912,1865 1935,1867 1935,1892 1921,1891 1073,1888"/>
                <Baseline points="1072,1882 1245,1883 1427,1883 1678,1885 1739,1885 1930,1888"/>
                <TextEquiv>
                    <Unicode>nehmung jene Gebühren zu berechnen, welche für dieſelben im</Unicode>
                </TextEquiv>
                <TextStyle fontFamily="Times New Roman" fontSize="4.0"/>
            </TextLine>
            <TextLine id="r28l9" primaryLanguage="German" custom="readingOrder {index:8;}">
                <Coords points="1074,1888 1099,1886 1886,1891 1886,1917 1098,1917 1075,1917"/>
                <Baseline points="1074,1910 1240,1910 1301,1911 1362,1911 1666,1912 1772,1913 1882,1915"/>
                <TextEquiv>
                    <Unicode>Einzelverkaufe von den Güterabfertigungsſtellen erhoben werden.</Unicode>
                </TextEquiv>
                <TextStyle fontFamily="Times New Roman" fontSize="4.0"/>
            </TextLine>
            <TextLine id="r28l10" primaryLanguage="German" custom="readingOrder {index:9;}">
                <Coords points="1149,1915 1909,1918 1937,1917 1938,1945 1150,1942"/>
                <Baseline points="1155,1936 1364,1937 1709,1938 1931,1941"/>
                <TextEquiv>
                    <Unicode>Die Organe der Rollfuhrunternehmung ſind verpflichtet, ein</Unicode>
                </TextEquiv>
                <TextStyle fontFamily="Times New Roman" fontSize="4.0"/>
            </TextLine>
            <TextLine id="r28l11" primaryLanguage="German" custom="readingOrder {index:10;}">
                <Coords points="1074,1939 1161,1939 1934,1946 1938,1968 1929,1970 1074,1969"/>
                <Baseline points="1074,1963 1182,1963 1263,1963 1511,1964 1563,1964 1665,1965 1756,1966 1879,1966 1930,1967"/>
                <TextEquiv>
                    <Unicode>Exemplar dieſer Kundmachung ſtets bei ſich zu führen und den Ab⸗</Unicode>
                </TextEquiv>
                <TextStyle fontFamily="Times New Roman" fontSize="4.0"/>
            </TextLine>
            <TextLine id="r28l12" primaryLanguage="German" custom="readingOrder {index:11;}">
                <Coords points="1074,1968 1100,1967 1930,1972 1932,1999 1086,1994 1074,1994"/>
                <Baseline points="1076,1989 1169,1990 1930,1995"/>
                <TextEquiv>
                    <Unicode>ſendern, beziehungsweiſe Empfängern auf Verlangen vorzuzeigen.</Unicode>
                </TextEquiv>
                <TextStyle fontFamily="Times New Roman" fontSize="4.0"/>
            </TextLine>
            <TextLine id="r28l13" primaryLanguage="German" custom="readingOrder {index:12;}">
                <Coords points="1156,1994 1935,1999 1935,2027 1640,2023 1156,2021"/>
                <Baseline points="1157,2017 1932,2021"/>
                <TextEquiv>
                    <Unicode>Allfällige Beſchwerden über die Rollfuhrunternehmung ſind</Unicode>
                </TextEquiv>
                <TextStyle fontFamily="Times New Roman" fontSize="4.0"/>
            </TextLine>
            <TextLine id="r28l14" primaryLanguage="German" custom="readingOrder {index:13;}">
                <Coords points="1074,2020 1130,2020 1805,2023 1821,2028 1821,2051 1782,2050 1767,2051 1097,2049 1074,2043"/>
                <Baseline points="1074,2043 1107,2043 1138,2044 1197,2044 1226,2043 1515,2044 1561,2044 1643,2045 1816,2046"/>
                <TextEquiv>
                    <Unicode>bei der k. k. Nordweſtbahndirektion in Wien einzubringen.</Unicode>
                </TextEquiv>
            </TextLine>
            <TextLine id="r28l15" primaryLanguage="German" custom="readingOrder {index:14;}">
                <Coords points="1147,2051 1283,2055 1383,2056 1447,2058 1470,2060 1470,2084 1342,2087 1193,2088 1144,2086"/>
                <Baseline points="1155,2078 1305,2078 1383,2079 1461,2078"/>
                <TextEquiv>
                    <Unicode>Wien, im Juni 1911.</Unicode>
                </TextEquiv>
                <TextStyle fontFamily="Times New Roman" fontSize="4.0"/>
            </TextLine>
            <TextLine id="r28l16" primaryLanguage="German" custom="readingOrder {index:15;}">
                <Coords points="1187,2102 1250,2098 1803,2101 1811,2102 1881,2113 1881,2156 1187,2155"/>
                <Baseline points="1195,2141 1318,2143 1881,2145"/>
                <TextEquiv>
                    <Unicode>K. k. Nordweſtbahndirektion.</Unicode>
                </TextEquiv>
                <TextStyle fontFamily="Times New Roman" fontSize="9.5" bold="true"/>
            </TextLine>
        </TextRegion>
        <TextRegion type="paragraph" id="r29" custom="readingOrder {index:28;}">
            <Coords points="2003,197 2257,194 3304,194 3304,261 3308,853 3306,981 3306,993 3060,995 3057,1078 2287,1075 1999,1073 2004,536 2007,437"/>
            <TextLine id="r29l1" primaryLanguage="German" custom="readingOrder {index:0;}">
                <Coords points="2245,209 2499,208 2934,204 3056,215 3057,263 2927,262 2884,262 2304,266 2246,264"/>
                <Baseline points="2257,253 2327,255 2475,255 2583,255 2856,254 3050,254"/>
                <TextEquiv>
                    <Unicode>Die Perle des Schwarzen Meeres</Unicode>
                </TextEquiv>
                <TextStyle fontFamily="Times New Roman" fontSize="9.5" bold="true"/>
            </TextLine>
            <TextLine id="r29l2" primaryLanguage="German" custom="readingOrder {index:1;}">
                <Coords points="2021,286 3285,284 3284,430 2020,430"/>
                <Baseline points="2029,418 3281,416"/>
                <TextEquiv>
                    <Unicode>CONSTANZA</Unicode>
                </TextEquiv>
                <TextStyle fontFamily="Times New Roman" fontSize="28.0" bold="true"/>
            </TextLine>
            <TextLine id="r29l3" primaryLanguage="German" custom="readingOrder {index:2;}">
                <Coords points="2015,443 2093,440 2219,441 3286,443 3289,505 3256,505 2246,504 2190,504 2018,501"/>
                <Baseline points="2023,496 2261,497 2421,496 2504,496 2666,496 2723,496 2900,496 2985,496 3283,497"/>
                <TextEquiv>
                    <Unicode>RUMÄNIEN, 6 Stunden von Bukarest, 10 Stunden von Konstantinopel.</Unicode>
                </TextEquiv>
            </TextLine>
            <TextLine id="r29l4" primaryLanguage="German" custom="readingOrder {index:3;}">
                <Coords points="2163,530 2259,524 2340,523 3136,522 3137,597 3088,596 2200,596 2163,593"/>
                <Baseline points="2180,589 2222,589 2778,588 2920,590 3128,588"/>
                <TextEquiv>
                    <Unicode>Schönster Strand der Welt!</Unicode>
                </TextEquiv>
            </TextLine>
            <TextLine id="r29l5" primaryLanguage="German" custom="readingOrder {index:4;}">
                <Coords points="2020,613 2886,601 3176,613 3268,624 3292,689 3284,736 2875,738 2829,732 2019,731"/>
                <Baseline points="2028,721 2500,721 3282,721"/>
                <TextEquiv>
                    <Unicode>CASINO MUNICIPAL.</Unicode>
                </TextEquiv>
                <TextStyle fontFamily="Times New Roman" fontSize="19.0"/>
            </TextLine>
            <TextLine id="r29l6" primaryLanguage="German" custom="readingOrder {index:5;}">
                <Coords points="2021,746 2540,747 2775,747 3074,749 3288,756 3288,789 3263,796 2051,795 2020,791"/>
                <Baseline points="2027,787 2581,787 2680,787 3031,787 3284,788"/>
                <TextEquiv>
                    <Unicode>Monumentalgebäude mit grossartiger Terrasse</Unicode>
                </TextEquiv>
                <TextStyle fontFamily="Times New Roman" fontSize="8.0" bold="true"/>
            </TextLine>
            <TextLine id="r29l7" primaryLanguage="German" custom="readingOrder {index:6;}">
                <Coords points="2025,815 2122,807 2835,805 3252,805 3282,814 3287,849 2257,848 2025,848"/>
                <Baseline points="2025,841 2103,840 2298,838 2451,838 2726,839 2982,839 3282,840"/>
                <TextEquiv>
                    <Unicode>am Meere. Zwei berühmte deutsche Orchester.</Unicode>
                </TextEquiv>
                <TextStyle fontFamily="Times New Roman" fontSize="8.0" bold="true"/>
            </TextLine>
            <TextLine id="r29l8" primaryLanguage="German" custom="readingOrder {index:7;}">
                <Coords points="2016,867 3256,865 3282,892 3289,981 3050,985 2153,982 2018,977"/>
                <Baseline points="2029,968 2657,970 2905,968 3285,966"/>
                <TextEquiv>
                    <Unicode>Sämtliche Vergnügungen und Spiele der Riviera-Casinos.</Unicode>
                </TextEquiv>
            </TextLine>
            <TextLine id="r29l9" primaryLanguage="German" custom="readingOrder {index:8;}">
                <Coords points="2269,1000 3037,999 3035,1061 2267,1052"/>
                <Baseline points="2285,1041 2649,1041 3031,1041"/>
                <TextEquiv>
                    <Unicode>Geschlossene Gesellschaft.</Unicode>
                </TextEquiv>
                <TextStyle fontFamily="Times New Roman" fontSize="8.0" bold="true"/>
            </TextLine>
        </TextRegion>
        <TextRegion id="r30" custom="readingOrder {index:29;} structure {type:reference;}">
            <Coords points="3060,995 3306,993 3310,1079 3057,1078"/>
            <TextLine id="r30l1" primaryLanguage="German" custom="readingOrder {index:0;}">
                <Coords points="3102,1007 3299,1007 3299,1056 3102,1054"/>
                <Baseline points="3220,1044 3285,1044"/>
                <TextEquiv>
                    <Unicode>14419</Unicode>
                </TextEquiv>
                <TextStyle fontFamily="Times New Roman" fontSize="8.0" bold="true"/>
            </TextLine>
        </TextRegion>
        <TextRegion type="paragraph" id="r31" custom="readingOrder {index:30;} structure {type:paragraph;}">
            <Coords points="1996,1147 2406,1147 2407,1728 2327,1730 2324,1760 2407,1760 2408,1858 2408,1908 2403,2133 2402,2170 2002,2177 2002,2135 1999,1912 1999,1862"/>
            <TextLine id="r31l1" custom="readingOrder {index:0;}">
                <Coords points="2001,1151 2395,1151 2399,1309 2005,1309"/>
                <Baseline points="2006,1293 2396,1293"/>
                <TextEquiv>
                    <Unicode>Schweiss-</Unicode>
                </TextEquiv>
            </TextLine>
            <TextLine id="r31l2" custom="readingOrder {index:1;}">
                <Coords points="2097,1319 2302,1322 2308,1441 2220,1447 2100,1444"/>
                <Baseline points="2111,1433 2287,1433"/>
                <TextEquiv>
                    <Unicode>Füsse</Unicode>
                </TextEquiv>
            </TextLine>
            <TextLine id="r31l3" custom="readingOrder {index:2;}">
                <Coords points="2019,1456 2389,1456 2387,1571 2017,1571"/>
                <Baseline points="2026,1555 2376,1556"/>
                <TextEquiv>
                    <Unicode>Wundlaufen und</Unicode>
                </TextEquiv>
            </TextLine>
            <TextLine id="r31l4" custom="readingOrder {index:3;}">
                <Coords points="2013,1572 2382,1576 2386,1685 2017,1681"/>
                <Baseline points="2025,1669 2376,1671"/>
                <TextEquiv>
                    <Unicode>Schweissgeruch</Unicode>
                </TextEquiv>
            </TextLine>
            <TextLine id="r31l5" custom="readingOrder {index:4;}">
                <Coords points="2005,1694 2186,1695 2399,1695 2401,1726 2046,1728 2005,1727"/>
                <Baseline points="2008,1723 2393,1720"/>
                <TextEquiv>
                    <Unicode>beseitigt am sicherstenund ohne</Unicode>
                </TextEquiv>
            </TextLine>
            <TextLine id="r31l6" custom="readingOrder {index:5;}">
                <Coords points="2126,1726 2177,1727 2277,1728 2277,1755 2160,1754 2126,1755"/>
                <Baseline points="2136,1748 2267,1747"/>
                <TextEquiv>
                    <Unicode>Folgen nur</Unicode>
                </TextEquiv>
            </TextLine>
            <TextLine id="r31l7" custom="readingOrder {index:6;}">
                <Coords points="2003,1760 2402,1760 2402,1915 2003,1915"/>
                <Baseline points="2006,1906 2398,1904"/>
                <TextEquiv>
                    <Unicode>Panax-Pasta</Unicode>
                </TextEquiv>
            </TextLine>
            <TextLine id="r31l8" primaryLanguage="German" custom="readingOrder {index:7;}">
                <Coords points="2025,1920 2074,1919 2094,1917 2361,1917 2379,1927 2379,1942 2375,1947 2025,1947"/>
                <Baseline points="2031,1943 2040,1943 2173,1943 2206,1943 2254,1943 2376,1942"/>
                <TextEquiv>
                    <Unicode>in Tuben à 70 Heller.</Unicode>
                </TextEquiv>
            </TextLine>
            <TextLine id="r31l9" primaryLanguage="German" custom="readingOrder {index:8;}">
                <Coords points="2007,1953 2212,1954 2382,1954 2393,1960 2393,1983 2010,1983"/>
                <Baseline points="2010,1977 2137,1976 2168,1976 2214,1976 2244,1975 2271,1976 2299,1976 2393,1975"/>
                <TextEquiv>
                    <Unicode>Eingeführt in der k. u. k. Armee.</Unicode>
                </TextEquiv>
                <TextStyle fontFamily="Times New Roman" fontSize="4.0"/>
            </TextLine>
            <TextLine id="r31l10" primaryLanguage="German" custom="readingOrder {index:9;}">
                <Coords points="2010,1989 2379,1987 2397,1990 2398,2018 2372,2017 2027,2017 2008,2018"/>
                <Baseline points="2010,2012 2099,2011 2153,2010 2250,2011 2393,2010"/>
                <TextEquiv>
                    <Unicode>Erhältlich in allen Apotheken</Unicode>
                </TextEquiv>
            </TextLine>
            <TextLine id="r31l11" primaryLanguage="German" custom="readingOrder {index:10;}">
                <Coords points="2101,2023 2141,2017 2155,2017 2254,2018 2289,2019 2303,2027 2302,2040 2288,2042 2101,2042"/>
                <Baseline points="2113,2037 2155,2036 2290,2037"/>
                <TextEquiv>
                    <Unicode>und Drogerien.</Unicode>
                </TextEquiv>
                <TextStyle fontFamily="Times New Roman" fontSize="4.0"/>
            </TextLine>
            <TextLine id="r31l12" primaryLanguage="German" custom="readingOrder {index:11;}">
                <Coords points="2087,2052 2210,2048 2234,2048 2306,2058 2306,2077 2087,2077"/>
                <Baseline points="2099,2071 2171,2070 2196,2071 2297,2071"/>
                <TextEquiv>
                    <Unicode>Allein echt von:</Unicode>
                </TextEquiv>
            </TextLine>
            <TextLine id="r31l13" primaryLanguage="German" custom="readingOrder {index:12;}">
                <Coords points="2011,2081 2390,2079 2390,2127 2011,2127"/>
                <Baseline points="2011,2120 2072,2119 2251,2118 2306,2118 2390,2117"/>
                <TextEquiv>
                    <Unicode>Fr. VITEK &amp; Co.</Unicode>
                </TextEquiv>
                <TextStyle fontFamily="Times New Roman" fontSize="7.5"/>
            </TextLine>
            <TextLine id="r31l14" primaryLanguage="German" custom="readingOrder {index:13;}">
                <Coords points="2030,2134 2376,2132 2382,2164 2305,2164 2030,2164"/>
                <Baseline points="2030,2158 2170,2158 2331,2157 2376,2156"/>
                <TextEquiv>
                    <Unicode>Prag-II., Wassergasse 19.</Unicode>
                </TextEquiv>
                <TextStyle fontFamily="Times New Roman" fontSize="4.0"/>
            </TextLine>
        </TextRegion>
        <TextRegion id="r32" custom="readingOrder {index:31;} structure {type:reference;}">
            <Coords points="2327,1730 2407,1728 2407,1760 2324,1760"/>
            <TextLine id="r32l1" custom="readingOrder {index:0;}">
                <Coords points="2336,1729 2404,1728 2404,1759 2346,1758 2336,1755"/>
                <Baseline points="2339,1747 2400,1747"/>
                <TextEquiv>
                    <Unicode>15007</Unicode>
                </TextEquiv>
            </TextLine>
        </TextRegion>
        <TextRegion type="paragraph" id="r33" custom="readingOrder {index:32;} structure {type:paragraph;}">
            <Coords points="2467,1158 2986,1158 3292,1157 3290,1262 3297,1384 3294,1495 3136,1498 3135,1529 3042,1532 3040,1562 2980,1562 2636,1563 2630,1503 2470,1500 2470,1368 2469,1306 2472,1257"/>
            <TextLine id="r33l1" custom="readingOrder {index:0;}">
                <Coords points="2541,1170 2588,1165 2851,1165 2888,1175 2888,1190 2866,1195 2541,1195"/>
                <Baseline points="2550,1190 2871,1190"/>
                <TextEquiv>
                    <Unicode>Subalpines Klima.</Unicode>
                </TextEquiv>
            </TextLine>
            <TextLine id="r33l2" custom="readingOrder {index:1;}">
                <Coords points="2987,1166 3088,1166 3199,1166 3227,1176 3232,1199 3204,1197 2986,1194"/>
                <Baseline points="2992,1191 3215,1190"/>
                <TextEquiv>
                    <Unicode>Nadelwälder.</Unicode>
                </TextEquiv>
            </TextLine>
            <TextLine id="r33l3" custom="readingOrder {index:2;}">
                <Coords points="2477,1202 3273,1205 3278,1310 2482,1307"/>
                <Baseline points="2497,1299 3266,1302"/>
                <TextEquiv>
                    <Unicode>Kurort Vöslau</Unicode>
                </TextEquiv>
            </TextLine>
            <TextLine id="r33l4" custom="readingOrder {index:3;}">
                <Coords points="2481,1319 3280,1322 3280,1350 2481,1347"/>
                <Baseline points="2485,1345 3276,1346"/>
                <TextEquiv>
                    <Unicode>45 Minuten von Wien, am Fusse des Harzberges, drei grosse Bade-</Unicode>
                </TextEquiv>
            </TextLine>
            <TextLine id="r33l5" custom="readingOrder {index:4;}">
                <Coords points="2482,1348 3283,1350 3283,1379 2481,1374"/>
                <Baseline points="2486,1371 3273,1372"/>
                <TextEquiv>
                    <Unicode>teiche, Sturz-, Wellen-, Dusch- und medikamentöse Bäder (Kiefer-</Unicode>
                </TextEquiv>
            </TextLine>
            <TextLine id="r33l6" custom="readingOrder {index:5;}">
                <Coords points="2480,1376 3279,1377 3282,1403 2480,1402"/>
                <Baseline points="2488,1396 3278,1399"/>
                <TextEquiv>
                    <Unicode>nadel, Salzsoole, Moorsalz etc.), Kohlensäurebäder, Kaltwasser-,</Unicode>
                </TextEquiv>
            </TextLine>
            <TextLine id="r33l7" custom="readingOrder {index:6;}">
                <Coords points="2477,1402 3255,1405 3284,1404 3286,1432 3251,1428 2518,1428 2479,1429"/>
                <Baseline points="2488,1423 3279,1425"/>
                <TextEquiv>
                    <Unicode>Milch-, Molken-, Massage-, Trauben- und Terrain-Kuren, Heil⸗</Unicode>
                </TextEquiv>
            </TextLine>
            <TextLine id="r33l8" custom="readingOrder {index:7;}">
                <Coords points="2805,1433 2820,1428 2921,1428 2941,1432 2954,1441 2951,1455 2808,1454"/>
                <Baseline points="2816,1449 2945,1448"/>
                <TextEquiv>
                    <Unicode>gymnastik.</Unicode>
                </TextEquiv>
            </TextLine>
            <TextLine id="r33l9" custom="readingOrder {index:8;}">
                <Coords points="2477,1454 2514,1452 2792,1455 2864,1455 3175,1451 3277,1454 3283,1468 3284,1482 3248,1479 2532,1478 2476,1483"/>
                <Baseline points="2488,1475 3275,1477"/>
                <TextEquiv>
                    <Unicode>Akratotherme von 24° C. Saison Mai-Oktober.</Unicode>
                </TextEquiv>
            </TextLine>
            <TextLine id="r33l10" custom="readingOrder {index:9;}">
                <Coords points="2635,1480 2730,1480 3121,1479 3120,1506 2636,1504"/>
                <Baseline points="2641,1500 3113,1501"/>
                <TextEquiv>
                    <Unicode>Ausführliche Prospekte und Wohnungs⸗</Unicode>
                </TextEquiv>
            </TextLine>
            <TextLine id="r33l11" custom="readingOrder {index:10;}">
                <Coords points="2646,1503 3121,1506 3121,1529 3075,1531 2674,1532 2645,1532"/>
                <Baseline points="2650,1526 3113,1527"/>
                <TextEquiv>
                    <Unicode>listen durch die Kurkommission und</Unicode>
                </TextEquiv>
            </TextLine>
            <TextLine id="r33l12" custom="readingOrder {index:11;}">
                <Coords points="2741,1531 2980,1531 2979,1558 2740,1555"/>
                <Baseline points="2745,1552 2970,1553"/>
                <TextEquiv>
                    <Unicode>die Bäderdirektion</Unicode>
                </TextEquiv>
            </TextLine>
        </TextRegion>
        <TextRegion id="r34" custom="readingOrder {index:33;} structure {type:reference;}">
            <Coords points="3042,1532 3135,1529 3135,1562 3040,1562"/>
            <TextLine id="r34l1" custom="readingOrder {index:0;}">
                <Coords points="3060,1535 3066,1531 3079,1531 3085,1531 3132,1532 3132,1559 3078,1559 3061,1557"/>
                <Baseline points="3066,1554 3128,1554"/>
                <TextEquiv>
                    <Unicode>15187</Unicode>
                </TextEquiv>
            </TextLine>
        </TextRegion>
        <TextRegion type="paragraph" id="r35" custom="readingOrder {index:34;} structure {type:paragraph;}">
            <Coords points="2438,1632 3344,1638 3347,1816 3347,1938 3242,1938 3237,1978 2437,1982 2437,1919 2436,1865"/>
            <TextLine id="r35l1" custom="readingOrder {index:0;}">
                <Coords points="2440,1658 3121,1657 3121,1814 2501,1816 2438,1815"/>
                <Baseline points="2442,1805 3106,1805"/>
                <TextEquiv>
                    <Unicode>Höhenkurort Brenner</Unicode>
                </TextEquiv>
            </TextLine>
            <TextLine id="r35l2" custom="readingOrder {index:1;}">
                <Coords points="3179,1661 3331,1661 3334,1819 3288,1818 3179,1818"/>
                <Baseline points="3195,1805 3327,1806"/>
                <TextEquiv>
                    <Unicode>Tirol</Unicode>
                </TextEquiv>
            </TextLine>
            <TextLine id="r35l3" primaryLanguage="German" custom="readingOrder {index:2;}">
                <Coords points="2685,1818 3068,1819 3080,1840 3076,1853 2712,1853 2685,1852"/>
                <Baseline points="2693,1848 2779,1847 2908,1849 2958,1849 3008,1848 3072,1849"/>
                <TextEquiv>
                    <Unicode>1372 Meter ü. d. M.</Unicode>
                </TextEquiv>
                <TextStyle fontFamily="Times New Roman" fontSize="7.0" bold="true"/>
            </TextLine>
            <TextLine id="r35l4" primaryLanguage="German" custom="readingOrder {index:3;}">
                <Coords points="2438,1862 2497,1860 2594,1860 2633,1859 3251,1862 3328,1862 3340,1882 3340,1901 2438,1896"/>
                <Baseline points="2438,1892 2544,1891 2578,1891 2791,1891 2891,1892 2930,1892 3045,1891 3329,1893"/>
                <TextEquiv>
                    <Unicode>Hotel und Pension „Zur Post“ mit Dependance,</Unicode>
                </TextEquiv>
            </TextLine>
            <TextLine id="r35l5" primaryLanguage="German" custom="readingOrder {index:4;}">
                <Coords points="2440,1900 2457,1900 2662,1898 3333,1901 3339,1933 2473,1933 2439,1936"/>
                <Baseline points="2441,1929 2490,1929 2629,1929 2786,1925 2932,1926 3159,1928 3254,1926 3330,1927"/>
                <TextEquiv>
                    <Unicode>120 Zimmer, moderner Komfort. Auto-Garage. Post und</Unicode>
                </TextEquiv>
                <TextStyle fontFamily="Times New Roman" fontSize="5.0" bold="true"/>
            </TextLine>
            <TextLine id="r35l6" primaryLanguage="German" custom="readingOrder {index:5;}">
                <Coords points="2713,1932 3050,1933 3050,1967 2713,1967"/>
                <Baseline points="2723,1962 2937,1961 3044,1960"/>
                <TextEquiv>
                    <Unicode>Telegraph im Hause.</Unicode>
                </TextEquiv>
                <TextStyle fontFamily="Times New Roman" fontSize="5.0" bold="true"/>
            </TextLine>
        </TextRegion>
        <TextRegion id="r36" custom="readingOrder {index:35;} structure {type:reference;}">
            <Coords points="3242,1938 3347,1938 3347,1978 3237,1978"/>
            <TextLine id="r36l1" custom="readingOrder {index:0;}">
                <Coords points="3258,1940 3265,1938 3336,1938 3337,1969 3260,1969"/>
                <Baseline points="3263,1962 3333,1964"/>
                <TextEquiv>
                    <Unicode>12633</Unicode>
                </TextEquiv>
            </TextLine>
        </TextRegion>
        <TextRegion type="paragraph" id="r37" custom="readingOrder {index:36;}">
            <Coords points="2454,2034 2817,2032 3315,2032 3319,2081 3318,2171 2455,2175 2454,2127"/>
            <TextLine id="r37l1" primaryLanguage="German" custom="readingOrder {index:0;}">
                <Coords points="2459,2039 2836,2038 2838,2131 2458,2132"/>
                <Baseline points="2462,2119 2835,2118"/>
                <TextEquiv>
                    <Unicode>Blankenberghe</Unicode>
                </TextEquiv>
                <TextStyle fontFamily="Times New Roman" fontSize="16.0"/>
            </TextLine>
            <TextLine id="r37l2" primaryLanguage="German" custom="readingOrder {index:1;}">
                <Coords points="2838,2038 2912,2039 2944,2038 3314,2039 3314,2083 2838,2082"/>
                <Baseline points="2840,2079 3312,2077"/>
                <TextEquiv>
                    <Unicode>Continental et Palace Hotel</Unicode>
                </TextEquiv>
                <TextStyle fontFamily="Times New Roman" fontSize="8.0" bold="true"/>
            </TextLine>
            <TextLine id="r37l3" primaryLanguage="German" custom="readingOrder {index:2;}">
                <Coords points="2875,2086 2881,2082 3076,2085 3148,2083 3257,2085 3268,2091 3268,2107 2875,2109"/>
                <Baseline points="2884,2105 2929,2106 2967,2106 3033,2105 3265,2105"/>
                <TextEquiv>
                    <Unicode>Mitte des Meerdammes.</Unicode>
                </TextEquiv>
                <TextStyle fontFamily="Times New Roman" fontSize="4.5"/>
            </TextLine>
            <TextLine id="r37l4" primaryLanguage="German" custom="readingOrder {index:3;}">
                <Coords points="2842,2110 3152,2108 3314,2109 3313,2134 2841,2133"/>
                <Baseline points="2845,2130 3072,2131 3182,2130 3223,2129 3311,2129"/>
                <TextEquiv>
                    <Unicode>Moderner Komfort. Zimmer mit Bad.</Unicode>
                </TextEquiv>
            </TextLine>
            <TextLine id="r37l5" primaryLanguage="German" custom="readingOrder {index:4;}">
                <Coords points="2484,2134 2804,2133 2803,2164 2482,2165"/>
                <Baseline points="2484,2156 2533,2157 2686,2156 2798,2156"/>
                <TextEquiv>
                    <Unicode>Lift allerersten Ranges.</Unicode>
                </TextEquiv>
                <TextStyle fontFamily="Times New Roman" fontSize="4.0"/>
            </TextLine>
            <TextLine id="r37l6" primaryLanguage="German" custom="readingOrder {index:5;}">
                <Coords points="2892,2135 3240,2134 3240,2164 2892,2161"/>
                <Baseline points="2902,2157 2995,2157 3050,2157 3118,2158 3237,2155"/>
                <TextEquiv>
                    <Unicode>Pension von Frcs 9.— ab.</Unicode>
                </TextEquiv>
                <TextStyle fontFamily="Times New Roman" fontSize="4.0"/>
            </TextLine>
        </TextRegion>
        <TextRegion type="paragraph" id="r38" custom="readingOrder {index:37;} structure {type:paragraph;}">
            <Coords points="205,2214 629,2214 629,2457 205,2461"/>
            <TextLine id="r38l1" custom="readingOrder {index:0;}">
                <Coords points="237,2258 360,2221 488,2226 594,2264 569,2321 514,2304 469,2291 439,2291 388,2293 343,2305 300,2319 273,2324"/>
                <Baseline points="276,2320 308,2306 381,2287 471,2282 560,2316"/>
                <TextEquiv>
                    <Unicode>KÖNGL.</Unicode>
                </TextEquiv>
            </TextLine>
            <TextLine id="r38l2" custom="readingOrder {index:1;}">
                <Coords points="265,2324 364,2324 382,2327 382,2351 380,2359 266,2359"/>
                <Baseline points="268,2352 379,2351"/>
                <TextEquiv>
                    <Unicode>Natürliches</Unicode>
                </TextEquiv>
            </TextLine>
            <TextLine id="r38l3" custom="readingOrder {index:2;}">
                <Coords points="463,2323 504,2323 595,2326 592,2358 477,2358 463,2358"/>
                <Baseline points="466,2351 591,2352"/>
                <TextEquiv>
                    <Unicode>Mineralwasser</Unicode>
                </TextEquiv>
            </TextLine>
            <TextLine id="r38l4" custom="readingOrder {index:3;}">
                <Coords points="257,2361 271,2362 287,2369 310,2377 343,2385 376,2392 409,2395 459,2391 508,2382 577,2360 596,2409 523,2443 426,2455 304,2441 224,2411"/>
                <Baseline points="238,2404 306,2435 358,2444 427,2449 501,2438 589,2406"/>
                <TextEquiv>
                    <Unicode>FACHINGEN</Unicode>
                </TextEquiv>
            </TextLine>
        </TextRegion>
        <ImageRegion id="Image_1678613814522_555" custom="readingOrder {index:38;}">
            <Coords points="387,2303 458,2303 458,2382 387,2382"/>
        </ImageRegion>
        <TextRegion type="paragraph" id="r39" custom="readingOrder {index:39;} structure {type:paragraph;}">
            <Coords points="789,2253 856,2253 972,2255 974,2372 975,2422 683,2425 679,2358 678,2253"/>
            <TextLine id="r39l1" custom="readingOrder {index:0;}">
                <Coords points="779,2273 858,2273 858,2305 779,2305"/>
                <Baseline points="795,2298 849,2299"/>
                <TextEquiv>
                    <Unicode>von</Unicode>
                </TextEquiv>
            </TextLine>
            <TextLine id="r39l2" primaryLanguage="German" custom="readingOrder {index:1;}">
                <Coords points="689,2315 860,2313 938,2317 946,2330 946,2350 930,2362 702,2362 689,2355"/>
                <Baseline points="706,2350 941,2350"/>
                <TextEquiv>
                    <Unicode>hervorragendem</Unicode>
                </TextEquiv>
                <TextStyle fontFamily="Times New Roman" fontSize="5.0" bold="true"/>
            </TextLine>
            <TextLine id="r39l3" primaryLanguage="German" custom="readingOrder {index:2;}">
                <Coords points="700,2370 888,2370 950,2370 950,2408 888,2409 748,2409 696,2407"/>
                <Baseline points="706,2401 942,2402"/>
                <TextEquiv>
                    <Unicode>Wohlgeschmack</Unicode>
                </TextEquiv>
                <TextStyle fontFamily="Times New Roman" fontSize="4.0"/>
            </TextLine>
        </TextRegion>
        <TextRegion type="paragraph" id="r40" custom="readingOrder {index:40;}">
            <Coords points="1077,2229 1497,2227 1494,2465 1068,2460"/>
            <TextLine id="r40l1" custom="readingOrder {index:0;}">
                <Coords points="1119,2292 1194,2244 1300,2243 1397,2256 1450,2287 1429,2335 1360,2312 1317,2306 1280,2306 1221,2311 1197,2323 1168,2334 1142,2337"/>
                <Baseline points="1145,2335 1185,2317 1217,2306 1293,2298 1363,2304 1400,2321 1427,2331"/>
                <TextEquiv>
                    <Unicode>KÖNGL.</Unicode>
                </TextEquiv>
            </TextLine>
            <TextLine id="r40l2" primaryLanguage="German" custom="readingOrder {index:1;}">
                <Coords points="1131,2339 1257,2339 1255,2373 1132,2373"/>
                <Baseline points="1135,2367 1248,2366"/>
                <TextEquiv>
                    <Unicode>Natürliches</Unicode>
                </TextEquiv>
            </TextLine>
            <TextLine id="r40l3" custom="readingOrder {index:2;}">
                <Coords points="1331,2338 1463,2339 1463,2372 1331,2371"/>
                <Baseline points="1333,2366 1458,2367"/>
                <TextEquiv>
                    <Unicode>Mineralwasser</Unicode>
                </TextEquiv>
            </TextLine>
            <TextLine id="r40l4" custom="readingOrder {index:3;}">
                <Coords points="1124,2377 1161,2385 1178,2393 1214,2399 1248,2408 1273,2409 1318,2410 1355,2400 1440,2376 1454,2382 1470,2427 1370,2459 1312,2466 1232,2463 1182,2457 1124,2438 1096,2425"/>
                <Baseline points="1110,2422 1169,2446 1232,2457 1311,2461 1366,2453 1457,2423"/>
                <TextEquiv>
                    <Unicode>FACHINGEN</Unicode>
                </TextEquiv>
            </TextLine>
        </TextRegion>
        <ImageRegion id="Image_1679310333093_481" custom="readingOrder {index:41;}">
            <Coords points="1256,2318 1330,2318 1330,2394 1256,2394"/>
        </ImageRegion>
        <TextRegion type="paragraph" id="r41" custom="readingOrder {index:42;}">
            <Coords points="1585,2260 1881,2255 1878,2426 1582,2431"/>
            <TextLine id="r41l1" primaryLanguage="German" custom="readingOrder {index:0;}">
                <Coords points="1660,2274 1745,2275 1820,2274 1834,2275 1842,2309 1749,2309 1731,2309 1659,2306"/>
                <Baseline points="1663,2299 1713,2300 1833,2301"/>
                <TextEquiv>
                    <Unicode>von grosser</Unicode>
                </TextEquiv>
                <TextStyle fontFamily="Times New Roman" fontSize="5.0" bold="true"/>
            </TextLine>
            <TextLine id="r41l2" primaryLanguage="German" custom="readingOrder {index:1;}">
                <Coords points="1634,2321 1823,2322 1851,2323 1867,2333 1861,2360 1795,2364 1769,2364 1631,2360"/>
                <Baseline points="1638,2352 1794,2352 1855,2354"/>
                <TextEquiv>
                    <Unicode>Bedeutung für</Unicode>
                </TextEquiv>
                <TextStyle fontFamily="Times New Roman" fontSize="5.0" bold="true"/>
            </TextLine>
            <TextLine id="r41l3" primaryLanguage="German" custom="readingOrder {index:2;}">
                <Coords points="1632,2368 1844,2368 1859,2371 1864,2381 1864,2414 1698,2419 1629,2412"/>
                <Baseline points="1635,2405 1679,2405 1860,2406"/>
                <TextEquiv>
                    <Unicode>die Gesundheit</Unicode>
                </TextEquiv>
                <TextStyle fontFamily="Times New Roman" fontSize="5.0" bold="true"/>
            </TextLine>
        </TextRegion>
        <TextRegion type="paragraph" id="r42" custom="readingOrder {index:43;} structure {type:paragraph;}">
            <Coords points="2007,2221 2421,2222 2426,2467 2012,2466"/>
            <TextLine id="r42l1" custom="readingOrder {index:0;}">
                <Coords points="2040,2296 2115,2241 2281,2240 2367,2277 2351,2328 2271,2304 2211,2303 2138,2311 2101,2328 2067,2339"/>
                <Baseline points="2068,2334 2134,2304 2211,2295 2270,2297 2347,2324"/>
                <TextEquiv>
                    <Unicode>KÖNGL.</Unicode>
                </TextEquiv>
            </TextLine>
            <TextLine id="r42l2" custom="readingOrder {index:1;}">
                <Coords points="2045,2339 2174,2341 2175,2374 2046,2372"/>
                <Baseline points="2057,2365 2168,2365"/>
                <TextEquiv>
                    <Unicode>Natürliches</Unicode>
                </TextEquiv>
            </TextLine>
            <TextLine id="r42l3" custom="readingOrder {index:2;}">
                <Coords points="2251,2333 2391,2331 2392,2367 2252,2369"/>
                <Baseline points="2255,2362 2379,2360"/>
                <TextEquiv>
                    <Unicode>Mineralwasser</Unicode>
                </TextEquiv>
            </TextLine>
            <TextLine id="r42l4" custom="readingOrder {index:3;}">
                <Coords points="2046,2376 2091,2387 2114,2394 2146,2399 2188,2407 2226,2405 2316,2384 2370,2367 2385,2421 2350,2438 2282,2459 2209,2463 2134,2460 2075,2446 2024,2425"/>
                <Baseline points="2033,2421 2089,2444 2135,2453 2214,2458 2276,2452 2377,2413"/>
                <TextEquiv>
                    <Unicode>FACHINGEN</Unicode>
                </TextEquiv>
            </TextLine>
        </TextRegion>
        <ImageRegion id="Image_1678614032945_583" custom="readingOrder {index:44;}">
            <Coords points="2175,2318 2247,2318 2247,2391 2175,2391"/>
        </ImageRegion>
        <TextRegion type="paragraph" id="r43" custom="readingOrder {index:45;}">
            <Coords points="2500,2236 2605,2234 2741,2234 2842,2238 2844,2444 2501,2442"/>
            <TextLine id="r43l1" primaryLanguage="German" custom="readingOrder {index:0;}">
                <Coords points="2603,2250 2676,2249 2711,2256 2756,2262 2754,2282 2739,2288 2605,2288"/>
                <Baseline points="2606,2283 2740,2282"/>
                <TextEquiv>
                    <Unicode>Literatur</Unicode>
                </TextEquiv>
                <TextStyle fontFamily="Times New Roman" fontSize="5.0" bold="true"/>
            </TextLine>
            <TextLine id="r43l2" primaryLanguage="German" custom="readingOrder {index:1;}">
                <Coords points="2507,2291 2711,2291 2818,2290 2830,2302 2830,2323 2817,2323 2809,2321 2521,2321 2507,2318"/>
                <Baseline points="2518,2318 2601,2317 2670,2316 2824,2318"/>
                <TextEquiv>
                    <Unicode>durch die Brunnen-</Unicode>
                </TextEquiv>
                <TextStyle fontFamily="Times New Roman" fontSize="5.0" bold="true"/>
            </TextLine>
            <TextLine id="r43l3" primaryLanguage="German" custom="readingOrder {index:2;}">
                <Coords points="2594,2325 2738,2325 2752,2328 2752,2360 2594,2359"/>
                <Baseline points="2594,2351 2748,2352"/>
                <TextEquiv>
                    <Unicode>Inspektion</Unicode>
                </TextEquiv>
                <TextStyle fontFamily="Times New Roman" fontSize="5.0" bold="true"/>
            </TextLine>
            <TextLine id="r43l4" primaryLanguage="German" custom="readingOrder {index:3;}">
                <Coords points="2565,2359 2774,2360 2774,2393 2568,2393"/>
                <Baseline points="2573,2388 2601,2387 2774,2386"/>
                <TextEquiv>
                    <Unicode>in Fachingen</Unicode>
                </TextEquiv>
                <TextStyle fontFamily="Times New Roman" fontSize="5.0" bold="true"/>
            </TextLine>
            <TextLine id="r43l5" primaryLanguage="German" custom="readingOrder {index:4;}">
                <Coords points="2537,2397 2807,2395 2807,2430 2551,2431 2537,2429"/>
                <Baseline points="2540,2424 2611,2422 2807,2422"/>
                <TextEquiv>
                    <Unicode>(Bez. Wiesbaden).</Unicode>
                </TextEquiv>
                <TextStyle fontFamily="Times New Roman" fontSize="5.0" bold="true"/>
            </TextLine>
        </TextRegion>
        <TextRegion type="paragraph" id="r44" custom="readingOrder {index:46;}">
            <Coords points="2856,2218 3307,2217 3310,2456 2859,2457"/>
            <TextLine id="r44l1" custom="readingOrder {index:0;}">
                <Coords points="2909,2283 2915,2266 2983,2228 3059,2228 3110,2230 3202,2243 3237,2274 3217,2321 3174,2309 3111,2294 3072,2296 3004,2302 2983,2313 2934,2327"/>
                <Baseline points="2936,2321 2998,2295 3034,2287 3097,2284 3147,2291 3216,2317"/>
                <TextEquiv>
                    <Unicode>KÖNGL.</Unicode>
                </TextEquiv>
            </TextLine>
            <TextLine id="r44l2" primaryLanguage="German" custom="readingOrder {index:1;}">
                <Coords points="2922,2328 3006,2326 3039,2326 3039,2356 2922,2358"/>
                <Baseline points="2924,2354 3035,2353"/>
                <TextEquiv>
                    <Unicode>Natürliches</Unicode>
                </TextEquiv>
                <TextStyle fontFamily="Times New Roman" fontSize="4.0"/>
            </TextLine>
            <TextLine id="r44l3" custom="readingOrder {index:2;}">
                <Coords points="3119,2323 3213,2326 3251,2326 3253,2357 3119,2355"/>
                <Baseline points="3120,2351 3246,2353"/>
                <TextEquiv>
                    <Unicode>Mineralwasser</Unicode>
                </TextEquiv>
            </TextLine>
            <TextLine id="r44l4" custom="readingOrder {index:3;}">
                <Coords points="2913,2362 2950,2374 2973,2383 3004,2388 3039,2395 3086,2397 3134,2391 3234,2358 3254,2412 3221,2425 3136,2451 3069,2455 3006,2451 2951,2437 2891,2413"/>
                <Baseline points="2897,2407 2963,2435 3008,2445 3067,2451 3125,2445 3213,2418 3247,2405"/>
                <TextEquiv>
                    <Unicode>FACHINGEN</Unicode>
                </TextEquiv>
            </TextLine>
        </TextRegion>
        <ImageRegion id="Image_1678614165081_601" custom="readingOrder {index:47;}">
            <Coords points="3040,2308 3115,2308 3115,2382 3040,2382"/>
        </ImageRegion>
        <TextRegion type="paragraph" id="r45" custom="readingOrder {index:48;}">
            <Coords points="100,2500 1206,2501 1211,4318 1221,5173 94,5172 100,3777"/>
            <TextLine id="r45l1" primaryLanguage="German" custom="readingOrder {index:0;}">
                <Coords points="160,2509 245,2507 490,2506 1162,2507 1169,2508 1188,2520 1186,2554 158,2551"/>
                <Baseline points="160,2542 330,2542 418,2542 585,2542 911,2544 987,2542 1185,2545"/>
                <TextEquiv>
                    <Unicode>hängigkeit der näheren Zuſammenſetzung der Zuckerrübe</Unicode>
                </TextEquiv>
                <TextStyle fontFamily="Times New Roman" fontSize="7.5"/>
            </TextLine>
            <TextLine id="r45l2" primaryLanguage="German" custom="readingOrder {index:1;}">
                <Coords points="156,2554 1140,2551 1190,2561 1190,2594 158,2594"/>
                <Baseline points="158,2586 232,2587 335,2585 395,2585 646,2586 850,2586 909,2586 1023,2585 1185,2585"/>
                <TextEquiv>
                    <Unicode>vom Licht zu erfahren, eine Frage, die in dieſer Richtung</Unicode>
                </TextEquiv>
                <TextStyle fontFamily="Times New Roman" fontSize="7.5"/>
            </TextLine>
            <TextLine id="r45l3" primaryLanguage="German" custom="readingOrder {index:2;}">
                <Coords points="160,2607 182,2595 237,2596 1189,2596 1188,2637 160,2638"/>
                <Baseline points="160,2630 330,2629 568,2630 924,2629 1009,2629 1188,2629"/>
                <TextEquiv>
                    <Unicode>noch nicht angeſchnitten worden iſt, nachdem man ſich bisher</Unicode>
                </TextEquiv>
                <TextStyle fontFamily="Times New Roman" fontSize="7.5"/>
            </TextLine>
            <TextLine id="r45l4" primaryLanguage="German" custom="readingOrder {index:3;}">
                <Coords points="159,2638 1185,2638 1185,2681 159,2681"/>
                <Baseline points="161,2673 216,2673 603,2673 800,2674 1185,2673"/>
                <TextEquiv>
                    <Unicode>faſt ausſchließlich nur mit der Beeinfluſſung der</Unicode>
                </TextEquiv>
                <TextStyle fontFamily="Times New Roman" fontSize="7.5"/>
            </TextLine>
            <TextLine id="r45l5" primaryLanguage="German" custom="readingOrder {index:4;}">
                <Coords points="160,2695 180,2684 416,2683 528,2682 528,2682 1153,2683 1190,2693 1190,2729 160,2727"/>
                <Baseline points="160,2719 357,2718 983,2718 1192,2721"/>
                <TextEquiv>
                    <Unicode>allgemeinen Wachstumsverhältniſſe durch die Belichtung</Unicode>
                </TextEquiv>
                <TextStyle fontFamily="Times New Roman" fontSize="7.5"/>
            </TextLine>
            <TextLine id="r45l6" primaryLanguage="German" custom="readingOrder {index:5;}">
                <Coords points="159,2729 962,2726 962,2726 1174,2727 1188,2737 1188,2769 159,2771"/>
                <Baseline points="159,2764 324,2763 432,2763 539,2763 724,2763 895,2762 973,2762 1067,2761 1188,2761"/>
                <TextEquiv>
                    <Unicode>beſchäftigt hat. Die Verſuche wurden in der Weiſe</Unicode>
                </TextEquiv>
                <TextStyle fontFamily="Times New Roman" fontSize="7.5"/>
            </TextLine>
            <TextLine id="r45l7" primaryLanguage="German" custom="readingOrder {index:6;}">
                <Coords points="159,2773 177,2771 1108,2769 1137,2770 1187,2778 1194,2786 1194,2813 159,2815"/>
                <Baseline points="159,2807 789,2806 1190,2805"/>
                <TextEquiv>
                    <Unicode>durchgeführt, daß auf einem in beſter Kraft ſtehen⸗</Unicode>
                </TextEquiv>
                <TextStyle fontFamily="Times New Roman" fontSize="7.5"/>
            </TextLine>
            <TextLine id="r45l8" primaryLanguage="German" custom="readingOrder {index:7;}">
                <Coords points="159,2817 1188,2814 1191,2855 159,2857"/>
                <Baseline points="159,2852 1187,2849"/>
                <TextEquiv>
                    <Unicode>den, gleichmäßig beſchaffenen Felde die Rüben ſo an⸗</Unicode>
                </TextEquiv>
                <TextStyle fontFamily="Times New Roman" fontSize="7.5"/>
            </TextLine>
            <TextLine id="r45l9" primaryLanguage="German" custom="readingOrder {index:8;}">
                <Coords points="155,2883 158,2871 191,2861 1084,2857 1192,2858 1192,2900 165,2905 158,2900"/>
                <Baseline points="161,2897 270,2895 604,2894 698,2894 812,2894 1187,2893"/>
                <TextEquiv>
                    <Unicode>gebaut wurden, daß ein Teil unter dichtbelaubten Obſt⸗</Unicode>
                </TextEquiv>
                <TextStyle fontFamily="Times New Roman" fontSize="7.5"/>
            </TextLine>
            <TextLine id="r45l10" primaryLanguage="German" custom="readingOrder {index:9;}">
                <Coords points="158,2906 1189,2902 1189,2902 1189,2943 158,2945"/>
                <Baseline points="158,2940 292,2940 409,2939 557,2939 916,2938 1089,2937 1189,2936"/>
                <TextEquiv>
                    <Unicode>bäumen unter ſtarkem Nachmittagsſchatten erwuchs. Die</Unicode>
                </TextEquiv>
                <TextStyle fontFamily="Times New Roman" fontSize="7.5"/>
            </TextLine>
            <TextLine id="r45l11" primaryLanguage="German" custom="readingOrder {index:10;}">
                <Coords points="160,2950 181,2948 321,2946 1065,2943 1191,2944 1191,2989 160,2991"/>
                <Baseline points="159,2985 311,2984 389,2983 578,2983 947,2981 1043,2981 1187,2979"/>
                <TextEquiv>
                    <Unicode>Reſultate der chemiſchen Unterſuchung ließen nun deutlich</Unicode>
                </TextEquiv>
                <TextStyle fontFamily="Times New Roman" fontSize="7.5"/>
            </TextLine>
            <TextLine id="r45l12" primaryLanguage="German" custom="readingOrder {index:11;}">
                <Coords points="161,3006 199,2994 1021,2989 1151,2990 1193,2999 1193,3034 161,3035"/>
                <Baseline points="161,3030 470,3026 773,3026 971,3025 1187,3025"/>
                <TextEquiv>
                    <Unicode>erkennen, daß die Beſchattung das Wachstum der Zucker⸗</Unicode>
                </TextEquiv>
                <TextStyle fontFamily="Times New Roman" fontSize="7.5"/>
            </TextLine>
            <TextLine id="r45l13" primaryLanguage="German" custom="readingOrder {index:12;}">
                <Coords points="159,3049 172,3036 1175,3033 1188,3041 1188,3074 159,3079"/>
                <Baseline points="156,3071 387,3071 872,3068 1013,3068 1092,3068 1188,3066"/>
                <TextEquiv>
                    <Unicode>rübe für ihre techniſche Verarbeitung der Wurzel in ſehr</Unicode>
                </TextEquiv>
                <TextStyle fontFamily="Times New Roman" fontSize="7.5"/>
            </TextLine>
            <TextLine id="r45l14" primaryLanguage="German" custom="readingOrder {index:13;}">
                <Coords points="159,3081 1192,3076 1192,3118 157,3124"/>
                <Baseline points="158,3118 358,3115 470,3115 666,3114 756,3114 854,3113 1189,3111"/>
                <TextEquiv>
                    <Unicode>ungünſtiger Weiſe beeinflußt. Es wird durch Lichtmangel</Unicode>
                </TextEquiv>
                <TextStyle fontFamily="Times New Roman" fontSize="7.5"/>
            </TextLine>
            <TextLine id="r45l15" primaryLanguage="German" custom="readingOrder {index:14;}">
                <Coords points="160,3127 163,3126 1129,3119 1129,3119 1172,3120 1188,3128 1188,3162 160,3166"/>
                <Baseline points="160,3161 219,3160 421,3159 496,3157 635,3157 710,3157 912,3156 967,3156 1188,3154"/>
                <TextEquiv>
                    <Unicode>das Wachstum der Blätter der Zuckerrübe in auffallender</Unicode>
                </TextEquiv>
                <TextStyle fontFamily="Times New Roman" fontSize="7.5"/>
            </TextLine>
            <TextLine id="r45l16" primaryLanguage="German" custom="readingOrder {index:15;}">
                <Coords points="158,3167 1189,3164 1189,3205 157,3210"/>
                <Baseline points="160,3205 254,3203 485,3201 570,3201 1076,3197 1189,3198"/>
                <TextEquiv>
                    <Unicode>Weiſe auf Koſten der Wurzelentwicklung gefördert und</Unicode>
                </TextEquiv>
                <TextStyle fontFamily="Times New Roman" fontSize="7.5"/>
            </TextLine>
            <TextLine id="r45l17" primaryLanguage="German" custom="readingOrder {index:16;}">
                <Coords points="156,3215 184,3214 1189,3205 1189,3248 156,3254"/>
                <Baseline points="161,3248 246,3248 912,3243 1189,3240"/>
                <TextEquiv>
                    <Unicode>dann produzieren die Schattenrüben im Vergleich mit</Unicode>
                </TextEquiv>
                <TextStyle fontFamily="Times New Roman" fontSize="7.5"/>
            </TextLine>
            <TextLine id="r45l18" primaryLanguage="German" custom="readingOrder {index:17;}">
                <Coords points="161,3267 193,3259 233,3257 1119,3249 1157,3252 1189,3258 1189,3292 161,3297"/>
                <Baseline points="161,3292 248,3291 438,3289 694,3288 1189,3284"/>
                <TextEquiv>
                    <Unicode>unter denſelben Bedingungen erwachſenen unbeſchatteten</Unicode>
                </TextEquiv>
                <TextStyle fontFamily="Times New Roman" fontSize="7.5"/>
            </TextLine>
            <TextLine id="r45l19" primaryLanguage="German" custom="readingOrder {index:18;}">
                <Coords points="161,3302 1190,3295 1190,3336 161,3343"/>
                <Baseline points="161,3337 448,3334 1128,3328 1190,3329"/>
                <TextEquiv>
                    <Unicode>Rüben geringere Mengen Wurzeltrockenſubſtanz, wobei der</Unicode>
                </TextEquiv>
                <TextStyle fontFamily="Times New Roman" fontSize="7.5"/>
            </TextLine>
            <TextLine id="r45l20" primaryLanguage="German" custom="readingOrder {index:19;}">
                <Coords points="160,3345 1189,3337 1189,3379 160,3387"/>
                <Baseline points="160,3381 329,3379 563,3376 831,3375 1189,3372"/>
                <TextEquiv>
                    <Unicode>durch den Lichtmangel hervorgerufene Produktionsausfall</Unicode>
                </TextEquiv>
                <TextStyle fontFamily="Times New Roman" fontSize="7.5"/>
            </TextLine>
            <TextLine id="r45l21" primaryLanguage="German" custom="readingOrder {index:20;}">
                <Coords points="161,3391 1189,3381 1189,3425 161,3431"/>
                <Baseline points="161,3426 590,3421 834,3420 1190,3415"/>
                <TextEquiv>
                    <Unicode>der Wurzel zum größten Teil auf eine herabgeſetzte Zucker⸗</Unicode>
                </TextEquiv>
                <TextStyle fontFamily="Times New Roman" fontSize="7.5"/>
            </TextLine>
            <TextLine id="r45l22" primaryLanguage="German" custom="readingOrder {index:21;}">
                <Coords points="161,3431 1190,3424 1190,3465 161,3476"/>
                <Baseline points="160,3468 456,3465 601,3463 695,3463 787,3462 923,3461 1187,3458"/>
                <TextEquiv>
                    <Unicode>bildung entfällt. Ferner war der Gehalt an Stickſtoff⸗</Unicode>
                </TextEquiv>
                <TextStyle fontFamily="Times New Roman" fontSize="7.5"/>
            </TextLine>
            <TextLine id="r45l23" primaryLanguage="German" custom="readingOrder {index:22;}">
                <Coords points="161,3478 170,3476 1137,3469 1137,3469 1190,3478 1190,3511 161,3519"/>
                <Baseline points="161,3511 334,3510 393,3510 476,3510 641,3508 713,3507 973,3506 1046,3504 1190,3503"/>
                <TextEquiv>
                    <Unicode>ſubſtanzen in den Wurzeln der Schattenrüben ein höherer</Unicode>
                </TextEquiv>
                <TextStyle fontFamily="Times New Roman" fontSize="7.5"/>
            </TextLine>
            <TextLine id="r45l24" primaryLanguage="German" custom="readingOrder {index:23;}">
                <Coords points="163,3520 1189,3514 1189,3553 163,3564"/>
                <Baseline points="163,3557 212,3556 273,3555 384,3554 714,3551 983,3548 1040,3549 1189,3546"/>
                <TextEquiv>
                    <Unicode>als in jenen der unbeſchatteten Rüben, wobei in erſteren</Unicode>
                </TextEquiv>
                <TextStyle fontFamily="Times New Roman" fontSize="7.5"/>
            </TextLine>
            <TextLine id="r45l25" primaryLanguage="German" custom="readingOrder {index:24;}">
                <Coords points="162,3565 1190,3557 1190,3596 162,3606"/>
                <Baseline points="162,3601 275,3599 467,3596 560,3596 792,3594 942,3592 1077,3591 1190,3589"/>
                <TextEquiv>
                    <Unicode>Rüben auf einen Teil Eiweiß eine größere Menge nicht</Unicode>
                </TextEquiv>
                <TextStyle fontFamily="Times New Roman" fontSize="7.5"/>
            </TextLine>
            <TextLine id="r45l26" primaryLanguage="German" custom="readingOrder {index:25;}">
                <Coords points="160,3608 1190,3600 1190,3640 160,3649"/>
                <Baseline points="163,3643 378,3640 646,3637 772,3637 846,3636 918,3637 1190,3633"/>
                <TextEquiv>
                    <Unicode>eiweißartiger Stickſtoffkörper entfiel als bei letzteren, und</Unicode>
                </TextEquiv>
                <TextStyle fontFamily="Times New Roman" fontSize="7.5"/>
            </TextLine>
            <TextLine id="r45l27" primaryLanguage="German" custom="readingOrder {index:26;}">
                <Coords points="162,3654 164,3653 1191,3643 1191,3643 1191,3685 162,3694"/>
                <Baseline points="162,3687 322,3686 637,3682 804,3680 865,3681 946,3680 1115,3678 1191,3677"/>
                <TextEquiv>
                    <Unicode>beſonders auffallend zeigte ſich dies in den Blättern der</Unicode>
                </TextEquiv>
                <TextStyle fontFamily="Times New Roman" fontSize="7.5"/>
            </TextLine>
            <TextLine id="r45l28" primaryLanguage="German" custom="readingOrder {index:27;}">
                <Coords points="160,3696 176,3693 1138,3687 1194,3696 1194,3729 161,3738"/>
                <Baseline points="166,3731 523,3727 877,3724 959,3723 1190,3721"/>
                <TextEquiv>
                    <Unicode>Schattenrüben, eine Erſcheinung, die in der Hem⸗</Unicode>
                </TextEquiv>
                <TextStyle fontFamily="Times New Roman" fontSize="7.5"/>
            </TextLine>
            <TextLine id="r45l29" primaryLanguage="German" custom="readingOrder {index:28;}">
                <Coords points="161,3739 1194,3728 1191,3771 161,3779"/>
                <Baseline points="160,3773 352,3769 542,3767 664,3766 1055,3761 1188,3759"/>
                <TextEquiv>
                    <Unicode>mung der Tätigkeit des Chlorophyllapparats ihre</Unicode>
                </TextEquiv>
                <TextStyle fontFamily="Times New Roman" fontSize="7.5"/>
            </TextLine>
            <TextLine id="r45l30" primaryLanguage="German" custom="readingOrder {index:29;}">
                <Coords points="162,3784 194,3782 1192,3772 1192,3818 162,3825"/>
                <Baseline points="162,3818 283,3817 384,3815 481,3815 877,3811 1189,3809"/>
                <TextEquiv>
                    <Unicode>Urſache hat. Der Stickſtoffumſatz wird demnach durch</Unicode>
                </TextEquiv>
                <TextStyle fontFamily="Times New Roman" fontSize="7.5"/>
            </TextLine>
            <TextLine id="r45l31" primaryLanguage="German" custom="readingOrder {index:30;}">
                <Coords points="163,3828 1128,3817 1154,3818 1191,3826 1191,3859 164,3870 163,3867"/>
                <Baseline points="163,3863 222,3862 554,3858 663,3858 909,3854 1191,3851"/>
                <TextEquiv>
                    <Unicode>das Licht beeinflußt. Die Blätter der Schattenrüben</Unicode>
                </TextEquiv>
                <TextStyle fontFamily="Times New Roman" fontSize="7.5"/>
            </TextLine>
            <TextLine id="r45l32" primaryLanguage="German" custom="readingOrder {index:31;}">
                <Coords points="163,3872 1192,3862 1192,3902 163,3915"/>
                <Baseline points="164,3908 321,3906 609,3902 786,3901 994,3897 1091,3896 1192,3895"/>
                <TextEquiv>
                    <Unicode>enthielten auch größere Mengen Oxalſäure als jene</Unicode>
                </TextEquiv>
                <TextStyle fontFamily="Times New Roman" fontSize="7.5"/>
            </TextLine>
            <TextLine id="r45l33" primaryLanguage="German" custom="readingOrder {index:32;}">
                <Coords points="163,3916 1191,3905 1191,3947 162,3959"/>
                <Baseline points="163,3952 214,3952 445,3949 806,3942 1092,3941 1191,3940"/>
                <TextEquiv>
                    <Unicode>der Lichtrüben, eine Erſcheinung, die ebenfalls als</Unicode>
                </TextEquiv>
                <TextStyle fontFamily="Times New Roman" fontSize="7.5"/>
            </TextLine>
            <TextLine id="r45l34" primaryLanguage="German" custom="readingOrder {index:33;}">
                <Coords points="165,3959 1191,3950 1191,3990 165,4002"/>
                <Baseline points="164,3996 228,3995 377,3992 475,3991 877,3986 1191,3983"/>
                <TextEquiv>
                    <Unicode>eine Urſache der durch Lichtmangel hervorgerufenen</Unicode>
                </TextEquiv>
                <TextStyle fontFamily="Times New Roman" fontSize="7.5"/>
            </TextLine>
            <TextLine id="r45l35" primaryLanguage="German" custom="readingOrder {index:34;}">
                <Coords points="163,4002 1191,3992 1190,4034 163,4044"/>
                <Baseline points="163,4039 380,4036 547,4034 619,4033 868,4032 926,4031 1121,4028 1190,4027"/>
                <TextEquiv>
                    <Unicode>Störung der Tätigkeit der Chloroplaſten zu betrachten iſt.</Unicode>
                </TextEquiv>
                <TextStyle fontFamily="Times New Roman" fontSize="7.5"/>
            </TextLine>
            <TextLine id="r45l36" primaryLanguage="German" custom="readingOrder {index:35;}">
                <Coords points="163,4046 1194,4037 1194,4077 163,4090"/>
                <Baseline points="164,4083 239,4082 572,4077 1092,4071 1189,4072"/>
                <TextEquiv>
                    <Unicode>Und ſchließlich wurde feſtgeſtellt, daß durch die Be⸗</Unicode>
                </TextEquiv>
                <TextStyle fontFamily="Times New Roman" fontSize="7.5"/>
            </TextLine>
            <TextLine id="r45l37" primaryLanguage="German" custom="readingOrder {index:36;}">
                <Coords points="165,4094 1197,4079 1196,4119 165,4134"/>
                <Baseline points="166,4127 314,4125 455,4123 510,4122 585,4121 813,4119 965,4117 1042,4115 1191,4112"/>
                <TextEquiv>
                    <Unicode>ſchattung ſowohl in der Wurzel⸗ als auch in der Blätter⸗</Unicode>
                </TextEquiv>
                <TextStyle fontFamily="Times New Roman" fontSize="7.5"/>
            </TextLine>
            <TextLine id="r45l38" primaryLanguage="German" custom="readingOrder {index:37;}">
                <Coords points="164,4134 1194,4123 1194,4164 165,4176"/>
                <Baseline points="165,4171 409,4168 483,4166 717,4163 843,4161 930,4162 1118,4158 1194,4157"/>
                <TextEquiv>
                    <Unicode>trockenſubſtanz der Aſchengehalt erhöht und beſonders die</Unicode>
                </TextEquiv>
                <TextStyle fontFamily="Times New Roman" fontSize="7.5"/>
            </TextLine>
            <TextLine id="r45l39" primaryLanguage="German" custom="readingOrder {index:38;}">
                <Coords points="165,4178 1196,4165 1196,4208 165,4218"/>
                <Baseline points="165,4215 420,4211 504,4210 690,4207 1026,4202 1194,4201"/>
                <TextEquiv>
                    <Unicode>Einwanderung von Chloriden durch Lichtmangel befördert</Unicode>
                </TextEquiv>
                <TextStyle fontFamily="Times New Roman" fontSize="7.5"/>
            </TextLine>
            <TextLine id="r45l40" primaryLanguage="German" custom="readingOrder {index:39;}">
                <Coords points="165,4223 1196,4208 1196,4253 165,4263"/>
                <Baseline points="165,4259 251,4257 359,4256 527,4253 762,4250 850,4249 1080,4246 1193,4245"/>
                <TextEquiv>
                    <Unicode>wird. Die Verſuche kennzeichnen alſo deutlich die hohe</Unicode>
                </TextEquiv>
                <TextStyle fontFamily="Times New Roman" fontSize="7.5"/>
            </TextLine>
            <TextLine id="r45l41" primaryLanguage="German" custom="readingOrder {index:40;}">
                <Coords points="166,4267 1193,4255 1193,4297 164,4308"/>
                <Baseline points="165,4304 428,4300 1078,4289 1098,4288 1193,4289"/>
                <TextEquiv>
                    <Unicode>Bedeutung des Sonnenlichtes für eine gedeihliche und</Unicode>
                </TextEquiv>
                <TextStyle fontFamily="Times New Roman" fontSize="7.5"/>
            </TextLine>
            <TextLine id="r45l42" primaryLanguage="German" custom="readingOrder {index:41;}">
                <Coords points="163,4312 1192,4297 1192,4338 164,4354"/>
                <Baseline points="165,4346 260,4346 647,4338 976,4333 1192,4331"/>
                <TextEquiv>
                    <Unicode>ihrem Zweck entſprechende Entwicklung der Zuckerrübe.</Unicode>
                </TextEquiv>
                <TextStyle fontFamily="Times New Roman" fontSize="7.5"/>
            </TextLine>
            <TextLine id="r45l43" primaryLanguage="German" custom="readingOrder {index:42;}">
                <Coords points="243,4352 506,4348 1195,4339 1195,4380 243,4391"/>
                <Baseline points="246,4386 514,4381 592,4378 712,4377 822,4375 941,4373 1011,4373 1195,4373"/>
                <TextEquiv>
                    <Unicode>Andrlik, Bartos und Urban haben wieder den wichtigen</Unicode>
                </TextEquiv>
                <TextStyle fontFamily="Times New Roman" fontSize="7.5"/>
            </TextLine>
            <TextLine id="r45l44" primaryLanguage="German" custom="readingOrder {index:43;}">
                <Coords points="166,4410 195,4399 1199,4383 1199,4426 166,4439"/>
                <Baseline points="166,4435 231,4433 502,4428 736,4424 1197,4418"/>
                <TextEquiv>
                    <Unicode>und folgenſchweren Einfluß der Fremdbeſtäubung durch</Unicode>
                </TextEquiv>
                <TextStyle fontFamily="Times New Roman" fontSize="7.5"/>
            </TextLine>
            <TextLine id="r45l45" primaryLanguage="German" custom="readingOrder {index:44;}">
                <Coords points="166,4440 1195,4428 1195,4468 164,4484"/>
                <Baseline points="167,4477 213,4477 420,4473 577,4470 990,4463 1195,4461"/>
                <TextEquiv>
                    <Unicode>die Futterrübe auf die Nachkommenſchaft der Zuckerrübe</Unicode>
                </TextEquiv>
                <TextStyle fontFamily="Times New Roman" fontSize="7.5"/>
            </TextLine>
            <TextLine id="r45l46" primaryLanguage="German" custom="readingOrder {index:45;}">
                <Coords points="170,4483 1196,4469 1196,4512 171,4527"/>
                <Baseline points="172,4520 206,4521 392,4516 746,4509 850,4508 1196,4505"/>
                <TextEquiv>
                    <Unicode>in chemiſcher Beziehung ſtudiert. Die Beſtäubung wurde</Unicode>
                </TextEquiv>
                <TextStyle fontFamily="Times New Roman" fontSize="7.5"/>
            </TextLine>
            <TextLine id="r45l47" primaryLanguage="German" custom="readingOrder {index:46;}">
                <Coords points="169,4527 1197,4515 1197,4556 171,4570"/>
                <Baseline points="171,4564 206,4564 1059,4548 1199,4549"/>
                <TextEquiv>
                    <Unicode>in einfacher Weiſe dadurch bewerkſtelligt, daß eine Zucker⸗</Unicode>
                </TextEquiv>
            </TextLine>
            <TextLine id="r45l48" primaryLanguage="German" custom="readingOrder {index:47;}">
                <Coords points="170,4570 1198,4556 1198,4597 172,4614"/>
                <Baseline points="172,4608 245,4605 504,4599 611,4599 1193,4591"/>
                <TextEquiv>
                    <Unicode>rübe halbiert, die eine Hälfte zwiſchen Mammutfutter⸗</Unicode>
                </TextEquiv>
                <TextStyle fontFamily="Times New Roman" fontSize="7.5"/>
            </TextLine>
            <TextLine id="r45l49" primaryLanguage="German" custom="readingOrder {index:48;}">
                <Coords points="172,4615 1197,4602 1197,4641 174,4655"/>
                <Baseline points="172,4651 268,4649 381,4645 472,4645 603,4641 729,4640 794,4641 1197,4634"/>
                <TextEquiv>
                    <Unicode>rüben und die andere Hälfte an einer etliche Kilometer</Unicode>
                </TextEquiv>
                <TextStyle fontFamily="Times New Roman" fontSize="7.5"/>
            </TextLine>
            <TextLine id="r45l50" primaryLanguage="German" custom="readingOrder {index:49;}">
                <Coords points="175,4660 451,4652 1196,4645 1196,4685 176,4701"/>
                <Baseline points="174,4694 337,4691 459,4689 520,4687 594,4686 839,4682 1196,4678"/>
                <TextEquiv>
                    <Unicode>entfernten Stelle in der Nachbarſchaft gleich zuckerhaltiger</Unicode>
                </TextEquiv>
                <TextStyle fontFamily="Times New Roman" fontSize="7.5"/>
            </TextLine>
            <TextLine id="r45l51" primaryLanguage="German" custom="readingOrder {index:50;}">
                <Coords points="174,4702 1202,4688 1202,4729 172,4743"/>
                <Baseline points="174,4737 284,4736 469,4732 602,4729 713,4728 814,4727 913,4726 1197,4723"/>
                <TextEquiv>
                    <Unicode>Rüben angebaut wurde. Der aus den beiden Rüben⸗</Unicode>
                </TextEquiv>
                <TextStyle fontFamily="Times New Roman" fontSize="7.5"/>
            </TextLine>
            <TextLine id="r45l52" primaryLanguage="German" custom="readingOrder {index:51;}">
                <Coords points="171,4744 1201,4732 1199,4773 171,4789"/>
                <Baseline points="171,4782 287,4779 380,4778 534,4774 720,4771 965,4768 1117,4765 1199,4766"/>
                <TextEquiv>
                    <Unicode>hälften im Auguſt geerntete Rübenſamen wurde im</Unicode>
                </TextEquiv>
                <TextStyle fontFamily="Times New Roman" fontSize="7.5"/>
            </TextLine>
            <TextLine id="r45l53" primaryLanguage="German" custom="readingOrder {index:52;}">
                <Coords points="173,4790 661,4780 1198,4776 1198,4816 171,4832"/>
                <Baseline points="175,4826 305,4821 488,4817 560,4818 714,4815 850,4814 955,4812 1044,4810 1198,4809"/>
                <TextEquiv>
                    <Unicode>nächſten Frühjahr im gleichen Boden und bei gleicher</Unicode>
                </TextEquiv>
                <TextStyle fontFamily="Times New Roman" fontSize="7.5"/>
            </TextLine>
            <TextLine id="r45l54" primaryLanguage="German" custom="readingOrder {index:53;}">
                <Coords points="176,4833 1198,4820 1198,4820 1198,4862 176,4873"/>
                <Baseline points="176,4869 631,4859 705,4858 896,4857 1198,4855"/>
                <TextEquiv>
                    <Unicode>Düngung ausgeſetzt, und die geernteten Rüben wurden</Unicode>
                </TextEquiv>
                <TextStyle fontFamily="Times New Roman" fontSize="7.5"/>
            </TextLine>
            <TextLine id="r45l55" primaryLanguage="German" custom="readingOrder {index:54;}">
                <Coords points="176,4874 1199,4862 1199,4905 174,4916"/>
                <Baseline points="176,4911 525,4904 970,4899 1078,4898 1197,4898"/>
                <TextEquiv>
                    <Unicode>dann der chemiſchen Unterſuchung zugeführt. Die ſchon</Unicode>
                </TextEquiv>
                <TextStyle fontFamily="Times New Roman" fontSize="7.5"/>
            </TextLine>
            <TextLine id="r45l56" primaryLanguage="German" custom="readingOrder {index:55;}">
                <Coords points="173,4918 1202,4907 1203,4949 173,4960"/>
                <Baseline points="176,4954 351,4953 476,4950 1080,4944 1199,4942"/>
                <TextEquiv>
                    <Unicode>durch die Form der Wurzeln ſich unterſcheidende Nach⸗</Unicode>
                </TextEquiv>
                <TextStyle fontFamily="Times New Roman" fontSize="7.5"/>
            </TextLine>
            <TextLine id="r45l57" primaryLanguage="German" custom="readingOrder {index:56;}">
                <Coords points="175,4963 1205,4951 1205,4995 175,5002"/>
                <Baseline points="177,4998 475,4992 562,4992 639,4990 844,4987 1058,4986 1202,4984"/>
                <TextEquiv>
                    <Unicode>kommenſchaft der von der Futterrübe befruchteten Zucker⸗</Unicode>
                </TextEquiv>
                <TextStyle fontFamily="Times New Roman" fontSize="7.5"/>
            </TextLine>
            <TextLine id="r45l58" primaryLanguage="German" custom="readingOrder {index:57;}">
                <Coords points="175,5004 1198,4995 1198,5037 175,5045"/>
                <Baseline points="177,5040 362,5038 532,5035 720,5033 800,5033 957,5031 1090,5030 1198,5030"/>
                <TextEquiv>
                    <Unicode>rübenhälfte enthielt ungefähr 19 Prozent weiße und</Unicode>
                </TextEquiv>
                <TextStyle fontFamily="Times New Roman" fontSize="7.5"/>
            </TextLine>
            <TextLine id="r45l59" primaryLanguage="German" custom="readingOrder {index:58;}">
                <Coords points="174,5048 1205,5039 1205,5081 174,5090"/>
                <Baseline points="178,5083 217,5083 369,5081 464,5080 617,5079 801,5077 982,5076 1075,5074 1201,5074"/>
                <TextEquiv>
                    <Unicode>81 Prozent rote Rüben, während hingegen die Nach⸗</Unicode>
                </TextEquiv>
                <TextStyle fontFamily="Times New Roman" fontSize="7.5"/>
            </TextLine>
            <TextLine id="r45l60" primaryLanguage="German" custom="readingOrder {index:59;}">
                <Coords points="177,5093 1187,5081 1207,5086 1207,5118 1197,5125 284,5138 262,5141 174,5136"/>
                <Baseline points="179,5130 410,5128 775,5122 849,5122 1050,5118 1202,5117"/>
                <TextEquiv>
                    <Unicode>kommenſchaft der zweiten, von der Futterrübe iſoliert</Unicode>
                </TextEquiv>
                <TextStyle fontFamily="Times New Roman" fontSize="7.5"/>
            </TextLine>
        </TextRegion>
        <TextRegion type="paragraph" id="r46" custom="readingOrder {index:49;}">
            <Coords points="1219,2505 2277,2506 2281,3203 2293,5163 1228,5171 1219,3189"/>
            <TextLine id="r46l1" primaryLanguage="German" custom="readingOrder {index:0;}">
                <Coords points="1235,2519 1292,2509 1366,2507 2259,2506 2259,2553 1235,2556"/>
                <Baseline points="1239,2541 1421,2542 1738,2545 1835,2545 2053,2546 2172,2545 2259,2545"/>
                <TextEquiv>
                    <Unicode>gepflanzten Zuckerrübenhälfte von einheitlicher Form und</Unicode>
                </TextEquiv>
                <TextStyle fontFamily="Times New Roman" fontSize="7.5"/>
            </TextLine>
            <TextLine id="r46l2" primaryLanguage="German" custom="readingOrder {index:1;}">
                <Coords points="1238,2551 2213,2553 2260,2566 2260,2597 1238,2594"/>
                <Baseline points="1238,2586 1346,2586 1470,2585 1587,2589 1690,2587 2023,2589 2260,2589"/>
                <TextEquiv>
                    <Unicode>weißer Farbe war. Die fremdbefruchteten Zuckerrüben</Unicode>
                </TextEquiv>
                <TextStyle fontFamily="Times New Roman" fontSize="7.5"/>
            </TextLine>
            <TextLine id="r46l3" primaryLanguage="German" custom="readingOrder {index:2;}">
                <Coords points="1239,2596 1306,2596 2265,2596 2266,2638 1240,2635"/>
                <Baseline points="1239,2629 1372,2629 1428,2629 1490,2630 1566,2630 1667,2631 1789,2631 1856,2632 2078,2632 2172,2631 2261,2629"/>
                <TextEquiv>
                    <Unicode>brachten es in der roten Farbe im Durchſchnitt nur auf</Unicode>
                </TextEquiv>
                <TextStyle fontFamily="Times New Roman" fontSize="7.5"/>
            </TextLine>
            <TextLine id="r46l4" primaryLanguage="German" custom="readingOrder {index:3;}">
                <Coords points="1239,2641 1258,2638 1290,2635 2270,2639 2270,2682 1239,2681"/>
                <Baseline points="1239,2673 1312,2672 1470,2672 1566,2673 1625,2675 1700,2674 1834,2675 1954,2675 2116,2675 2265,2675"/>
                <TextEquiv>
                    <Unicode>14˙8 Prozent und in der weißen Farbe auf 15˙1 Prozent</Unicode>
                </TextEquiv>
                <TextStyle fontFamily="Times New Roman" fontSize="7.5"/>
            </TextLine>
            <TextLine id="r46l5" primaryLanguage="German" custom="readingOrder {index:4;}">
                <Coords points="1239,2690 2263,2688 2263,2688 2263,2732 1239,2734"/>
                <Baseline points="1239,2726 1344,2724 1456,2726 1566,2725 1791,2725 1887,2725 1983,2724 2136,2723 2190,2724 2263,2724"/>
                <TextEquiv>
                    <Unicode>Zucker gegen einen Zuckergehalt von 18˙5 Prozent in der</Unicode>
                </TextEquiv>
                <TextStyle fontFamily="Times New Roman" fontSize="7.5"/>
            </TextLine>
            <TextLine id="r46l6" primaryLanguage="German" custom="readingOrder {index:5;}">
                <Coords points="1238,2734 2262,2732 2262,2732 2262,2774 1238,2775"/>
                <Baseline points="1237,2769 1426,2767 1533,2768 1766,2767 2059,2767 2262,2767"/>
                <TextEquiv>
                    <Unicode>Zuckerrübe. Der Einfluß der Beſtäubung der Zuckerrübe</Unicode>
                </TextEquiv>
                <TextStyle fontFamily="Times New Roman" fontSize="7.5"/>
            </TextLine>
            <TextLine id="r46l7" primaryLanguage="German" custom="readingOrder {index:6;}">
                <Coords points="1239,2778 2261,2775 2261,2775 2261,2816 1239,2818"/>
                <Baseline points="1239,2812 1394,2812 1597,2811 1727,2811 2026,2811 2108,2810 2177,2811 2261,2809"/>
                <TextEquiv>
                    <Unicode>durch die Futterrübe machte ſich jedoch nicht nur in der</Unicode>
                </TextEquiv>
                <TextStyle fontFamily="Times New Roman" fontSize="7.5"/>
            </TextLine>
            <TextLine id="r46l8" primaryLanguage="German" custom="readingOrder {index:7;}">
                <Coords points="1240,2821 1262,2822 2056,2819 2241,2819 2263,2829 2263,2863 1240,2865"/>
                <Baseline points="1243,2859 1544,2858 1615,2855 1761,2855 1913,2853 2068,2855 2263,2855"/>
                <TextEquiv>
                    <Unicode>Zuſammenſetzung der Wurzel, ſondern auch in derjenigen</Unicode>
                </TextEquiv>
                <TextStyle fontFamily="Times New Roman" fontSize="7.5"/>
            </TextLine>
            <TextLine id="r46l9" primaryLanguage="German" custom="readingOrder {index:8;}">
                <Coords points="1238,2865 2262,2862 2262,2862 2262,2904 1238,2906"/>
                <Baseline points="1238,2900 1293,2899 1447,2900 1707,2898 1815,2898 1879,2898 2014,2897 2169,2896 2262,2897"/>
                <TextEquiv>
                    <Unicode>des Krautes geltend, und zwar bei erſterer infolge der</Unicode>
                </TextEquiv>
                <TextStyle fontFamily="Times New Roman" fontSize="7.5"/>
            </TextLine>
            <TextLine id="r46l10" primaryLanguage="German" custom="readingOrder {index:9;}">
                <Coords points="1239,2909 1309,2907 2262,2905 2262,2948 1239,2951"/>
                <Baseline points="1239,2943 1510,2942 1715,2943 1829,2942 1928,2941 2135,2939 2260,2939"/>
                <TextEquiv>
                    <Unicode>Erhöhung der Reinaſche und der ſchädlichen Aſche</Unicode>
                </TextEquiv>
                <TextStyle fontFamily="Times New Roman" fontSize="7.5"/>
            </TextLine>
            <TextLine id="r46l11" primaryLanguage="German" custom="readingOrder {index:10;}">
                <Coords points="1241,2951 2263,2949 2263,2990 1240,2995"/>
                <Baseline points="1244,2985 1406,2987 1479,2986 1726,2986 1871,2985 1954,2984 2027,2984 2179,2984 2263,2983"/>
                <TextEquiv>
                    <Unicode>(Alkalien) in ungünſtigem Sinne für die Zwecke der</Unicode>
                </TextEquiv>
                <TextStyle fontFamily="Times New Roman" fontSize="7.5"/>
            </TextLine>
            <TextLine id="r46l12" primaryLanguage="German" custom="readingOrder {index:11;}">
                <Coords points="1239,2997 2263,2993 2266,3035 1239,3039"/>
                <Baseline points="1239,3030 1533,3029 1740,3029 1828,3029 2263,3026"/>
                <TextEquiv>
                    <Unicode>Zuckerproduktion. Auch in der Zuſammenſetzung der</Unicode>
                </TextEquiv>
                <TextStyle fontFamily="Times New Roman" fontSize="7.5"/>
            </TextLine>
            <TextLine id="r46l13" primaryLanguage="German" custom="readingOrder {index:12;}">
                <Coords points="1240,3040 2262,3037 2262,3037 2262,3079 1240,3081"/>
                <Baseline points="1240,3075 1398,3072 1484,3074 1563,3074 1744,3073 2262,3072"/>
                <TextEquiv>
                    <Unicode>Reinaſche ſind die durch die Fremdbeſtäubung bewirkten</Unicode>
                </TextEquiv>
                <TextStyle fontFamily="Times New Roman" fontSize="7.5"/>
            </TextLine>
            <TextLine id="r46l14" primaryLanguage="German" custom="readingOrder {index:13;}">
                <Coords points="1240,3084 1250,3083 2246,3078 2263,3089 2264,3121 1240,3126"/>
                <Baseline points="1240,3118 1497,3117 1592,3116 1813,3115 2016,3114 2087,3114 2263,3113"/>
                <TextEquiv>
                    <Unicode>Veränderungen recht auffallender Natur, da die Reinaſche</Unicode>
                </TextEquiv>
                <TextStyle fontFamily="Times New Roman" fontSize="7.5"/>
            </TextLine>
            <TextLine id="r46l15" primaryLanguage="German" custom="readingOrder {index:14;}">
                <Coords points="1239,3126 2262,3121 2261,3166 1238,3170"/>
                <Baseline points="1239,3162 1290,3160 1557,3160 1587,3159 1666,3160 1752,3159 1934,3159 2262,3157"/>
                <TextEquiv>
                    <Unicode>der Rübenwurzeln aus der iſolierten hochzuckerhaltigen</Unicode>
                </TextEquiv>
                <TextStyle fontFamily="Times New Roman" fontSize="7.5"/>
            </TextLine>
            <TextLine id="r46l16" primaryLanguage="German" custom="readingOrder {index:15;}">
                <Coords points="1241,3172 2263,3166 2263,3166 2263,3206 1241,3212"/>
                <Baseline points="1241,3206 1428,3203 1583,3203 1746,3203 1833,3202 1961,3201 2144,3200 2263,3199"/>
                <TextEquiv>
                    <Unicode>Mutterrübe weniger Alkalien und Chlor, dagegen mehr</Unicode>
                </TextEquiv>
                <TextStyle fontFamily="Times New Roman" fontSize="7.5"/>
            </TextLine>
            <TextLine id="r46l17" primaryLanguage="German" custom="readingOrder {index:16;}">
                <Coords points="1236,3213 1246,3212 2150,3207 2263,3207 2263,3248 1236,3254"/>
                <Baseline points="1239,3246 1285,3243 1500,3243 1705,3243 1817,3242 1915,3244 2081,3240 2172,3240 2263,3240"/>
                <TextEquiv>
                    <Unicode>Phosphorſäure, Magneſia und Kalk enthielt als die</Unicode>
                </TextEquiv>
            </TextLine>
            <TextLine id="r46l18" primaryLanguage="German" custom="readingOrder {index:17;}">
                <Coords points="1235,3258 2268,3250 2267,3293 1235,3300"/>
                <Baseline points="1242,3291 1327,3291 1402,3290 1572,3289 1659,3290 2120,3287 2263,3285"/>
                <TextEquiv>
                    <Unicode>Aſche der Wurzeln von derſelben, aber durch die Futter⸗</Unicode>
                </TextEquiv>
                <TextStyle fontFamily="Times New Roman" fontSize="7.5"/>
            </TextLine>
            <TextLine id="r46l19" primaryLanguage="German" custom="readingOrder {index:18;}">
                <Coords points="1242,3303 1246,3301 2263,3294 2263,3294 2263,3337 1242,3343"/>
                <Baseline points="1242,3336 1312,3336 1525,3335 1674,3333 1774,3333 1976,3330 2108,3330 2263,3329"/>
                <TextEquiv>
                    <Unicode>rübe befruchteten Mutter. Es unterliegt ſomit keinem</Unicode>
                </TextEquiv>
                <TextStyle fontFamily="Times New Roman" fontSize="7.5"/>
            </TextLine>
            <TextLine id="r46l20" primaryLanguage="German" custom="readingOrder {index:19;}">
                <Coords points="1240,3344 2263,3338 2265,3380 1240,3388"/>
                <Baseline points="1243,3377 1539,3376 1759,3375 2161,3372 2261,3372"/>
                <TextEquiv>
                    <Unicode>Zweifel, daß der Einfluß der Fremdbefruchtung der hoch⸗</Unicode>
                </TextEquiv>
                <TextStyle fontFamily="Times New Roman" fontSize="7.5"/>
            </TextLine>
            <TextLine id="r46l21" primaryLanguage="German" custom="readingOrder {index:20;}">
                <Coords points="1241,3392 2265,3383 2263,3423 1240,3432"/>
                <Baseline points="1242,3421 1464,3421 1577,3421 1759,3419 1961,3417 2080,3416 2184,3417 2263,3416"/>
                <TextEquiv>
                    <Unicode>zuckerhaltigen Rübe durch die Futterrübe nicht nur im</Unicode>
                </TextEquiv>
                <TextStyle fontFamily="Times New Roman" fontSize="7.5"/>
            </TextLine>
            <TextLine id="r46l22" primaryLanguage="German" custom="readingOrder {index:21;}">
                <Coords points="1242,3432 2263,3424 2263,3467 1240,3472"/>
                <Baseline points="1240,3466 1473,3466 1658,3463 1731,3462 1978,3460 2154,3459 2261,3461"/>
                <TextEquiv>
                    <Unicode>veränderlichen Ausſehen der Nachkommen, ſondern auch</Unicode>
                </TextEquiv>
                <TextStyle fontFamily="Times New Roman" fontSize="7.5"/>
            </TextLine>
            <TextLine id="r46l23" primaryLanguage="German" custom="readingOrder {index:22;}">
                <Coords points="1241,3476 1272,3474 2229,3468 2264,3480 2264,3512 1241,3516"/>
                <Baseline points="1241,3511 1275,3510 1349,3509 1563,3507 1753,3505 2264,3504"/>
                <TextEquiv>
                    <Unicode>in der veränderten chemiſchen Zuſammenſetzung derſelben</Unicode>
                </TextEquiv>
                <TextStyle fontFamily="Times New Roman" fontSize="7.5"/>
            </TextLine>
            <TextLine id="r46l24" primaryLanguage="German" custom="readingOrder {index:23;}">
                <Coords points="1240,3529 1310,3518 2250,3511 2266,3527 2266,3553 1240,3561"/>
                <Baseline points="1242,3553 1310,3554 1496,3551 1655,3549 1803,3549 1900,3548 2007,3548 2098,3547 2263,3546"/>
                <TextEquiv>
                    <Unicode>zum Ausdruck kommt. Keine der von der Fremd⸗</Unicode>
                </TextEquiv>
                <TextStyle fontFamily="Times New Roman" fontSize="7.5"/>
            </TextLine>
            <TextLine id="r46l25" primaryLanguage="German" custom="readingOrder {index:24;}">
                <Coords points="1241,3562 2265,3554 2265,3554 2265,3595 1241,3603"/>
                <Baseline points="1241,3597 1706,3594 1817,3592 2067,3590 2265,3588"/>
                <TextEquiv>
                    <Unicode>beſtäubung reſultierenden und unterſuchten Pflanzen</Unicode>
                </TextEquiv>
                <TextStyle fontFamily="Times New Roman" fontSize="7.5"/>
            </TextLine>
            <TextLine id="r46l26" primaryLanguage="German" custom="readingOrder {index:25;}">
                <Coords points="1243,3617 1252,3606 2250,3598 2266,3609 2266,3641 1243,3647"/>
                <Baseline points="1243,3641 1369,3638 1556,3636 1637,3635 1833,3636 2170,3633 2266,3633"/>
                <TextEquiv>
                    <Unicode>erreichte auch nur den niedrigſten Zuckergehalt, den die</Unicode>
                </TextEquiv>
                <TextStyle fontFamily="Times New Roman" fontSize="7.5"/>
            </TextLine>
            <TextLine id="r46l27" primaryLanguage="German" custom="readingOrder {index:26;}">
                <Coords points="1242,3647 2269,3641 2264,3683 1242,3690"/>
                <Baseline points="1242,3685 1460,3681 1558,3680 1752,3679 1911,3677 2264,3676"/>
                <TextEquiv>
                    <Unicode>Nachkommen der iſolierten Mutter aufwieſen, was</Unicode>
                </TextEquiv>
                <TextStyle fontFamily="Times New Roman" fontSize="7.5"/>
            </TextLine>
            <TextLine id="r46l28" primaryLanguage="German" custom="readingOrder {index:27;}">
                <Coords points="1242,3694 2267,3684 2267,3725 1242,3734"/>
                <Baseline points="1245,3727 1382,3725 1770,3721 2264,3717"/>
                <TextEquiv>
                    <Unicode>ſchließen läßt, daß einerſeits die Befruchtung eine voll⸗</Unicode>
                </TextEquiv>
                <TextStyle fontFamily="Times New Roman" fontSize="7.5"/>
            </TextLine>
            <TextLine id="r46l29" primaryLanguage="German" custom="readingOrder {index:28;}">
                <Coords points="1241,3735 2266,3724 2266,3770 1241,3775"/>
                <Baseline points="1242,3772 1394,3770 1482,3769 1581,3767 1811,3765 1884,3764 2263,3762"/>
                <TextEquiv>
                    <Unicode>kommene war und andererſeits der Einfluß der gering</Unicode>
                </TextEquiv>
                <TextStyle fontFamily="Times New Roman" fontSize="7.5"/>
            </TextLine>
            <TextLine id="r46l30" primaryLanguage="German" custom="readingOrder {index:29;}">
                <Coords points="1239,3780 2270,3770 2272,3812 1237,3822"/>
                <Baseline points="1242,3812 1467,3810 1629,3808 1807,3806 1902,3806 1979,3805 2082,3805 2157,3804 2266,3804"/>
                <TextEquiv>
                    <Unicode>zuckerhaltigen Varietät mächtiger war, als jener des hoch⸗</Unicode>
                </TextEquiv>
                <TextStyle fontFamily="Times New Roman" fontSize="7.5"/>
            </TextLine>
            <TextLine id="r46l31" primaryLanguage="German" custom="readingOrder {index:30;}">
                <Coords points="1239,3822 2266,3812 2267,3853 1241,3865"/>
                <Baseline points="1243,3857 1419,3854 1650,3850 1802,3849 1861,3849 2267,3846"/>
                <TextEquiv>
                    <Unicode>gezüchteten Typus, und letzteren zu überwinden vermochte,</Unicode>
                </TextEquiv>
                <TextStyle fontFamily="Times New Roman" fontSize="7.5"/>
            </TextLine>
            <TextLine id="r46l32" primaryLanguage="German" custom="readingOrder {index:31;}">
                <Coords points="1239,3866 2270,3856 2271,3898 1243,3906"/>
                <Baseline points="1240,3900 1287,3900 1459,3897 1682,3894 1921,3892 1995,3892 2268,3890"/>
                <TextEquiv>
                    <Unicode>ein übrigens begreiflicher Umſtand, da der geringe Zucker⸗</Unicode>
                </TextEquiv>
                <TextStyle fontFamily="Times New Roman" fontSize="7.5"/>
            </TextLine>
            <TextLine id="r46l33" primaryLanguage="German" custom="readingOrder {index:32;}">
                <Coords points="1241,3919 1270,3910 2235,3900 2269,3915 2269,3942 1241,3952"/>
                <Baseline points="1242,3945 1340,3943 1439,3940 1820,3937 2120,3935 2265,3934"/>
                <TextEquiv>
                    <Unicode>gehalt eine natürliche, dauernde Eigenſchaft, der Zucker⸗</Unicode>
                </TextEquiv>
                <TextStyle fontFamily="Times New Roman" fontSize="7.5"/>
            </TextLine>
            <TextLine id="r46l34" primaryLanguage="German" custom="readingOrder {index:33;}">
                <Coords points="1240,3952 2268,3944 2268,3944 2268,3984 1240,3992"/>
                <Baseline points="1240,3986 1379,3985 1542,3982 1625,3981 2093,3978 2268,3977"/>
                <TextEquiv>
                    <Unicode>reichtum dagegen ein künſtlich hervorgerufenes Merkmal</Unicode>
                </TextEquiv>
                <TextStyle fontFamily="Times New Roman" fontSize="7.5"/>
            </TextLine>
            <TextLine id="r46l35" primaryLanguage="German" custom="readingOrder {index:34;}">
                <Coords points="1240,3994 2268,3987 2268,4027 1240,4035"/>
                <Baseline points="1240,4028 1284,4029 1355,4029 1427,4027 1710,4022 1806,4023 1874,4023 2268,4020"/>
                <TextEquiv>
                    <Unicode>iſt. In der nächſten Studie über die Kreuzung zuckerreicher</Unicode>
                </TextEquiv>
                <TextStyle fontFamily="Times New Roman" fontSize="7.5"/>
            </TextLine>
            <TextLine id="r46l36" primaryLanguage="German" custom="readingOrder {index:35;}">
                <Coords points="1239,4038 2267,4029 2269,4073 1240,4078"/>
                <Baseline points="1240,4073 1354,4071 1431,4070 1653,4067 1784,4065 1874,4064 2088,4065 2267,4063"/>
                <TextEquiv>
                    <Unicode>Rüben mit Futterrüben wollen die genannten Forſcher</Unicode>
                </TextEquiv>
                <TextStyle fontFamily="Times New Roman" fontSize="7.5"/>
            </TextLine>
            <TextLine id="r46l37" primaryLanguage="German" custom="readingOrder {index:36;}">
                <Coords points="1239,4079 2256,4071 2272,4080 2274,4115 2264,4115 1240,4123"/>
                <Baseline points="1240,4115 1455,4113 1591,4111 1695,4109 1786,4108 2050,4107 2144,4106 2267,4106"/>
                <TextEquiv>
                    <Unicode>noch weiter gehen und die Eigenſchaften der Nach⸗</Unicode>
                </TextEquiv>
                <TextStyle fontFamily="Times New Roman" fontSize="7.5"/>
            </TextLine>
            <TextLine id="r46l38" primaryLanguage="German" custom="readingOrder {index:37;}">
                <Coords points="1241,4125 1247,4122 2278,4115 2278,4160 1241,4166"/>
                <Baseline points="1241,4159 1607,4154 1685,4152 1844,4151 2085,4150 2268,4149"/>
                <TextEquiv>
                    <Unicode>kommenſchaft auch in den weiteren Generationen verfolgen,</Unicode>
                </TextEquiv>
                <TextStyle fontFamily="Times New Roman" fontSize="7.5"/>
            </TextLine>
            <TextLine id="r46l39" primaryLanguage="German" custom="readingOrder {index:38;}">
                <Coords points="1241,4178 1251,4167 2269,4158 2272,4201 1242,4208"/>
                <Baseline points="1241,4202 1293,4202 1362,4200 1435,4200 1547,4198 1626,4197 1825,4194 2021,4194 2269,4192"/>
                <TextEquiv>
                    <Unicode>um bei der Rübe das Mendelſche Geſetz, das ſicherlich auch</Unicode>
                </TextEquiv>
                <TextStyle fontFamily="Times New Roman" fontSize="7.5"/>
            </TextLine>
            <TextLine id="r46l40" primaryLanguage="German" custom="readingOrder {index:39;}">
                <Coords points="1240,4209 2269,4202 2269,4242 1240,4252"/>
                <Baseline points="1238,4246 1305,4245 1403,4243 1919,4237 2068,4237 2269,4235"/>
                <TextEquiv>
                    <Unicode>hier ſeine Geltung hat, nachzuweiſen. Dieſer Nachweis</Unicode>
                </TextEquiv>
                <TextStyle fontFamily="Times New Roman" fontSize="7.5"/>
            </TextLine>
            <TextLine id="r46l41" primaryLanguage="German" custom="readingOrder {index:40;}">
                <Coords points="1243,4253 2270,4245 2270,4286 1243,4296"/>
                <Baseline points="1243,4288 1469,4285 1569,4284 1620,4284 1812,4281 2110,4280 2270,4279"/>
                <TextEquiv>
                    <Unicode>iſt allerdings nicht ſo einfach zu erbringen, wenn erwogen</Unicode>
                </TextEquiv>
                <TextStyle fontFamily="Times New Roman" fontSize="7.5"/>
            </TextLine>
            <TextLine id="r46l42" primaryLanguage="German" custom="readingOrder {index:41;}">
                <Coords points="1242,4298 2270,4289 2273,4330 1241,4339"/>
                <Baseline points="1242,4332 1509,4329 1632,4326 1718,4324 1831,4324 1973,4323 2056,4324 2270,4322"/>
                <TextEquiv>
                    <Unicode>wird, daß die Rübe eine große Anzahl von Individuen</Unicode>
                </TextEquiv>
                <TextStyle fontFamily="Times New Roman" fontSize="7.5"/>
            </TextLine>
            <TextLine id="r46l43" primaryLanguage="German" custom="readingOrder {index:42;}">
                <Coords points="1242,4346 1257,4342 1472,4338 2270,4332 2270,4373 1242,4383"/>
                <Baseline points="1243,4375 1339,4374 1422,4373 1560,4369 1632,4369 1769,4368 1983,4367 2087,4366 2211,4365 2270,4365"/>
                <TextEquiv>
                    <Unicode>liefert und daß es bei weißen Individuen wohl ſchwer zu</Unicode>
                </TextEquiv>
                <TextStyle fontFamily="Times New Roman" fontSize="7.5"/>
            </TextLine>
            <TextLine id="r46l44" primaryLanguage="German" custom="readingOrder {index:43;}">
                <Coords points="1243,4395 1251,4383 2247,4375 2275,4375 2275,4416 1243,4426"/>
                <Baseline points="1243,4418 1455,4416 1538,4415 1705,4411 1767,4411 1849,4411 2127,4410 2270,4408"/>
                <TextEquiv>
                    <Unicode>unterſcheiden ſein wird, ob ſie aus Kreuzung oder Selbſt⸗</Unicode>
                </TextEquiv>
                <TextStyle fontFamily="Times New Roman" fontSize="7.5"/>
            </TextLine>
            <TextLine id="r46l45" primaryLanguage="German" custom="readingOrder {index:44;}">
                <Coords points="1242,4428 2257,4418 2257,4418 2271,4421 2271,4460 1242,4470"/>
                <Baseline points="1242,4462 1607,4456 1756,4454 1829,4453 1948,4453 2056,4453 2271,4452"/>
                <TextEquiv>
                    <Unicode>befruchtung ſtammen. Andrlik und Urban haben ſich auch mit</Unicode>
                </TextEquiv>
                <TextStyle fontFamily="Times New Roman" fontSize="7.5"/>
            </TextLine>
            <TextLine id="r46l46" primaryLanguage="German" custom="readingOrder {index:45;}">
                <Coords points="1245,4472 2205,4462 2205,4462 2237,4463 2270,4472 2270,4504 1245,4512"/>
                <Baseline points="1245,4506 1311,4506 1557,4501 1958,4498 2183,4497 2270,4496"/>
                <TextEquiv>
                    <Unicode>dem Einfluß der Ernährung auf die Variabilität der</Unicode>
                </TextEquiv>
                <TextStyle fontFamily="Times New Roman" fontSize="7.5"/>
            </TextLine>
            <TextLine id="r46l47" primaryLanguage="German" custom="readingOrder {index:46;}">
                <Coords points="1243,4514 2270,4506 2270,4547 1244,4556"/>
                <Baseline points="1245,4550 1410,4547 1875,4541 2020,4541 2120,4541 2270,4540"/>
                <TextEquiv>
                    <Unicode>chemiſchen Zuſammenſetzung der Rübe im erſten</Unicode>
                </TextEquiv>
                <TextStyle fontFamily="Times New Roman" fontSize="7.5"/>
            </TextLine>
            <TextLine id="r46l48" primaryLanguage="German" custom="readingOrder {index:47;}">
                <Coords points="1242,4558 2273,4549 2273,4588 1244,4599"/>
                <Baseline points="1244,4593 1511,4588 1699,4585 1812,4585 1955,4585 2040,4586 2127,4584 2269,4583"/>
                <TextEquiv>
                    <Unicode>Vegetationsjahr beſchäftigt und damit ein ſehr bedeut⸗</Unicode>
                </TextEquiv>
                <TextStyle fontFamily="Times New Roman" fontSize="7.5"/>
            </TextLine>
            <TextLine id="r46l49" primaryLanguage="German" custom="readingOrder {index:48;}">
                <Coords points="1242,4600 1266,4600 2230,4593 2271,4594 2272,4636 1242,4643"/>
                <Baseline points="1244,4634 1341,4634 1509,4633 1760,4631 1846,4629 1983,4629 2181,4626 2269,4625"/>
                <TextEquiv>
                    <Unicode>ſames Problem angeſchnitten. Es wurde feſtgeſtellt, daß</Unicode>
                </TextEquiv>
                <TextStyle fontFamily="Times New Roman" fontSize="7.5"/>
            </TextLine>
            <TextLine id="r46l50" primaryLanguage="German" custom="readingOrder {index:49;}">
                <Coords points="1243,4642 2272,4634 2272,4677 1243,4688"/>
                <Baseline points="1244,4679 1365,4677 1538,4675 1611,4674 1976,4672 2197,4672 2271,4672"/>
                <TextEquiv>
                    <Unicode>ſich die Einflüſſe der Ernährung auf die Variabilität der</Unicode>
                </TextEquiv>
                <TextStyle fontFamily="Times New Roman" fontSize="7.5"/>
            </TextLine>
            <TextLine id="r46l51" primaryLanguage="German" custom="readingOrder {index:50;}">
                <Coords points="1246,4687 2270,4680 2270,4722 1244,4730"/>
                <Baseline points="1245,4724 1411,4721 1824,4717 1963,4715 2051,4715 2184,4715 2270,4715"/>
                <TextEquiv>
                    <Unicode>chemiſchen Zuſammenſetzung im Sinne der Geſetze von</Unicode>
                </TextEquiv>
                <TextStyle fontFamily="Times New Roman" fontSize="7.5"/>
            </TextLine>
            <TextLine id="r46l52" primaryLanguage="German" custom="readingOrder {index:51;}">
                <Coords points="1248,4729 2276,4721 2276,4765 1247,4770"/>
                <Baseline points="1251,4767 1560,4762 1670,4760 1746,4760 1876,4759 2011,4758 2273,4758"/>
                <TextEquiv>
                    <Unicode>Quetelet, Galton und de Vries („Die individuellen</Unicode>
                </TextEquiv>
                <TextStyle fontFamily="Times New Roman" fontSize="7.5"/>
            </TextLine>
            <TextLine id="r46l53" primaryLanguage="German" custom="readingOrder {index:52;}">
                <Coords points="1244,4774 2234,4767 2271,4777 2271,4809 1246,4817"/>
                <Baseline points="1245,4810 1446,4808 1540,4806 1746,4804 1861,4803 2019,4803 2167,4802 2271,4801"/>
                <TextEquiv>
                    <Unicode>Variationen bei Menſchen und Tieren folgen den</Unicode>
                </TextEquiv>
                <TextStyle fontFamily="Times New Roman" fontSize="7.5"/>
            </TextLine>
            <TextLine id="r46l54" primaryLanguage="German" custom="readingOrder {index:53;}">
                <Coords points="1245,4820 2272,4812 2272,4855 1245,4862"/>
                <Baseline points="1245,4855 1379,4853 1452,4851 1944,4846 2036,4847 2119,4846 2272,4846"/>
                <TextEquiv>
                    <Unicode>Geſetzen der Wahrſcheinlichkeitsrechnung. Für jede einzelne</Unicode>
                </TextEquiv>
                <TextStyle fontFamily="Times New Roman" fontSize="7.5"/>
            </TextLine>
            <TextLine id="r46l55" primaryLanguage="German" custom="readingOrder {index:54;}">
                <Coords points="1245,4862 2271,4853 2272,4896 1246,4904"/>
                <Baseline points="1246,4898 1455,4894 1772,4891 1912,4891 2176,4889 2272,4889"/>
                <TextEquiv>
                    <Unicode>fluktuierende Eigenſchaft laſſen ſich die Abweichungen vom</Unicode>
                </TextEquiv>
                <TextStyle fontFamily="Times New Roman" fontSize="7.5"/>
            </TextLine>
            <TextLine id="r46l56" primaryLanguage="German" custom="readingOrder {index:55;}">
                <Coords points="1245,4907 2273,4899 2273,4899 2273,4940 1245,4946"/>
                <Baseline points="1245,4942 1357,4940 1411,4940 1512,4938 1635,4936 2063,4934 2123,4933 2273,4933"/>
                <TextEquiv>
                    <Unicode>Typus in einer Kurve zuſammenſtellen, indem ſie ſich um</Unicode>
                </TextEquiv>
                <TextStyle fontFamily="Times New Roman" fontSize="7.5"/>
            </TextLine>
            <TextLine id="r46l57" primaryLanguage="German" custom="readingOrder {index:56;}">
                <Coords points="1245,4949 2208,4941 2243,4942 2259,4945 2275,4950 2275,4975 2268,4984 1245,4992"/>
                <Baseline points="1245,4984 1340,4983 1490,4981 1588,4980 1692,4979 1788,4979 1978,4978 2137,4976 2272,4976"/>
                <TextEquiv>
                    <Unicode>dieſen Typus als um ein Zentrum größter Dichte</Unicode>
                </TextEquiv>
                <TextStyle fontFamily="Times New Roman" fontSize="7.5"/>
            </TextLine>
            <TextLine id="r46l58" primaryLanguage="German" custom="readingOrder {index:57;}">
                <Coords points="1242,4992 1262,4992 2218,4988 2260,4996 2270,5005 2270,5030 1242,5035"/>
                <Baseline points="1249,5026 1648,5023 1718,5022 1913,5021 1983,5021 2269,5020"/>
                <TextEquiv>
                    <Unicode>ſymmetriſch gruppieren. Je zahlreicher die Beobachtungen,</Unicode>
                </TextEquiv>
                <TextStyle fontFamily="Times New Roman" fontSize="7.5"/>
            </TextLine>
            <TextLine id="r46l59" primaryLanguage="German" custom="readingOrder {index:58;}">
                <Coords points="1245,5037 2272,5030 2272,5070 1245,5077"/>
                <Baseline points="1247,5071 1302,5071 1357,5070 1516,5068 1606,5067 1676,5066 2010,5064 2101,5063 2268,5063"/>
                <TextEquiv>
                    <Unicode>um ſo genauer fällt die Variabilitätskurve mit der be⸗</Unicode>
                </TextEquiv>
                <TextStyle fontFamily="Times New Roman" fontSize="7.5"/>
            </TextLine>
            <TextLine id="r46l60" primaryLanguage="German" custom="readingOrder {index:59;}">
                <Coords points="1242,5081 1288,5076 2253,5073 2281,5077 2281,5107 2262,5123 2021,5119 1856,5121 1588,5122 1425,5124 1237,5122"/>
                <Baseline points="1246,5116 1376,5115 1799,5111 2135,5110 2274,5108"/>
                <TextEquiv>
                    <Unicode>kannten Wahrſcheinlichkeitskurve zuſammen.“ Daß dieſes</Unicode>
                </TextEquiv>
                <TextStyle fontFamily="Times New Roman" fontSize="7.5"/>
            </TextLine>
        </TextRegion>
        <TextRegion type="paragraph" id="r47" custom="readingOrder {index:50;}">
            <Coords points="2287,2504 3374,2497 3393,3923 3384,4670 3383,5164 2299,5165 2295,3901"/>
            <TextLine id="r47l1" primaryLanguage="German" custom="readingOrder {index:0;}">
                <Coords points="2306,2508 3336,2508 3335,2547 2304,2553"/>
                <Baseline points="2307,2544 2573,2541 2747,2541 2933,2542 3332,2540"/>
                <TextEquiv>
                    <Unicode>Geſetz auch für Pflanzen gilt, hat bereits Quetelet aus⸗</Unicode>
                </TextEquiv>
                <TextStyle fontFamily="Times New Roman" fontSize="7.5"/>
            </TextLine>
            <TextLine id="r47l2" primaryLanguage="German" custom="readingOrder {index:1;}">
                <Coords points="2307,2562 2338,2552 3256,2549 3256,2549 3330,2550 3330,2592 2307,2595"/>
                <Baseline points="2307,2588 2477,2585 2589,2586 3005,2586 3096,2586 3240,2586 3330,2584"/>
                <TextEquiv>
                    <Unicode>geſprochen, wie dies auch weiterhin von Galton und</Unicode>
                </TextEquiv>
                <TextStyle fontFamily="Times New Roman" fontSize="7.5"/>
            </TextLine>
            <TextLine id="r47l3" primaryLanguage="German" custom="readingOrder {index:2;}">
                <Coords points="2305,2597 3333,2592 3333,2636 2306,2635"/>
                <Baseline points="2306,2629 2339,2629 2454,2628 2916,2629 2990,2628 3330,2627"/>
                <TextEquiv>
                    <Unicode>de Vries beſtätigt wurde) auch bei der Rübe in mannig⸗</Unicode>
                </TextEquiv>
                <TextStyle fontFamily="Times New Roman" fontSize="7.5"/>
            </TextLine>
            <TextLine id="r47l4" primaryLanguage="German" custom="readingOrder {index:3;}">
                <Coords points="2305,2638 3079,2636 3282,2638 3335,2647 3335,2671 3326,2680 2305,2681"/>
                <Baseline points="2306,2673 2395,2672 2517,2672 2657,2672 2813,2672 3067,2673 3331,2671"/>
                <TextEquiv>
                    <Unicode>facher Weiſe geltend machen. Auf Grund durchgeführter</Unicode>
                </TextEquiv>
                <TextStyle fontFamily="Times New Roman" fontSize="7.5"/>
            </TextLine>
            <TextLine id="r47l5" primaryLanguage="German" custom="readingOrder {index:4;}">
                <Coords points="2307,2682 3332,2678 3333,2721 2307,2721"/>
                <Baseline points="2307,2715 2601,2717 2733,2715 2830,2716 3202,2716 3331,2714"/>
                <TextEquiv>
                    <Unicode>Sandtopfkulturen wurde eben gefunden, daß die Nach⸗</Unicode>
                </TextEquiv>
                <TextStyle fontFamily="Times New Roman" fontSize="7.5"/>
            </TextLine>
            <TextLine id="r47l6" primaryLanguage="German" custom="readingOrder {index:5;}">
                <Coords points="2308,2726 2332,2723 3334,2725 3331,2769 2308,2767"/>
                <Baseline points="2308,2758 2670,2759 2776,2759 2974,2761 3331,2760"/>
                <TextEquiv>
                    <Unicode>kommenſchaft einer und derſelben hochzuckerhaltigen</Unicode>
                </TextEquiv>
                <TextStyle fontFamily="Times New Roman" fontSize="7.5"/>
            </TextLine>
            <TextLine id="r47l7" primaryLanguage="German" custom="readingOrder {index:6;}">
                <Coords points="2301,2767 3336,2767 3336,2809 2837,2813 2305,2808"/>
                <Baseline points="2305,2802 2494,2802 2604,2802 3331,2803"/>
                <TextEquiv>
                    <Unicode>Mutterrübe unter Anwendung verſchiedener, jedoch über⸗</Unicode>
                </TextEquiv>
                <TextStyle fontFamily="Times New Roman" fontSize="7.5"/>
            </TextLine>
            <TextLine id="r47l8" primaryLanguage="German" custom="readingOrder {index:7;}">
                <Coords points="2306,2809 2876,2814 3303,2809 3320,2823 3332,2835 3331,2855 2873,2857 2306,2853"/>
                <Baseline points="2309,2845 2454,2846 2733,2846 2822,2849 2959,2849 3075,2849 3333,2845"/>
                <TextEquiv>
                    <Unicode>ſchüſſiger Nährſtoffgaben in Form von Kaliſalpeter,</Unicode>
                </TextEquiv>
                <TextStyle fontFamily="Times New Roman" fontSize="7.5"/>
            </TextLine>
            <TextLine id="r47l9" primaryLanguage="German" custom="readingOrder {index:8;}">
                <Coords points="2309,2855 2329,2855 3331,2857 3331,2899 2309,2897"/>
                <Baseline points="2309,2889 2554,2890 2672,2891 2987,2892 3101,2892 3331,2891"/>
                <TextEquiv>
                    <Unicode>Natronſalpeter und Superphosphat eine bedeutende</Unicode>
                </TextEquiv>
                <TextStyle fontFamily="Times New Roman" fontSize="7.5"/>
            </TextLine>
            <TextLine id="r47l10" primaryLanguage="German" custom="readingOrder {index:9;}">
                <Coords points="2307,2899 2328,2896 2840,2901 3299,2899 3332,2909 3332,2942 2870,2947 2307,2941"/>
                <Baseline points="2307,2933 2503,2933 2563,2934 2640,2934 2835,2936 3244,2934 3333,2934"/>
                <TextEquiv>
                    <Unicode>Variabilität in der chemiſchen Zuſammenſetzung der ein⸗</Unicode>
                </TextEquiv>
                <TextStyle fontFamily="Times New Roman" fontSize="7.5"/>
            </TextLine>
            <TextLine id="r47l11" primaryLanguage="German" custom="readingOrder {index:10;}">
                <Coords points="2307,2952 2328,2943 2875,2947 3333,2942 3333,2987 2862,2988 2307,2987"/>
                <Baseline points="2309,2976 2838,2980 2976,2979 3036,2980 3111,2980 3255,2978 3333,2979"/>
                <TextEquiv>
                    <Unicode>zelnen Individuen, und zwar ſowohl in der Wurzel als</Unicode>
                </TextEquiv>
                <TextStyle fontFamily="Times New Roman" fontSize="7.5"/>
            </TextLine>
            <TextLine id="r47l12" primaryLanguage="German" custom="readingOrder {index:11;}">
                <Coords points="2313,2996 2332,2987 2783,2989 3275,2986 3279,2987 3301,2988 3334,2990 3334,3030 3036,3035 2313,3028"/>
                <Baseline points="2313,3020 2446,3021 2569,3023 2732,3023 2830,3025 3112,3023 3334,3022"/>
                <TextEquiv>
                    <Unicode>auch in Kraut aufwies. Die Spannung der Variabilität</Unicode>
                </TextEquiv>
                <TextStyle fontFamily="Times New Roman" fontSize="7.5"/>
            </TextLine>
            <TextLine id="r47l13" primaryLanguage="German" custom="readingOrder {index:12;}">
                <Coords points="2313,3033 2874,3033 3336,3029 3338,3074 2855,3076 2313,3071"/>
                <Baseline points="2313,3065 2366,3065 2636,3066 2855,3068 3124,3067 3334,3064"/>
                <TextEquiv>
                    <Unicode>des Zuckergehaltes, betrug 4˙8 Prozent, des Stickſtoff⸗</Unicode>
                </TextEquiv>
                <TextStyle fontFamily="Times New Roman" fontSize="7.5"/>
            </TextLine>
            <TextLine id="r47l14" primaryLanguage="German" custom="readingOrder {index:13;}">
                <Coords points="2313,3084 2339,3076 3313,3073 3313,3073 3335,3078 3335,3116 2313,3120"/>
                <Baseline points="2317,3107 2443,3108 2560,3110 2816,3112 2914,3111 3049,3111 3335,3108"/>
                <TextEquiv>
                    <Unicode>gehaltes 0˙119 Prozent, des Kali 0˙219 Prozent, des</Unicode>
                </TextEquiv>
                <TextStyle fontFamily="Times New Roman" fontSize="7.5"/>
            </TextLine>
            <TextLine id="r47l15" primaryLanguage="German" custom="readingOrder {index:14;}">
                <Coords points="2311,3117 2839,3119 3336,3118 3338,3162 2312,3160"/>
                <Baseline points="2312,3152 2453,3152 2570,3152 2732,3153 2837,3154 2928,3154 3213,3153 3336,3152"/>
                <TextEquiv>
                    <Unicode>Natrons 0˙075 Prozent und der Phosphorſäure 0˙079</Unicode>
                </TextEquiv>
                <TextStyle fontFamily="Times New Roman" fontSize="7.5"/>
            </TextLine>
            <TextLine id="r47l16" primaryLanguage="German" custom="readingOrder {index:15;}">
                <Coords points="2312,3160 2364,3158 3337,3162 3336,3203 2312,3205"/>
                <Baseline points="2316,3193 2445,3195 2513,3195 2648,3196 2967,3196 3055,3196 3124,3196 3253,3195 3336,3196"/>
                <TextEquiv>
                    <Unicode>Prozent der friſchen Pflanzenſubſtanz. Zu der Arbeit von</Unicode>
                </TextEquiv>
                <TextStyle fontFamily="Times New Roman" fontSize="7.5"/>
            </TextLine>
            <TextLine id="r47l17" primaryLanguage="German" custom="readingOrder {index:16;}">
                <Coords points="2314,3203 3040,3203 3309,3203 3336,3213 3336,3246 2314,3246"/>
                <Baseline points="2314,3238 2441,3239 2530,3239 2661,3240 2808,3240 2860,3240 3224,3238 3336,3238"/>
                <TextEquiv>
                    <Unicode>Andrlik und Urban bemerkt v. Lippmann, daß er ſchon</Unicode>
                </TextEquiv>
                <TextStyle fontFamily="Times New Roman" fontSize="7.5"/>
            </TextLine>
            <TextLine id="r47l18" primaryLanguage="German" custom="readingOrder {index:17;}">
                <Coords points="2314,3248 3335,3245 3337,3290 2930,3292 2314,3289"/>
                <Baseline points="2314,3280 2583,3283 2641,3283 2760,3283 2951,3283 3333,3281"/>
                <TextEquiv>
                    <Unicode>im Jahre 1904 in einem Vortrags auf der General⸗</Unicode>
                </TextEquiv>
                <TextStyle fontFamily="Times New Roman" fontSize="7.5"/>
            </TextLine>
            <TextLine id="r47l19" primaryLanguage="German" custom="readingOrder {index:18;}">
                <Coords points="2315,3297 2347,3290 2430,3291 3289,3289 3291,3289 3323,3291 3337,3301 3337,3325 3332,3333 2315,3332"/>
                <Baseline points="2315,3324 2625,3326 2807,3327 2883,3327 3053,3327 3337,3325"/>
                <TextEquiv>
                    <Unicode>verſammlung des Vereines der deutſchen Zuckerinduſtrie</Unicode>
                </TextEquiv>
                <TextStyle fontFamily="Times New Roman" fontSize="7.5"/>
            </TextLine>
            <TextLine id="r47l20" primaryLanguage="German" custom="readingOrder {index:19;}">
                <Coords points="2316,3344 2349,3333 3312,3335 3335,3334 3334,3378 2315,3376"/>
                <Baseline points="2316,3367 2437,3368 2553,3369 2761,3367 2859,3369 3106,3369 3182,3369 3333,3369"/>
                <TextEquiv>
                    <Unicode>auf die große Wichtigkeit der Forſchungen de Vries',</Unicode>
                </TextEquiv>
                <TextStyle fontFamily="Times New Roman" fontSize="7.5"/>
            </TextLine>
            <TextLine id="r47l21" primaryLanguage="German" custom="readingOrder {index:20;}">
                <Coords points="2307,3375 2325,3378 3333,3377 3334,3415 3332,3418 2307,3419"/>
                <Baseline points="2307,3411 2493,3410 2582,3410 2880,3410 3335,3410"/>
                <TextEquiv>
                    <Unicode>Tſchermaks und anderer, ſpeziell auch für die Zuckerrübe,</Unicode>
                </TextEquiv>
                <TextStyle fontFamily="Times New Roman" fontSize="7.5"/>
            </TextLine>
            <TextLine id="r47l22" primaryLanguage="German" custom="readingOrder {index:21;}">
                <Coords points="2315,3432 2345,3424 3137,3420 3260,3421 3322,3425 3336,3435 3339,3460 2315,3463"/>
                <Baseline points="2315,3455 2508,3456 3335,3454"/>
                <TextEquiv>
                    <Unicode>aufmerkſam gemacht hat, deren beſonderes Mutations⸗</Unicode>
                </TextEquiv>
                <TextStyle fontFamily="Times New Roman" fontSize="7.5"/>
            </TextLine>
            <TextLine id="r47l23" primaryLanguage="German" custom="readingOrder {index:22;}">
                <Coords points="2316,3471 2390,3466 2454,3464 3296,3463 3298,3463 3338,3472 3338,3499 3334,3507 2316,3506"/>
                <Baseline points="2316,3498 2474,3499 2544,3499 2706,3499 2791,3499 2840,3500 3338,3499"/>
                <TextEquiv>
                    <Unicode>vermögen die Verſuche von v. Proskowetz längſt erwieſen</Unicode>
                </TextEquiv>
                <TextStyle fontFamily="Times New Roman" fontSize="7.5"/>
            </TextLine>
            <TextLine id="r47l24" primaryLanguage="German" custom="readingOrder {index:23;}">
                <Coords points="2312,3507 2417,3507 3184,3508 3299,3506 3325,3510 3334,3525 3334,3550 2312,3550"/>
                <Baseline points="2314,3542 2421,3541 2582,3542 2878,3543 2982,3542 3037,3543 3240,3542 3335,3542"/>
                <TextEquiv>
                    <Unicode>haben. „Es iſt merkwürdig,“ ſo fährt v. Lippmann fort,</Unicode>
                </TextEquiv>
                <TextStyle fontFamily="Times New Roman" fontSize="7.5"/>
            </TextLine>
            <TextLine id="r47l25" primaryLanguage="German" custom="readingOrder {index:24;}">
                <Coords points="2315,3578 2330,3551 2558,3549 2558,3549 3228,3549 3320,3550 3338,3561 3338,3593 2315,3593"/>
                <Baseline points="2317,3585 2392,3585 2448,3585 2563,3585 2722,3586 2866,3587 3027,3586 3222,3585 3338,3585"/>
                <TextEquiv>
                    <Unicode>„daß in dieſer Hinſicht noch ſo weniges gearbeitet oder</Unicode>
                </TextEquiv>
                <TextStyle fontFamily="Times New Roman" fontSize="7.5"/>
            </TextLine>
            <TextLine id="r47l26" primaryLanguage="German" custom="readingOrder {index:25;}">
                <Coords points="2315,3593 3338,3593 3338,3636 2315,3636"/>
                <Baseline points="2315,3628 2683,3629 2949,3629 3040,3630 3228,3629 3338,3628"/>
                <TextEquiv>
                    <Unicode>doch bekanntgegeben wurde, und die Verſuche von</Unicode>
                </TextEquiv>
                <TextStyle fontFamily="Times New Roman" fontSize="7.5"/>
            </TextLine>
            <TextLine id="r47l27" primaryLanguage="German" custom="readingOrder {index:26;}">
                <Coords points="2317,3638 2368,3634 3302,3637 3338,3648 3338,3681 2317,3679"/>
                <Baseline points="2317,3672 2443,3672 2531,3672 2664,3672 2828,3673 2945,3673 3137,3673 3336,3671"/>
                <TextEquiv>
                    <Unicode>Andrlik und Urban erwecken daher doppeltes Intereſſe;</Unicode>
                </TextEquiv>
                <TextStyle fontFamily="Times New Roman" fontSize="7.5"/>
            </TextLine>
            <TextLine id="r47l28" primaryLanguage="German" custom="readingOrder {index:27;}">
                <Coords points="2316,3690 2347,3679 2433,3677 3342,3680 3342,3725 2316,3722"/>
                <Baseline points="2318,3714 2428,3714 2483,3714 2677,3715 2796,3715 2916,3716 3339,3717"/>
                <TextEquiv>
                    <Unicode>gelingt es ihnen, die Lehre vom Nährſtoffbedarf weiter</Unicode>
                </TextEquiv>
                <TextStyle fontFamily="Times New Roman" fontSize="7.5"/>
            </TextLine>
            <TextLine id="r47l29" primaryLanguage="German" custom="readingOrder {index:28;}">
                <Coords points="2311,3739 2313,3723 3226,3722 3304,3724 3338,3735 3338,3767 2319,3767 2311,3755"/>
                <Baseline points="2313,3760 2516,3760 2641,3759 2754,3760 2867,3760 3144,3760 3338,3759"/>
                <TextEquiv>
                    <Unicode>auszubilden und mit den hochwichtigen Theorien</Unicode>
                </TextEquiv>
                <TextStyle fontFamily="Times New Roman" fontSize="7.5"/>
            </TextLine>
            <TextLine id="r47l30" primaryLanguage="German" custom="readingOrder {index:29;}">
                <Coords points="2313,3765 3338,3766 3338,3810 2313,3809"/>
                <Baseline points="2313,3801 2639,3802 2712,3802 2896,3803 3244,3802 3338,3802"/>
                <TextEquiv>
                    <Unicode>Strakoſch' — über die ungleiche Leiſtungsfähigkeit der</Unicode>
                </TextEquiv>
                <TextStyle fontFamily="Times New Roman" fontSize="7.5"/>
            </TextLine>
            <TextLine id="r47l31" primaryLanguage="German" custom="readingOrder {index:30;}">
                <Coords points="2316,3812 2430,3809 2430,3809 3338,3809 3338,3854 2316,3854"/>
                <Baseline points="2316,3846 2567,3846 2684,3847 2968,3846 3177,3846 3338,3846"/>
                <TextEquiv>
                    <Unicode>Kulturpflanzen — in Verbindung zu bringen, ſo eröffnen</Unicode>
                </TextEquiv>
                <TextStyle fontFamily="Times New Roman" fontSize="7.5"/>
            </TextLine>
            <TextLine id="r47l32" primaryLanguage="German" custom="readingOrder {index:31;}">
                <Coords points="2316,3854 3257,3852 3259,3898 2314,3898"/>
                <Baseline points="2318,3888 2567,3890 2743,3889 3025,3889 3257,3888"/>
                <TextEquiv>
                    <Unicode>ſich Ausſichten auf neue und ungeahnte Fortſchritte.“</Unicode>
                </TextEquiv>
                <TextStyle fontFamily="Times New Roman" fontSize="7.5"/>
            </TextLine>
            <TextLine id="r47l33" primaryLanguage="German" custom="readingOrder {index:32;}">
                <Coords points="2393,3903 2577,3901 2834,3901 3321,3905 3345,3906 3345,3947 2393,3945"/>
                <Baseline points="2393,3937 2462,3938 2582,3938 2675,3938 2943,3939 3015,3938 3178,3938 3340,3939"/>
                <TextEquiv>
                    <Unicode>Das unter der Leitung von A. Herzfeld ſtehende</Unicode>
                </TextEquiv>
                <TextStyle fontFamily="Times New Roman" fontSize="7.5"/>
            </TextLine>
            <TextLine id="r47l34" primaryLanguage="German" custom="readingOrder {index:33;}">
                <Coords points="2313,3947 2354,3945 2354,3945 3318,3946 3341,3956 3341,3991 2313,3990"/>
                <Baseline points="2311,3982 2445,3980 2522,3980 2794,3981 2852,3982 2990,3982 3067,3981 3167,3980 3340,3983"/>
                <TextEquiv>
                    <Unicode>Inſtitut für Zuckerinduſtrie in Berlin hat ſeine Prüfung</Unicode>
                </TextEquiv>
                <TextStyle fontFamily="Times New Roman" fontSize="7.5"/>
            </TextLine>
            <TextLine id="r47l35" primaryLanguage="German" custom="readingOrder {index:34;}">
                <Coords points="2312,3990 2477,3988 2477,3988 3340,3990 3340,4033 2312,4031"/>
                <Baseline points="2312,4023 2362,4023 2486,4022 2949,4025 3071,4023 3251,4024 3340,4025"/>
                <TextEquiv>
                    <Unicode>der neuen Saftgewinnungsverfahren weiter fortgeſetzt und</Unicode>
                </TextEquiv>
                <TextStyle fontFamily="Times New Roman" fontSize="7.5"/>
            </TextLine>
            <TextLine id="r47l36" primaryLanguage="German" custom="readingOrder {index:35;}">
                <Coords points="2311,4042 2345,4033 2563,4031 2563,4031 3234,4031 3341,4039 3341,4075 2311,4075"/>
                <Baseline points="2310,4067 2412,4066 2498,4066 2701,4066 2895,4067 2970,4066 3189,4068 3265,4066 3340,4067"/>
                <TextEquiv>
                    <Unicode>zuletzt das Zſcheyeſche Verfahren der Rücknahme der ge⸗</Unicode>
                </TextEquiv>
                <TextStyle fontFamily="Times New Roman" fontSize="7.5"/>
            </TextLine>
            <TextLine id="r47l37" primaryLanguage="German" custom="readingOrder {index:36;}">
                <Coords points="2313,4079 3342,4075 3344,4118 2313,4116"/>
                <Baseline points="2313,4110 2632,4110 3019,4110 3075,4111 3129,4112 3202,4110 3341,4110"/>
                <TextEquiv>
                    <Unicode>ſamten Preß⸗ und Diffuſionswäſſer, wie es in der Zucker⸗</Unicode>
                </TextEquiv>
                <TextStyle fontFamily="Times New Roman" fontSize="7.5"/>
            </TextLine>
            <TextLine id="r47l38" primaryLanguage="German" custom="readingOrder {index:37;}">
                <Coords points="2312,4117 3324,4118 3342,4127 3342,4162 2312,4161"/>
                <Baseline points="2315,4153 2404,4153 2679,4152 3212,4153 3342,4154"/>
                <TextEquiv>
                    <Unicode>fabrik Biendorf zur Durchführung gelangt, zu dieſem</Unicode>
                </TextEquiv>
                <TextStyle fontFamily="Times New Roman" fontSize="7.5"/>
            </TextLine>
            <TextLine id="r47l39" primaryLanguage="German" custom="readingOrder {index:38;}">
                <Coords points="2314,4160 3340,4164 3340,4206 2313,4205"/>
                <Baseline points="2317,4196 2425,4196 2683,4196 2776,4194 2906,4196 3132,4198 3340,4198"/>
                <TextEquiv>
                    <Unicode>Zwecke herangezogen. Wie früher an anderen Orten, ſo</Unicode>
                </TextEquiv>
                <TextStyle fontFamily="Times New Roman" fontSize="7.5"/>
            </TextLine>
            <TextLine id="r47l40" primaryLanguage="German" custom="readingOrder {index:39;}">
                <Coords points="2314,4205 3341,4204 3341,4247 2314,4248"/>
                <Baseline points="2314,4240 2416,4240 2596,4241 2869,4240 3023,4241 3115,4240 3342,4239"/>
                <TextEquiv>
                    <Unicode>wurde auch in Biendorf der Betrieb des Rücknahme⸗</Unicode>
                </TextEquiv>
                <TextStyle fontFamily="Times New Roman" fontSize="7.5"/>
            </TextLine>
            <TextLine id="r47l41" primaryLanguage="German" custom="readingOrder {index:40;}">
                <Coords points="2313,4256 2348,4247 3332,4250 3340,4251 3341,4292 2313,4291"/>
                <Baseline points="2313,4283 2486,4283 2567,4282 2792,4282 2906,4283 3010,4283 3159,4283 3341,4282"/>
                <TextEquiv>
                    <Unicode>verfahrens der Zuckerfabrik eine volle Woche hindurch,</Unicode>
                </TextEquiv>
                <TextStyle fontFamily="Times New Roman" fontSize="7.5"/>
            </TextLine>
            <TextLine id="r47l42" primaryLanguage="German" custom="readingOrder {index:41;}">
                <Coords points="2314,4299 2339,4294 2393,4292 3346,4289 3346,4332 2314,4334"/>
                <Baseline points="2314,4326 2384,4327 2457,4325 2658,4325 2755,4326 2808,4326 2994,4326 3241,4326 3341,4327"/>
                <TextEquiv>
                    <Unicode>vom 27. November bis 4. Dezember 1910, ſeitens der</Unicode>
                </TextEquiv>
                <TextStyle fontFamily="Times New Roman" fontSize="7.5"/>
            </TextLine>
            <TextLine id="r47l43" primaryLanguage="German" custom="readingOrder {index:42;}">
                <Coords points="2314,4336 2847,4334 3142,4334 3142,4334 3341,4335 3341,4377 2314,4378"/>
                <Baseline points="2314,4370 2462,4370 2540,4370 2742,4368 2919,4369 3107,4369 3341,4369"/>
                <TextEquiv>
                    <Unicode>Beamten des genannten Inſtituts eingehend kontrolliert</Unicode>
                </TextEquiv>
                <TextStyle fontFamily="Times New Roman" fontSize="7.5"/>
            </TextLine>
            <TextLine id="r47l44" primaryLanguage="German" custom="readingOrder {index:43;}">
                <Coords points="2315,4390 2362,4379 2488,4377 2488,4377 3297,4377 3342,4386 3342,4422 2315,4422"/>
                <Baseline points="2315,4414 2379,4413 3026,4413 3155,4414 3342,4414"/>
                <TextEquiv>
                    <Unicode>und ſtreng darauf geachtet, daß in dieſem Zeitraum</Unicode>
                </TextEquiv>
                <TextStyle fontFamily="Times New Roman" fontSize="7.5"/>
            </TextLine>
            <TextLine id="r47l45" primaryLanguage="German" custom="readingOrder {index:44;}">
                <Coords points="2314,4420 3239,4420 3302,4424 3342,4430 3342,4463 2314,4463"/>
                <Baseline points="2314,4458 2446,4456 2566,4456 2654,4456 2746,4456 2846,4456 2916,4455 3132,4455 3342,4458"/>
                <TextEquiv>
                    <Unicode>niemals etwas von dem für die Rücknahme beſtimmten</Unicode>
                </TextEquiv>
                <TextStyle fontFamily="Times New Roman" fontSize="7.5"/>
            </TextLine>
            <TextLine id="r47l46" primaryLanguage="German" custom="readingOrder {index:45;}">
                <Coords points="2315,4466 2341,4463 2341,4463 3323,4463 3341,4464 3341,4508 2315,4508"/>
                <Baseline points="2315,4500 2429,4499 2519,4499 2602,4498 2740,4498 2917,4498 3061,4499 3232,4498 3341,4500"/>
                <TextEquiv>
                    <Unicode>Waſſer aus der Fabrik gelangen konnte. Herzfeld faßt</Unicode>
                </TextEquiv>
                <TextStyle fontFamily="Times New Roman" fontSize="7.5"/>
            </TextLine>
            <TextLine id="r47l47" primaryLanguage="German" custom="readingOrder {index:46;}">
                <Coords points="2314,4522 2361,4507 2361,4507 3343,4507 3343,4552 2314,4552"/>
                <Baseline points="2314,4545 2382,4544 2465,4543 2626,4541 2698,4541 2987,4542 3343,4545"/>
                <TextEquiv>
                    <Unicode>nun das Reſultat der Prüfung dahin zuſammen, daß es</Unicode>
                </TextEquiv>
                <TextStyle fontFamily="Times New Roman" fontSize="7.5"/>
            </TextLine>
            <TextLine id="r47l48" primaryLanguage="German" custom="readingOrder {index:47;}">
                <Coords points="2314,4552 3344,4551 3345,4591 2316,4593"/>
                <Baseline points="2316,4587 2349,4587 2891,4585 2988,4585 3226,4584 3340,4583"/>
                <TextEquiv>
                    <Unicode>in Biendorf tatſächlich mittelſt des Zſcheyeſchen Ver⸗</Unicode>
                </TextEquiv>
                <TextStyle fontFamily="Times New Roman" fontSize="7.5"/>
            </TextLine>
            <TextLine id="r47l49" primaryLanguage="German" custom="readingOrder {index:48;}">
                <Coords points="2313,4596 2350,4596 3344,4593 3340,4636 2313,4639"/>
                <Baseline points="2312,4632 2437,4628 2499,4630 2749,4627 2888,4627 3082,4627 3340,4628"/>
                <TextEquiv>
                    <Unicode>fahrens in einwandfreier Weiſe gelungen iſt, ſämtliches</Unicode>
                </TextEquiv>
                <TextStyle fontFamily="Times New Roman" fontSize="7.5"/>
            </TextLine>
            <TextLine id="r47l50" primaryLanguage="German" custom="readingOrder {index:49;}">
                <Coords points="2315,4640 3343,4637 3343,4675 2316,4680"/>
                <Baseline points="2319,4671 2868,4670 3037,4670 3193,4670 3343,4668"/>
                <TextEquiv>
                    <Unicode>Diffuſions⸗ und Ablaufwaſſer in die Batterie zurück⸗</Unicode>
                </TextEquiv>
                <TextStyle fontFamily="Times New Roman" fontSize="7.5"/>
            </TextLine>
            <TextLine id="r47l51" primaryLanguage="German" custom="readingOrder {index:50;}">
                <Coords points="2315,4693 2326,4683 3162,4679 3269,4680 3343,4688 3345,4722 2315,4722"/>
                <Baseline points="2318,4713 2399,4714 2656,4714 2769,4713 2881,4714 3342,4711"/>
                <TextEquiv>
                    <Unicode>zunehmen, daß die Säfte dabei keine Verſchlechterung er⸗</Unicode>
                </TextEquiv>
            </TextLine>
            <TextLine id="r47l52" primaryLanguage="German" custom="readingOrder {index:51;}">
                <Coords points="2315,4725 3290,4726 3314,4724 3345,4732 3345,4768 2315,4766"/>
                <Baseline points="2318,4758 2418,4761 2912,4757 3063,4756 3342,4758"/>
                <TextEquiv>
                    <Unicode>fahren haben, daß aber, trotz 120 Prozent Saftabzug, der</Unicode>
                </TextEquiv>
                <TextStyle fontFamily="Times New Roman" fontSize="7.5"/>
            </TextLine>
            <TextLine id="r47l53" primaryLanguage="German" custom="readingOrder {index:52;}">
                <Coords points="2318,4767 3318,4767 3343,4768 3346,4806 2315,4813"/>
                <Baseline points="2318,4802 2520,4801 2603,4800 3345,4801"/>
                <TextEquiv>
                    <Unicode>Zuckergehalt der Preßlinge, wie auch anderenorts, bei</Unicode>
                </TextEquiv>
                <TextStyle fontFamily="Times New Roman" fontSize="7.5"/>
            </TextLine>
            <TextLine id="r47l54" primaryLanguage="German" custom="readingOrder {index:53;}">
                <Coords points="2315,4814 3342,4810 3342,4810 3342,4851 2315,4853"/>
                <Baseline points="2315,4848 2504,4846 2578,4845 2759,4843 3245,4842 3342,4844"/>
                <TextEquiv>
                    <Unicode>Rücknahme der Abwäſſer verhältnismäßig hoch war, und</Unicode>
                </TextEquiv>
                <TextStyle fontFamily="Times New Roman" fontSize="7.5"/>
            </TextLine>
            <TextLine id="r47l55" primaryLanguage="German" custom="readingOrder {index:54;}">
                <Coords points="2318,4859 2595,4851 3162,4851 3290,4853 3345,4854 3345,4897 2318,4898"/>
                <Baseline points="2318,4890 2529,4888 2608,4888 2795,4886 2991,4886 3075,4886 3141,4886 3216,4887 3345,4889"/>
                <TextEquiv>
                    <Unicode>daß deshalb ein derartiges Verfahren nur da am Platze</Unicode>
                </TextEquiv>
                <TextStyle fontFamily="Times New Roman" fontSize="7.5"/>
            </TextLine>
            <TextLine id="r47l56" primaryLanguage="German" custom="readingOrder {index:55;}">
                <Coords points="2318,4899 2340,4897 3344,4895 3344,4895 3344,4939 2318,4941"/>
                <Baseline points="2318,4933 2434,4932 2493,4933 2647,4931 2907,4929 3175,4929 3344,4931"/>
                <TextEquiv>
                    <Unicode>iſt, wo es ſich als durchführbar erweiſt, den größten</Unicode>
                </TextEquiv>
                <TextStyle fontFamily="Times New Roman" fontSize="7.5"/>
            </TextLine>
            <TextLine id="r47l57" primaryLanguage="German" custom="readingOrder {index:56;}">
                <Coords points="2318,4943 3344,4939 3344,4977 2318,4984"/>
                <Baseline points="2318,4978 2385,4977 2458,4976 2627,4974 2687,4974 2851,4972 2962,4972 3345,4970"/>
                <TextEquiv>
                    <Unicode>Teil der Schnitzel zu trocknen. (Das Verfahren hat näm⸗</Unicode>
                </TextEquiv>
                <TextStyle fontFamily="Times New Roman" fontSize="7.5"/>
            </TextLine>
            <TextLine id="r47l58" primaryLanguage="German" custom="readingOrder {index:57;}">
                <Coords points="2318,4986 2364,4984 3270,4981 3270,4981 3343,4982 3343,5024 2318,5028"/>
                <Baseline points="2318,5020 2710,5017 3047,5015 3146,5016 3253,5015 3343,5016"/>
                <TextEquiv>
                    <Unicode>lich an anderen Orten zeitweilig verſagt und war dies</Unicode>
                </TextEquiv>
                <TextStyle fontFamily="Times New Roman" fontSize="7.5"/>
            </TextLine>
            <TextLine id="r47l59" primaryLanguage="German" custom="readingOrder {index:58;}">
                <Coords points="2314,5038 2324,5030 3307,5024 3307,5024 3342,5029 3342,5064 2314,5071"/>
                <Baseline points="2314,5063 2370,5063 2456,5062 2715,5060 2832,5059 3127,5058 3196,5058 3343,5056"/>
                <TextEquiv>
                    <Unicode>mit eine Anregung zu ſeiner Prüfung.) Ob ein ſolches</Unicode>
                </TextEquiv>
                <TextStyle fontFamily="Times New Roman" fontSize="7.5"/>
            </TextLine>
            <TextLine id="r47l60" primaryLanguage="German" custom="readingOrder {index:59;}">
                <Coords points="2317,5072 2539,5070 3325,5070 3343,5077 3352,5115 3334,5119 3269,5121 2363,5121 2335,5118 2314,5115"/>
                <Baseline points="2321,5107 2484,5107 2625,5106 2845,5105 3005,5103 3343,5107"/>
                <TextEquiv>
                    <Unicode>Verfahren überall anwendbar iſt, ob ſich insbeſondere</Unicode>
                </TextEquiv>
                <TextStyle fontFamily="Times New Roman" fontSize="7.5"/>
            </TextLine>
        </TextRegion>
        <SeparatorRegion id="r_48" custom="readingOrder {index:51;}">
            <Coords points="0,0 2360,0 2360,56 0,56"/>
        </SeparatorRegion>
        <SeparatorRegion id="r_49" custom="readingOrder {index:52;}">
            <Coords points="2360,0 3488,0 3488,34 2360,34"/>
        </SeparatorRegion>
        <SeparatorRegion id="r_50" custom="readingOrder {index:53;}">
            <Coords points="152,127 3326,127 3326,140 152,140"/>
        </SeparatorRegion>
        <SeparatorRegion id="r_51" custom="readingOrder {index:54;}">
            <Coords points="148,155 1950,155 1950,182 148,182"/>
        </SeparatorRegion>
        <SeparatorRegion id="r_52" custom="readingOrder {index:55;}">
            <Coords points="1980,160 2350,160 2350,180 1980,180"/>
        </SeparatorRegion>
        <SeparatorRegion id="r_53" custom="readingOrder {index:56;}">
            <Coords points="2554,158 3322,158 3322,179 2554,179"/>
        </SeparatorRegion>
        <SeparatorRegion id="r_54" custom="readingOrder {index:57;}">
            <Coords points="1994,1081 3318,1081 3318,1102 1994,1102"/>
        </SeparatorRegion>
        <SeparatorRegion id="r_55" custom="readingOrder {index:58;}">
            <Coords points="1986,1124 2414,1124 2414,1137 1986,1137"/>
        </SeparatorRegion>
        <SeparatorRegion id="r_56" custom="readingOrder {index:59;}">
            <Coords points="2438,1142 3330,1142 3330,1156 2438,1156"/>
        </SeparatorRegion>
        <SeparatorRegion id="r_57" custom="readingOrder {index:60;}">
            <Coords points="206,1219 1910,1219 1910,1236 206,1236"/>
        </SeparatorRegion>
        <SeparatorRegion id="r_58" custom="readingOrder {index:61;}">
            <Coords points="208,1232 1910,1232 1910,1244 208,1244"/>
        </SeparatorRegion>
        <SeparatorRegion id="r_59" custom="readingOrder {index:62;}">
            <Coords points="227,1447 1887,1447 1887,1460 227,1460"/>
        </SeparatorRegion>
        <SeparatorRegion id="r_60" custom="readingOrder {index:63;}">
            <Coords points="923,1503 1893,1503 1893,1510 923,1510"/>
        </SeparatorRegion>
        <SeparatorRegion id="r_61" custom="readingOrder {index:64;}">
            <Coords points="3137,1506 3313,1506 3313,1518 3137,1518"/>
        </SeparatorRegion>
        <SeparatorRegion id="r_62" custom="readingOrder {index:65;}">
            <Coords points="2617,1564 3147,1564 3147,1577 2617,1577"/>
        </SeparatorRegion>
        <SeparatorRegion id="r_63" custom="readingOrder {index:66;}">
            <Coords points="2437,1581 3309,1581 3309,1595 2437,1595"/>
        </SeparatorRegion>
        <SeparatorRegion id="r_64" custom="readingOrder {index:67;}">
            <Coords points="2449,1624 3331,1624 3331,1632 2449,1632"/>
        </SeparatorRegion>
        <SeparatorRegion id="r_65" custom="readingOrder {index:68;}">
            <Coords points="2440,1988 3330,1988 3330,1998 2440,1998"/>
        </SeparatorRegion>
        <SeparatorRegion id="r_66" custom="readingOrder {index:69;}">
            <Coords points="2446,2020 3328,2020 3328,2030 2446,2030"/>
        </SeparatorRegion>
        <SeparatorRegion id="r_67" custom="readingOrder {index:70;}">
            <Coords points="166,2164 1890,2164 1890,2189 166,2189"/>
        </SeparatorRegion>
        <SeparatorRegion id="r_68" custom="readingOrder {index:71;}">
            <Coords points="2444,2174 3328,2174 3328,2184 2444,2184"/>
        </SeparatorRegion>
        <SeparatorRegion id="r_69" custom="readingOrder {index:72;}">
            <Coords points="1996,2180 2406,2180 2406,2189 1996,2189"/>
        </SeparatorRegion>
        <SeparatorRegion id="r_70" custom="readingOrder {index:73;}">
            <Coords points="508,2189 1210,2189 1210,2196 508,2196"/>
        </SeparatorRegion>
        <SeparatorRegion id="r_71" custom="readingOrder {index:74;}">
            <Coords points="1406,2191 3330,2191 3330,2201 1406,2201"/>
        </SeparatorRegion>
        <SeparatorRegion id="r_72" custom="readingOrder {index:75;}">
            <Coords points="156,2198 3330,2198 3330,2217 156,2217"/>
        </SeparatorRegion>
        <SeparatorRegion id="r_73" custom="readingOrder {index:76;}">
            <Coords points="159,2460 3323,2460 3323,2477 159,2477"/>
        </SeparatorRegion>
        <SeparatorRegion id="r_74" custom="readingOrder {index:77;}">
            <Coords points="163,2479 3333,2479 3333,2495 163,2495"/>
        </SeparatorRegion>
        <SeparatorRegion id="r_75" custom="readingOrder {index:78;}">
            <Coords points="163,2492 3331,2492 3331,2503 163,2503"/>
        </SeparatorRegion>
        <SeparatorRegion id="r_76" custom="readingOrder {index:79;}">
            <Coords points="2008,1110 3330,1110 3330,1117 2008,1117"/>
        </SeparatorRegion>
        <SeparatorRegion id="r_77" custom="readingOrder {index:80;}">
            <Coords points="2438,1125 3330,1125 3330,1138 2438,1138"/>
        </SeparatorRegion>
        <SeparatorRegion id="r_78" custom="readingOrder {index:81;}">
            <Coords points="0,58 19,58 19,736 0,736"/>
        </SeparatorRegion>
        <SeparatorRegion id="r_79" custom="readingOrder {index:82;}">
            <Coords points="0,736 6,736 6,1088 0,1088"/>
        </SeparatorRegion>
        <SeparatorRegion id="r_80" custom="readingOrder {index:83;}">
            <Coords points="146,162 174,162 174,2176 146,2176"/>
        </SeparatorRegion>
        <SeparatorRegion id="r_81" custom="readingOrder {index:84;}">
            <Coords points="640,1237 645,1237 645,1665 640,1665"/>
        </SeparatorRegion>
        <SeparatorRegion id="r_82" custom="readingOrder {index:85;}">
            <Coords points="646,1235 651,1235 651,1665 646,1665"/>
        </SeparatorRegion>
        <SeparatorRegion id="r_83" custom="readingOrder {index:86;}">
            <Coords points="909,1234 917,1234 917,1664 909,1664"/>
        </SeparatorRegion>
        <SeparatorRegion id="r_84" custom="readingOrder {index:87;}">
            <Coords points="1057,356 1064,356 1064,1162 1057,1162"/>
        </SeparatorRegion>
        <SeparatorRegion id="r_85" custom="readingOrder {index:88;}">
            <Coords points="1059,1684 1068,1684 1068,2150 1059,2150"/>
        </SeparatorRegion>
        <SeparatorRegion id="r_86" custom="readingOrder {index:89;}">
            <Coords points="1074,1236 1082,1236 1082,1448 1074,1448"/>
        </SeparatorRegion>
        <SeparatorRegion id="r_87" custom="readingOrder {index:90;}">
            <Coords points="1075,1504 1079,1504 1079,1722 1075,1722"/>
        </SeparatorRegion>
        <SeparatorRegion id="r_88" custom="readingOrder {index:91;}">
            <Coords points="1209,2516 1227,2516 1227,5100 1209,5100"/>
        </SeparatorRegion>
        <SeparatorRegion id="r_89" custom="readingOrder {index:92;}">
            <Coords points="1238,1222 1245,1222 1245,1458 1238,1458"/>
        </SeparatorRegion>
        <SeparatorRegion id="r_90" custom="readingOrder {index:93;}">
            <Coords points="1239,1504 1243,1504 1243,1666 1239,1666"/>
        </SeparatorRegion>
        <SeparatorRegion id="r_91" custom="readingOrder {index:94;}">
            <Coords points="1403,1504 1407,1504 1407,1666 1403,1666"/>
        </SeparatorRegion>
        <SeparatorRegion id="r_92" custom="readingOrder {index:95;}">
            <Coords points="1404,1222 1409,1222 1409,1458 1404,1458"/>
        </SeparatorRegion>
        <SeparatorRegion id="r_93" custom="readingOrder {index:96;}">
            <Coords points="1567,1505 1571,1505 1571,1667 1567,1667"/>
        </SeparatorRegion>
        <SeparatorRegion id="r_94" custom="readingOrder {index:97;}">
            <Coords points="1569,1243 1575,1243 1575,1457 1569,1457"/>
        </SeparatorRegion>
        <SeparatorRegion id="r_95" custom="readingOrder {index:98;}">
            <Coords points="1731,1511 1735,1511 1735,1667 1731,1667"/>
        </SeparatorRegion>
        <SeparatorRegion id="r_96" custom="readingOrder {index:99;}">
            <Coords points="1945,201 1968,201 1968,2179 1945,2179"/>
        </SeparatorRegion>
        <SeparatorRegion id="r_97" custom="readingOrder {index:100;}">
            <Coords points="1967,173 1980,173 1980,2181 1967,2181"/>
        </SeparatorRegion>
        <SeparatorRegion id="r_98" custom="readingOrder {index:101;}">
            <Coords points="1982,1181 1994,1181 1994,2187 1982,2187"/>
        </SeparatorRegion>
        <SeparatorRegion id="r_99" custom="readingOrder {index:102;}">
            <Coords points="1981,159 2000,159 2000,1103 1981,1103"/>
        </SeparatorRegion>
        <SeparatorRegion id="r_100" custom="readingOrder {index:103;}">
            <Coords points="2279,2516 2299,2516 2299,5096 2279,5096"/>
        </SeparatorRegion>
        <SeparatorRegion id="r_101" custom="readingOrder {index:104;}">
            <Coords points="2407,1218 2420,1218 2420,2184 2407,2184"/>
        </SeparatorRegion>
        <SeparatorRegion id="r_102" custom="readingOrder {index:105;}">
            <Coords points="2424,1130 2432,1130 2432,2182 2424,2182"/>
        </SeparatorRegion>
        <SeparatorRegion id="r_103" custom="readingOrder {index:106;}">
            <Coords points="2436,1126 2449,1126 2449,1594 2436,1594"/>
        </SeparatorRegion>
        <SeparatorRegion id="r_104" custom="readingOrder {index:107;}">
            <Coords points="2446,2030 2452,2030 2452,2182 2446,2182"/>
        </SeparatorRegion>
        <SeparatorRegion id="r_105" custom="readingOrder {index:108;}">
            <Coords points="2452,1126 2465,1126 2465,1518 2452,1518"/>
        </SeparatorRegion>
        <SeparatorRegion id="r_106" custom="readingOrder {index:109;}">
            <Coords points="3302,1128 3315,1128 3315,1518 3302,1518"/>
        </SeparatorRegion>
        <SeparatorRegion id="r_107" custom="readingOrder {index:110;}">
            <Coords points="3308,178 3332,178 3332,1104 3308,1104"/>
        </SeparatorRegion>
        <SeparatorRegion id="r_108" custom="readingOrder {index:111;}">
            <Coords points="3320,2020 3328,2020 3328,2180 3320,2180"/>
        </SeparatorRegion>
        <SeparatorRegion id="r_109" custom="readingOrder {index:112;}">
            <Coords points="3320,1128 3331,1128 3331,1596 3320,1596"/>
        </SeparatorRegion>
        <SeparatorRegion id="r_110" custom="readingOrder {index:113;}">
            <Coords points="3456,2112 3488,2112 3488,5361 3456,5361"/>
        </SeparatorRegion>
        <SeparatorRegion id="r_111" custom="readingOrder {index:114;}">
            <Coords points="3477,248 3488,248 3488,2112 3477,2112"/>
        </SeparatorRegion>
        <SeparatorRegion id="r_112" custom="readingOrder {index:115;}">
            <Coords points="1473,1457 1615,1457 1615,1459 1473,1459"/>
        </SeparatorRegion>
        <SeparatorRegion id="r_113" custom="readingOrder {index:116;}">
            <Coords points="1798,2169 1826,2169 1826,2171 1798,2171"/>
        </SeparatorRegion>
        <SeparatorRegion id="r_114" custom="readingOrder {index:117;}">
            <Coords points="477,2479 581,2479 581,2481 477,2481"/>
        </SeparatorRegion>
        <SeparatorRegion id="r_115" custom="readingOrder {index:118;}">
            <Coords points="2408,1948 2410,1948 2410,2012 2408,2012"/>
        </SeparatorRegion>
        <SeparatorRegion id="r_116" custom="readingOrder {index:119;}">
            <Coords points="3487,182 3488,182 3488,242 3487,242"/>
        </SeparatorRegion>
    </Page>
</PcGts>
