3488 5349
239 134 435 178 Nr. 16830
774 134 1048 180 Wien, Samstag
1489 128 2068 171 Neue Freie Presse.
2516 130 2748 172 1. Juli 1911
3168 125 3306 168 Seite 5
196 211 1216 260 Albaneſenführer in Kraft treten, zu welchem Zwecke dem
196 256 1215 302 Vali von Skutari, dem Oberkommandierenden Torghut
196 300 1215 349 Schefket Paſcha und dem türkiſchen Geſandten in Cettinje
199 345 1216 396 weitgehende Vollmachten erteilt wurden. Ein Teil der zu
197 389 1215 443 gewährenden Konzeſſionen unterliegt allerdings dem Ein⸗
196 434 1211 485 fluſſe der Legislative, kann daher erſt in Kraft treten,
195 477 1214 526 wenn das Parlament ſeine Zuſtimmung gegeben
194 520 1214 576 haben wird. Doch wird die Pforte die Verpflichtung über⸗
196 566 1214 616 nehmen, Sorge zu tragen, daß die noch ausſtändig⸗
195 609 1216 661 bleibenden Reformen baldigſt auf den Weg der Geſetz⸗
195 657 845 715 gebung geführt und erledigt werden.
273 699 1213 750 Die türkiſche Regierung erbringt mit dieſem weit⸗
195 742 1214 797 geſteckten Programm den Beweis, daß ſie ernſtlich daran⸗
192 789 1211 839 geht, Albanien zu pazifizieren, die in der Eigenart des
195 833 1213 880 Landes begründeten Wünſche der Bevölkerung zu erfüllen
192 877 1214 924 und die Albaneſen ſomit wieder zu loyalen Gliedern des
195 920 1212 969 türkiſchen Staatsganzen zu machen. Die türkiſche Regie⸗
196 964 1215 1014 rung hat dem öſterreichiſch⸗ungariſchen Botſchafter in Kon⸗
195 1006 1215 1057 ſtantinopel, Markgrafen Pallavicini, der ſeit ſeiner
196 1049 1214 1098 Rückkehr nach der türkiſchen Hauptſtadt bereits mehrmals
196 1093 1214 1145 Gelegenheit fand, im Sinne der ihm von Wien erteilten
194 1137 1210 1189 Inſtruktionen in freundſchaftlichſter Weiſe auf die Not⸗
195 1180 1214 1232 wendigkeit eines baldigen Friedensſchluſſes in Albanien
196 1226 1215 1275 aufmerkſam zu machen, mitgeteilt, daß ſie von den neuen
196 1269 1213 1319 nach Skutari und Cettinje abgeſendeten Weiſungen an die
194 1314 1217 1362 mit den Verhandlungen betrauten türkiſchen Funktionäre
197 1355 1212 1406 eine baldige und zufriedenſtellende Erledigung der
196 1401 1215 1449 ſchwebenden Angelegenheit erhoffe, eine Mitteilung, die
196 1445 1214 1491 von öſterreichiſch⸗ungariſcher Seite mit Befriedigung zur
196 1491 702 1539 Kenntnis genommen wurde.
425 1565 1000 1615 Die Miſſion Miuſchkovic'.
453 1616 974 1653 (Telegramm der „Neuen Freien Preſſe“.)
785 1649 1189 1685 Petersburg, 30. Juni.
279 1689 1224 1737 Einflußreiche ruſſiſche Staatsmänner, darunter Finanz⸗
193 1733 1222 1787 miniſter Kokowzow, ſehen die Verhandlungen Miuſch⸗
196 1778 1223 1827 kovic ſehr ungern, fürchten, daß Rußland in ein
196 1822 1226 1869 unliebſames Abenteuer verwickelt wird, und halten es für
196 1865 1225 1915 viel beſſer, wenn Rußland im Hintergrund bliebe und
195 1909 1224 1959 nur indirekt auf die Löſung der albaneſiſchen
194 1956 530 2000 Frage hinwirkte.
277 1993 1226 2044 Nach den Informationen der „Birſchewija Wjedo⸗
197 2039 1223 2092 moſti“ iſt Miuſchkovic vom König von Montenegro
198 2082 1226 2131 mit Handſchreiben an hohe Perſönlichkeiten ver⸗
199 2124 1226 2177 ſehen worden, in denen die Einmiſchung Ruß⸗
200 2171 905 2219 lands als notwendig hingeſtellt wird.
271 2245 1151 2304 Aeußerungen des Generals Miuſchkovic.
912 2300 1187 2335 Wien, 30. Juni.
274 2342 1220 2393 Der Petersburger Vertreter des „Rußkoje Slowo“
197 2387 1220 2437 hatte mit dem General Lazar Miuſchkovic eine
198 2431 1224 2479 Unterredung, in deren Verlauf dieſer unter anderm er⸗
195 2477 318 2518 klärte :
282 2514 1218 2569 „Der Sultan und ſeine Ratgeber haben geglaubt,
197 2561 1223 2612 durch leere Verſprechungen Beruhigung bringen zu
197 2605 1223 2652 können, aber ſie irrten ſich grauſam. Die albaneſiſchen
195 2647 1224 2699 Führer wollen dieſen Verſprechungen keinen Glauben
193 2690 1225 2742 ſchenken. Eine Beilegung des albaneſiſchen Aufſtandes
197 2736 1224 2783 kann daher nur dann erfolgen, wenn die Zuſagen
198 2780 1228 2827 der Türkei durch entſprechende Akte der
196 2820 1227 2870 intereſſierten europäiſchen Mächte be⸗
195 2864 1225 2914 kräftigt würden. Im entgegengeſetzten Falle wird
198 2908 1229 2955 der Aufſtand an Ausdehnung gewinnen und unerwünſchte
197 2953 1222 2999 Verwicklungen auf der Balkanhalbinſel herbeiführen.
198 2996 1223 3043 Einen Gewinn von derartigen Verwicklungen würden bloß
196 3039 1225 3087 zwei Mächte ziehen, welche hinter den Couliſſen der
198 3084 1225 3131 Ereigniſſe ſtehen : Oeſterreich⸗Ungarn und
195 3126 1223 3175 Italien. Die intereſſierten europäiſchen Mächte müſſen
199 3170 1228 3217 daher offen für Albanien, für die Verleihung einer
199 3215 1081 3256 Autonomie an Albanien eintreten.
278 3255 1226 3304 Die Türkei hat eine Truppenmacht von 55.000 Mann
195 3300 1226 3353 zuſammengezogen, ſo daß die Situation an der Grenze
197 3344 1224 3389 mehr als geſpannt iſt. Wir ſind bemüht, die Situation
199 3386 1227 3433 nicht zu verſchärfen, aber wir fürchten für den morgigen
200 3430 1225 3478 Tag. Wird die Türkei uns überfallen, werden wir die
202 3473 1224 3519 Antwort nicht ſchuldig bleiben. Daraus kann man den
199 3515 1224 3564 Ernſt der Lage deutlich erſehen. Und wir Montenegriner
200 3561 1226 3608 ſind davon überzeugt, daß Rußland uns nicht ver⸗
198 3605 429 3655 laſſen wird.“
292 3676 1127 3732 Meldungen Schefket Torghut Paſchas.
719 3729 1194 3766 Konſtantinopel, 30. Juni.
288 3769 1225 3821 Der türkiſche Geſandte in Cettinje hat ſich bereit
203 3813 1229 3864 erklärt, eventuell ſchriftlich unterbreitete, annehmbare Deſi⸗
204 3857 1229 3911 derata der Maliſſoren der Pforte zu übermitteln, lehnte
203 3901 1230 3954 dagegen die Uebernahme gewiſſer unannehmbarer Vor⸗
205 3952 391 4003 ſchläge ab.
290 3991 1231 4035 Der Oberkommandant wurde beauftragt, eine genaue
208 4032 1229 4084 Liſte der von den Truppen zerſtörten Häuſer und
206 4076 1231 4128 Kirchen zu überſenden und inzwiſchen ſofort mit der
204 4124 1022 4170 Wiederinſtandſetzung der Kirchen zu beginnen.
288 4164 1230 4211 Der Oberkommandant teilte mit, daß die Bewohner
204 4207 1229 4258 des Kaſtrati⸗ und des Srekeligebietes
207 4249 1230 4305 größtenteils treu geblieben und nur teil⸗
204 4295 1232 4343 weiſe nach Montenegro geflüchtet ſind; ein Teil kehrt
209 4338 1230 4388 bereits zurück. Dagegen flüchteten alle Angehörigen der
209 4380 1231 4432 Stämme Hoti, Gruda, Selce und Klementi
207 4423 1232 4478 und beläſtigten, durch Montenegriner
208 4470 1231 4522 unterſtützt, neuerdings die Truppen.
207 4511 1232 4564 Ueber tauſend Angehörige der Stämme Riul, Retz,
209 4554 1230 4606 Poſtripa ſeien in der Türkei geblieben. Ueber dreitauſend
209 4601 1231 4648 Angehörige des Schala⸗ und des Schuſchli⸗Stammes
209 4644 1230 4692 verſuchten nach Montenegro zu flüchten, wovon ſie durch
210 4686 1228 4735 Umzingelung ſeitens der Truppen abgehalten wurden.
209 4731 1232 4780 Nach Einlangen dieſer Mitteilungen ſollen der Kriegs⸗
210 4772 1235 4824 miniſter ſowie der Miniſter des Innern und des Aeußern
213 4819 964 4867 einige wichtige Beſchlüſſe vereinbart haben.
289 4862 1232 4910 Aus ſicherer Quelle verlautet, daß der hieſige monte⸗
212 4904 1235 4952 negriniſche Geſchäftsträger in ſeiner geſtrigen Unterredung
212 4949 1232 4997 mit dem Miniſter des Aeußern die Frage der Unter⸗
213 4991 1231 5042 werfung der Maliſſoren nicht beſprach, indem er erklärte,
206 5034 1235 5083 daß Montenegro infolge der direkten Unterhandlungen
210 5078 1236 5126 des türkiſchen Geſandten mit den Flüchtlingen daran nicht
212 5125 564 5172 mehr intereſſiert ſei.
1334 208 2273 257 „Sia“ dementiert die Gerüchte über Meinungs⸗
1251 252 1834 298 verſchiedenheiten im Miniſterrate.
1333 297 2270 344 Der konſervative „Schehrah“ verzeichnet das Gerücht,
1250 339 2092 388 daß der Kriegsminiſter Großvezier werden ſoll.
1382 433 2147 498 Bulgariſche Nationalverſammlung.
1501 501 2022 534 (Telegramm der „Neuen Freien Preſſe“.)
1883 535 2239 570 Tirnowa, 30. Juni.
1336 575 2277 620 Der Entwurf der Verfaſſungsänderung
1251 619 2275 663 wurde in erſter Leſung angenommen und einer aus
1252 662 2273 710 33 Mitgliedern beſtehenden parlamentariſchen Kom⸗
1249 705 2274 752 miſſion zur Prüfung und eventuellen Aenderung
1249 750 1441 797 überwieſen.
1251 825 2277 892 Der Kampf um die Wehrvorlagen in Ungarn.
1504 903 2025 935 (Telegramm der „Neuen Freien Preſſe“.)
1888 944 2238 979 Budapeſt, 30. Juni.
1334 985 2268 1030 Der parlamentariſche Kampf um die Wehrvorlagen
1255 1029 2268 1073 hat mit dem heutigen Tage in aller Form begonnen. Noch
1256 1071 2270 1119 befinden ſich allerdings die Berichte der Ausſchüſſe über
1255 1115 2269 1160 die Wehrvorlagen nicht vor dem Abgeordnetenhauſe und
1257 1160 2267 1206 es wird vermutlich noch längere Zeit verſtreichen, bis die
1256 1203 2271 1250 Verhandlungen über dieſe Vorlagen ſelbſt beginnen
1254 1247 2271 1291 werden. Aber die Appropriationsdebatte ſteht
1254 1288 2268 1339 bereits ganz im Zeichen der militäriſchen
1257 1334 2273 1382 Fragen und wird ſich inhaltlich nicht von der Wehr⸗
1255 1379 1722 1425 reformdebatte unterſcheiden.
1334 1421 2269 1467 Die Gepflogenheit in der Verhandlung über das
1255 1465 2272 1512 Budgetgeſetz, die ganze Regierungspolitik einer Kritik zu
1259 1509 2276 1557 unterziehen, bietet der Oppoſition die willkommene Hand⸗
1257 1552 2268 1602 habe, die militäriſchen Fragen aufs Tapet zu bringen.
1257 1596 2270 1644 Auch der taktiſche Zweck, den ſie verfolgt, hängt mit den
1257 1640 2271 1686 Wehrvorlagen zuſammen, denn es ſoll dadurch erreicht
1256 1685 2269 1733 werden, daß die Wehrreformdebatte ſo ſpät als möglich
1258 1728 1395 1774 beginne.
1336 1771 2274 1820 Nach den Reden, welche heute die Abgeordneten
1258 1814 2276 1862 Zoltan Deſy und Ludwig Hollo gehalten haben,
1259 1857 2278 1906 muß man ſich auf ſcharfe Kämpfe gefaßt machen. Aus
1256 1900 2278 1949 den Worten der beiden Redner klang unverhüllt
1256 1944 2280 1993 die Obſtruktionsdrohung heraus. Der Abge⸗
1258 1986 2278 2037 ordnete Deſy war der deutlichere. Er ſprach es offen
1257 2030 2277 2079 aus, daß die Koſſuth⸗Partei die Annahm der Wehr⸗
1262 2074 2282 2123 vorlagen mit allen geſetzlichen parlamentariſchen Mitteln
1257 2116 2276 2163 verhindern und die extremſten Waffen anwenden werde.
1259 2160 2280 2206 Hollo begnügte ſich, zu konſtatieren, daß ſich die Juſth⸗
1259 2201 2278 2249 Partei zum hartnäckigſten Widerſtand rüſte und ihre Kräfte
1256 2246 2282 2296 zum ſchärfſten Kampf organiſiere. Wenn dieſe Aeußerungen
1257 2292 2282 2338 die wirklichen Abſichten der Oppoſition kennzeichnen, ſo
1257 2332 2281 2382 ergibt ſich daraus unleugbar eine ernſte Situation, denn
1259 2377 2281 2424 alle großen Obſtruktionen ſind in ähnlicher Weiſe ange⸗
1258 2419 2280 2468 kündigt worden. Es unterliegt auch keinem Zweifel, daß
1258 2462 2281 2513 die heutige Geſchäftsordnung die Möglichkeit bietet, eine
1259 2504 2013 2555 ſolche Obſtruktion erfolgreich durchzuführen.
1343 2548 2279 2597 Daran ändert auch der Umſtand nichts, daß die
1261 2593 2276 2641 beiden oppoſitionellen Wortführer eigentlich nur in der
1260 2635 2280 2684 Negation übereinſtimmen, daß die Annahme der Wehr⸗
1261 2679 2282 2728 vorlagen verhindert werden müſſe. Sonſt ſchlagen ſie
1262 2724 2279 2770 weſentlich verſchiedene Richtungen ein. Deſy verlangte
1264 2764 2280 2813 eine Umänderung der Wehrvorlagen unter Berück⸗
1261 2810 2278 2858 ſichtigung der nationalen Forderungen, Hollo aber
1263 2854 2279 2899 forderte, daß der Wahlreform die Priorität vor der
1262 2896 2280 2943 Wehrreform eingeräumt werde. Darin kommt der große
1261 2940 2281 2983 Unterſchied zwiſchen den politiſchen Zielen der beiden
1263 2983 2279 3028 Parteien klar zum Ausdrucke und es ergibt ſich die
1263 3027 2278 3070 Lage, daß eine jede der beiden Parteien in der Gefahr
1260 3070 2279 3116 ſchwebt, durch eine Obſtruktion ihrer Rivalin die Kaſtanien
1263 3114 2277 3160 aus dem Feuer zu holen. Aber die Uebereinſtimmung in
1261 3156 2277 3203 der entſchiedenen Ablehnung der Wehrvorlagen ſchafft doch
1264 3200 2277 3246 eine gewiſſe Verbindung zwiſchen ihnen, die von ſelbſt
1261 3243 2050 3291 zu einer taktiſchen Kooperation führen kann.
1339 3286 2278 3330 Man will es in Kreiſen der Regierungspartei jedoch
1260 3328 2278 3376 vorläufig nicht als vollkommen ſicher betrachten, daß es
1260 3372 2278 3417 wirklich zu einer ernſten Obſtruktion kommen wird. Die
1261 3416 2277 3461 Neigung dazu iſt in der Oppoſition allerdings vorhanden,
1262 3457 2281 3506 aber es iſt fraglich, ob ſie ſich durchſetzen wird. Es iſt
1261 3504 2280 3550 zweifellos, daß es in der Unabhängigkeitspartei auch
1261 3547 2280 3594 Gegner der Obſtruktion gibt und daß mancher insgeheim
1262 3591 2282 3638 den Wunſch hegt, daß die militäriſchen Fragen in irgend⸗
1264 3634 2284 3682 einer Weiſe endgiltig erledigt werden. Eine Kampfes⸗
1264 3679 2280 3725 ſtimmung, wie ſie in früheren Zeiten beſtanden hat, als
1264 3722 2284 3770 die militäriſchen Fragen aufs Tapet gelangten, iſt aber
1263 3765 2283 3814 heute nirgends zu verſpüren. Selbſt im Abgeordnetenhauſe
1264 3810 2281 3856 macht die Unabhängigkeitspartei den Eindruck, als ob ſie
1265 3852 2287 3901 nur widerwillig, gleichſam um einer Pflicht zu genügen;
1263 3897 2281 3943 ſich in den Kampf einlaſſen würde. Noch mehr gilt dies
1264 3940 2283 3986 von der großen öffentlichen Meinung. Man iſt des un⸗
1264 3982 2282 4032 fruchtbaren nationalen Streites im Lande ſo ſehr müde,
1268 4026 2289 4076 daß die Beſtrebungen der Oppoſition nirgends eine
1270 4072 2287 4119 Reſonanz finden. Es iſt übrigens charakteriſtiſch, daß
1266 4116 2284 4164 bei den zahlreichen Nachwahlen in den letzten Wochen
1264 4159 2284 4209 ſelbſt in den Bezirken, welche früher durch Mitglieder der
1266 4202 2285 4249 Oppoſition vertreten waren, diesmal kein oppoſitioneller
1267 4247 2287 4294 Kandidat den Kampf aufzunehmen wagte und daß alle
1266 4289 2284 4340 dieſe Bezirke der Regierungspartei ohne Kampf zugefallen
1266 4333 2286 4383 ſind, ſo daß dieſe nicht einmal in die Lage kam, ihre
1265 4375 2287 4427 Kräfte mit der Unabhängigkeitspartei zu meſſen. Auch die
1268 4420 2282 4469 Komitate und Städte wollen ſich diesmal nicht rühren,
1266 4462 2287 4514 und es ſind nur in zwei Städten mit geringer Mehrheit
1267 4507 2227 4557 Kundgebungen gegen die Vorlagen beſchloſſen worden.
1350 4553 2287 4597 Die Aufmerkſamkeit hat ſich ganz anderen Fragen zu⸗
1268 4595 2288 4644 gewendet; von einer Erneuerung des nationalen Streites
1269 4639 2286 4685 verſpricht man ſich nirgends etwas. Wird es der Oppo⸗
1269 4681 2285 4734 ſition gelingen, dieſe Gleichgiltigkeit zu brechen und das
1274 4725 2286 4774 Land mit ſich zu reißen? Wenn aber die parlamen⸗
1270 4768 2287 4818 tariſchen Beſtrebungen der Oppoſition im Lande keinen
1270 4811 2286 4861 Widerhall finden, dann läßt ſich eine Obſtruktion nicht
1272 4856 2288 4905 lange fortſetzen. Die Anwendung parlamentariſcher Ge⸗
1269 4900 2286 4947 waltmittel wird nur dann verziehen, wenn ſie einer popu⸗
1270 4942 2288 4992 lären Sache dient. Sobald die Mitglieder der Oppoſition
1273 4983 2294 5033 merken werden, daß ſie ſich durch eine Hemmung der
1271 5029 2288 5080 parlamentariſchen Arbeiten mehr Feinde als Freunde
1276 5072 2296 5123 machen, dürften ſie die Luſt verlieren, die Dinge allzu weit
1269 5116 2291 5171 zu treiben. Man gibt ſich alſo in der Regierungspartei der
2317 207 3334 253 Hoffnung hin, daß das Ruhebedürfnis des Landes eine
2318 253 3336 299 ernſte Obſtruktion nicht aufkommen laſſen wird. Der Ver⸗
2315 297 3333 343 ſuch einer Obſtruktion wird aber jedenfalls unternommen
2317 338 3336 384 werden, und ſchon heute hört man, daß die Appropria⸗
2316 382 3332 428 tionsdebatte drei bis vier Wochen hingeſchleppt werden
2316 426 3339 475 und über die Wehrvorlagen ebenſoviele Monate debattiert
2315 473 2544 512 werden wird.
2390 514 3336 561 Die Diskuſſion in politiſchen Kreiſen beſchäftigt ſich
2314 558 3340 607 im Zuſammenhange mit dem Kampf der Oppoſition leb⸗
2318 601 3345 648 haft mit einer vielbemerkten Aeußerung, welche Finanz⸗
2318 644 3341 690 miniſter v. Lukacs vor einigen Tagen im Finanz⸗
2317 688 3343 735 ausſchuß gemacht hat. Herr v. Lukacs hat darauf hin⸗
2316 731 3339 779 gewieſen, daß nach der Erledigung der Wehrvorlagen alle
2317 775 3338 821 aktuellen ſtaatsrechtlichen Fragen eliminiert ſein werden,
2319 817 3342 864 worauf ſich das Verhältnis der Parteien zueinander auf
2317 860 3341 909 einer geſünderen Grundlage entwickeln könne. Es gibt
2320 904 3344 950 nun gerade in der Oppoſition viele, welche eine ſolche
2317 948 3342 995 Umgeſtaltung der Verhältniſſe für dringend notwendig
2315 992 3341 1038 halten. An eine parlamentariſche Wechſelwirtſchaft kann
2315 1032 3341 1082 nur dann gedacht werden, wenn die Möglichkeit, von
2319 1077 3341 1125 welcher der Finanzminiſter ſprach, zur Wirklichkeit wird.
2318 1120 3342 1166 Es wäre falſch, anzunehmen, daß Herr v. Lukacs eine
2318 1163 3341 1213 neue Parteigeſtaltung unter Sprengung des gegenwärtigen
2316 1206 3345 1256 Parteirahmens im Auge hatte. Der Sinn ſeiner Worte
2317 1248 3352 1299 kann nur der geweſen ſein, daß nach Beſeitigung der
2315 1290 3349 1344 ſtaatsrechtlichen Reibungsflächen naturgemäß andere
2321 1336 3344 1384 Fragen in den Vordergrund treten und das Verhältnis
2317 1379 3346 1427 der Parteien zueinander beeinfluſſen werden. Eine
2319 1420 3346 1472 Obſtruktion gegen die Wehrvorlagen aber würde dieſen
2319 1465 3346 1516 Prozeß verhindern und eine Zuſpitzung der ſtaatsrecht⸗
2320 1507 3346 1559 lichen Gegenſätze nur wieder dazu führen, daß ſich die
2321 1551 3345 1601 Parteien im ungariſchen Parlament in regierungsfähige
2320 1594 3344 1642 und regierungsunfähige ſcheiden. Daran kann aber die
2323 1638 3004 1685 Oppoſition ſicher kein Intereſſe haben.
2364 1691 3305 1740 Die Ausſchußberatungen der Wehrvorlagen.
2396 1744 3342 1792 Die Ausſchußberatungen über die Wehrvorlagen
2319 1786 3347 1837 werden am Dienstag fortgeſetzt werden, und zwar wird
2322 1830 3346 1877 als nächſter Gegenſtand der Geſetzentwurf über die
2320 1871 3347 1924 Organiſation der Honveds zur Verhandlung
2324 1918 2474 1957 kommen.
2321 1990 3348 2058 Verwaltungsgerichtshof-Präſident Dr. Wlaſſics
2496 2054 3179 2119 über die Memoiren Pleners.
2572 2121 3087 2158 (Telegramm der „Neuen Freien Preſſe“.)
2962 2161 3310 2198 Budapeſt, 30. Juni.
2399 2194 3349 2250 Der Präſident des ungariſchen Verwaltungsgerichts⸗
2322 2242 3350 2293 hofes und ehemalige Kultus⸗ und Unterrichtsminiſter
2321 2288 3349 2335 Dr. Julius Wlaſſics veröffentlicht im Juliheft der
2326 2329 3351 2376 „Budapeſti Szemle“ eine Studie über die
2322 2372 3348 2422 Memoiren des Dr. Ernſt Freiherrn v. Plener. Doktor
2322 2415 3345 2467 Wlaſſics führt aus, er ſei immer der Anſicht geweſen und
2324 2458 3350 2510 ſei es auch heute noch, daß Plener ein aufrichtiger An⸗
2327 2501 3351 2551 hänger des Dualismus ſei. Die in ſeinen Memoiren ent⸗
2321 2545 3352 2594 haltene Bemerkung, in welcher er bedauert, daß in den
2321 2587 3348 2639 Fünfzigerjahren die von der damaligen altkonſervativen
2323 2634 3349 2683 Partei angebotene partielle Verfaſſung nicht bewilligt
2322 2676 3348 2730 worden ſei, da man dadurch die Einheit der Monarchie
2323 2720 3347 2770 erhalten hätte, laſſe jedoch die Folgerung zu, als ob
2323 2763 3352 2812 Plener die Einführung des paritätiſchen Dualismus be⸗
2325 2805 3352 2857 dauern würde. In dieſer Bemerkung ſei der Geiſt der
2324 2845 3352 2899 öſterreichiſchen zentraliſtiſchen Auffaſſung zu erkennen.
2324 2894 3344 2943 Dr. Wlaſſics will Plener nicht zu denjenigen zählen,
2325 2937 3349 2984 deren Ideal auch heute noch die Einheit des Kaiſertums
2324 2980 3347 3029 Oeſterreich iſt, bemerkt jedoch, daß dieſe Anſchauung in
2322 3024 3350 3076 der allerjüngſten Zeit in Oeſterreich häufig geäußert
2322 3067 3349 3119 werde. Hervorragende öſterreichiſche Staatsrechtslehrer,
2326 3110 3351 3161 neueſtens insbeſondere Profeſſor Tetzner, halten in der
2323 3153 3352 3203 öſterreichiſchen öffentlichen Meinung den Gedanken der
2320 3195 3352 3245 Reichseinheit wach. Deshalb dürfte ſich Plener nicht
2324 3240 3349 3290 wundern, wenn ſeine Aeußerung, die er wahrſcheinlich in
2324 3284 3347 3334 der beſten Abſicht gemacht hat, in Ungarn mit Empfind⸗
2322 3328 2931 3372 lichkeit auſgenommen werden wird.
2405 3368 3351 3417 Die Auffaſſung, daß der Ausgleich mit Ungarn in
2325 3413 3354 3462 den Fünfzigerjahren billiger geweſen wäre als ſpäter, ſei
2328 3455 3356 3506 übrigens irrig. Es beruhe auf einer Verkennung der
2328 3501 3358 3548 öffentlichen Verhältniſſe Ungarns, wenn man glaube, daß
2326 3545 3351 3591 die Nation von dem von Deak vertretenen Standpunkte
2333 3589 3356 3636 abgewichen und ſich mit dem Fragment einer Verfaſſung
2330 3633 3357 3680 begnügt hätte. Die Bereitwilligkeit zur Annahme der Vor⸗
2330 3675 3360 3724 ſchläge der Altkonſervativen hätte bei Deak keinen Wider⸗
2332 3719 3358 3765 hall gefunden, und ohne Deak war mit der Nation kein
2330 3759 3362 3812 Frieden zu ſchließen. Wenn Eötvös in einer längſt
2330 3806 3358 3851 vergeſſenen Broſchüre damals die Wiederherſtellung der
2332 3849 3357 3896 ungariſchen Verfaſſung mit der Errichtung eines Zentral⸗
2331 3893 3354 3942 parlaments vereinbaren zu können glaubte, ſo laſſe ſich
2334 3938 3355 3983 ſeine Anſicht durch die damals verzweifelte internationale
2331 3979 3355 4028 Lage wohl entſchuldigen, ſie war jedoch zweifellos ein
2329 4024 2764 4074 ſtaatsmänniſcher Irrtum.
2412 4067 3355 4115 Dr. Wlaſſics bemerkt ſodann, daß man dem
2334 4112 3358 4162 zweiten Bande der Memoiren Pleners mit großem
2336 4155 3358 4205 Intereſſe entgegenſehen müſſe. Er habe in der neueſten
2336 4199 3358 4246 Epoche der öſterreichiſchen politiſchen Geſchichte eine große
2345 4241 3358 4293 Rolle geſpielt, und es werde nun den Prüfſtein für ſeine
2336 4285 3357 4336 Objektivität bilden, wie er jenes traurige Kapitel ſchreiben
2339 4327 3359 4376 wird, das den Sturz der deutſchen politiſchen Hegemonie
2337 4373 3361 4422 in den öſterreichiſchen Erbländern enthält. Er wird gewiß
2337 4415 3360 4463 nicht vergeſſen, daß den ungariſchen Vorkämpfern des Sieben⸗
2339 4458 3362 4506 undſechziger Dualismus zweifellos der Gedanke der
2338 4500 3358 4552 deutſchen Hegemonie in Oeſterreich und der magyariſchen
2337 4543 3359 4596 in Ungarn vorſchwebte. Die Ungarn geben offen zu, daß
2339 4588 3358 4638 ihre natürlichen Freunde in Oeſterreich
2336 4632 3359 4681 die Deutſchen ſeien, ſie müſſen jedoch auch konſta⸗
2339 4675 3359 4724 tieren, daß ſich die meiſten bis heute noch nicht loyal
2341 4718 3359 4766 auf den Standpunkt des Siebenundſechziger paritätiſchen
2342 4760 3361 4812 Ausgleiches ſtellen wollen oder können. Vielleicht erhält
2340 4806 3360 4855 man im zweiten Bande der Memoiren auch darauf eine
2336 4848 3358 4897 Antwort, ob an der Verkümmerung der deutſchen Hege⸗
2338 4891 3360 4941 monie in Oeſterreich nicht auch der Umſtand einen Anteil
2338 4935 3360 4986 hatte, daß ſelbſt die bedeutendſten Staatsmänner unter
2339 4979 3363 5026 den öſterreichiſchen Politikern die Verſtändigung mit
2340 5022 3361 5075 Ungarn als eine quantité négligeable betrachteten und
2339 5066 3365 5116 nicht beſtrebt waren, die Konſequenzen des paritätiſchen
2341 5109 3362 5162 Dualismus in Oeſterreich aufrichtig zur Anerkennung zu
