3488 5356
211 136 420 182 Nr. 16830
771 133 1052 179 Wien, Samstag
1486 135 2072 178 Neue Freie Presse.
2482 133 2720 179 1. Juli 1911
3139 131 3306 178 Seite 15
253 215 1209 259 [Studie über die Bank von England.] Die
171 255 1209 298 Monographie des Hofrates Profeſſor Dr. Eugen v. Phi⸗
176 295 1204 337 lippovich : „Die Bank von England im Dienſte der
176 333 1203 380 Finanzverwaltung des Staates“ liegt in zweiter, revidierter
180 372 1203 417 Auflage vor. Die erſte Auflage war im Jahre 1884 erſchienen.
179 411 1203 455 Seither ſind mannigfache Veränderungen eingetreten, welche
180 450 1208 496 eine neue Auflage notwendig machen. Dieſe neue Auflage iſt
175 492 1208 533 von Dr. Felix Somary beſorgt, welcher ſich die not⸗
177 530 1206 574 wendigen Informationen an Ort und Stelle verſchaffte und
175 569 1215 611 hiebei durch das Entgegenkommen des Hauptkaſſiers der Bank
177 606 1213 650 von England I. G. Nairne unterſtützt wurde. Ein Schluß⸗
180 647 1207 688 kapitel beſpricht die volkswirtſchaftliche Bedeutung der Kon⸗
174 687 1111 730 zentration der Staatsgelder in der Bank von England.
251 735 1205 780 [Staatseiſenbahnrat.] Zwei Kommiſſionen des
176 777 1207 819 Staatseiſenbahnrates; die Abteilung für allgemeine Ange⸗
174 817 1203 859 legenheiten und die Abteilung für Angelegenheiten des Per⸗
173 857 1214 896 ſonenverkehres, haben heute im niederöſterreichiſchen Land⸗
176 893 1205 934 hauſe beraten. In fortgeſetzter Beratung der erſten Kom⸗
177 931 1206 973 miſſion, über deren Verlauf bereits im Abendblatte berichtet
176 970 1203 1013 wurde, ſtellten verſchiedene Mitglieder einen Antrag, be⸗
174 1010 1207 1053 treffend ſchleunige Errichtung einer Staatsbahndirektion in
179 1049 1205 1091 Czernowitz. Regierungsvertreter Hofrat Dr. Hnidey be⸗
177 1086 1209 1129 merkte, daß angeſichts der Tätigkeit des Subkomitees für die
171 1125 1203 1168 Reform der Staatseiſenbahnverwaltung ihm eine derartige
178 1166 1215 1207 abgeſonderte Behandlung nicht am Platze erſcheine. Bei der
175 1206 1212 1244 Abſtimmung wurde ein Antrag auf Vertagung der Beſchluß⸗
176 1244 1210 1286 faſſung angenommen. Ueber die im ſachlichen Zuſammen⸗
176 1281 1215 1322 hange ſtehenden Anträge der Mitglieder Günther, Graf
176 1320 1203 1362 Lariſch und Dr. v. Oberleithner, betreſſend raſche
174 1361 1210 1400 Vorſorge für die Erledigung der bei den Staatsbahn⸗
172 1398 1204 1441 direktionen einlangenden Zuſchriften und insbeſondere für die
177 1438 1210 1478 ſchnelle Ablieferung von Nachnahmebeträgen, entwickelte ſich
176 1478 1208 1516 eine lebhafte Debatte. Regierungsvertreter Hofrat Hnidey ver⸗
176 1517 1207 1558 wies darauf, daß das Eiſenbahnminiſterium ſchon ſeit längerer
177 1555 1208 1593 Zeit unausgeſetzt beſtrebt ſei, den Geſchäftsgang der Dienſt⸗
178 1593 1206 1633 ſtellen der Staatseiſenbahnverwaltung möglichſt zu vereinfachen
176 1633 1204 1673 und zu beſchleunigen. Dr. v. Smal⸗Stocki beantragte,
181 1672 1207 1712 die Aktivierung der Direktionseiſenbahnräte unabhängig von
177 1709 1205 1750 der Reorganiſation der Staatsbahnen durchzuführen. Der
174 1748 1203 1790 Regierungsvertreter erklärte indeſſen, daß dieſe Frage mit der
175 1789 1209 1828 Reform der Staatseiſenbahnverwaltung im innigen Zuſammen⸗
176 1826 1204 1866 hänge ſtehe und eine einſeitige Regelung derſelben unliebſame
175 1866 1203 1907 Weiterungen zur Folge habe müſſe. Der Antrag wurde abge⸗
176 1904 1204 1946 lehnt. Mitglied Janotta beantragte die baldmöglichſte
177 1943 1202 1987 Herſtellung eines zweiten Geleiſes für die Strecke Jablunkau⸗
177 1982 1206 2025 Oderberg der Oderberger Eiſenbahn oder mindeſtens eine
176 2019 1206 2064 entſprechende Erweiterung und Ausgeſtaltung der Geleiſe
176 2058 1202 2103 und Magazinsanlagen in einigen Stationen dieſer Strecke.
181 2101 1208 2141 Hiezu erklärt der Regierungsvertreter Miniſterialrat Reſſig,
181 2142 1213 2182 daß die Legung des Doppelgeleiſes nur bezüglich der Strecke
181 2179 1204 2221 Jablunkau⸗Teſchen vereinbart, bezüglich der Strecke Teſchen⸗
177 2218 1210 2259 Oderberg aber lediglich deren Ausgeſtaltung für den Verkehr
178 2258 1208 2299 von 84 Zügen per Tag in Ausſicht genommen worden ſei.
180 2296 1206 2337 Daß die vereinbarten Herſtellungen bis nun nicht haben durch⸗
178 2336 1204 2377 geführt werden können, habe — wie auch im Antrage erwähnt
177 2372 1203 2414 ſei — ſeinen Grund in dem Konnex dieſer Frage mit den
176 2413 1212 2455 von der ungariſchen Regierung übernommenen Verpflichtungen
180 2451 1201 2493 in Betreff des Baues der kroatiſch⸗dalmatiniſchen Bahnver⸗
181 2490 1203 2532 bindung. Uebrigens müſſe auch betont werden, daß nach dem
175 2528 1203 2571 Ergebniſſe der von der Generalinſpektion der öſterreichiſchen
179 2568 1205 2610 Eiſenbahnen gepflogenen Erhebungen die Legung eines zweiten
177 2607 1205 2649 Geleiſes keine unbedingte Vorausſetzung für die anſtandsloſe
180 2645 1203 2688 Bewältigung der gegenwärtigen Verkehrsbedürfniſſe der
177 2684 1206 2726 Kaſchau⸗Oderberger Bahn bilde. Mitglied Simic Ritter von
180 2723 1203 2765 Hohenblum brachte die Verſtaatlichung der Eiſenbahn
176 2762 1205 2804 Wien⸗Aſpang und der Schneebergbahn zur Sprache. Regierungs⸗
178 2801 1210 2841 vretreter Miniſterialrat Reſſig erklärte, daß an die konzeſſions⸗
180 2840 1200 2881 mäßige Einlöſung der Eiſenbahn Wien⸗Aſpang gegenwärtig
180 2879 1203 2921 nicht geſchritten werden könne, da die Einlöſungsmodalität
180 2919 1206 2959 für die Staatsverwaltung unvorteilhaft wäre. Hingegen ſei
180 2956 1204 2997 die Regierung grundſätzlich nicht abgeneigt, der Frage der Er⸗
180 2996 1204 3036 werbung dieſes Bahnunternehmens im Wege eines freihändi⸗
180 3034 1204 3074 gen Uebereinkommens näher zu treten. In einem ſolchen Zu⸗
181 3073 1203 3112 ſammenhange könne ſodann auch die allfällige frei⸗
178 3113 1205 3152 händige Erwerbung der Schneebergbahn in
181 3152 1203 3193 den Kreis der Erörterungen gezogen werden. Es gelangte
180 3191 1205 3231 ſchließlich noch eine Reihe von Anträgen, die die Ausgeſtal⸗
179 3229 1202 3270 tung des Bahnnetzes der Staatsbahnen betraſen, darunter auch
176 3267 1202 3308 ein Antrag des Grafen Szeptycki, betreffend Einlöſung
182 3306 1203 3347 der im Staatsbetriebe ſtehenden Eiſenbahn Lemberg⸗
181 3345 1203 3386 Belzec, zur Annahme. Hierauf wurde die Be⸗
181 3383 1203 3426 ratung geſchloſſen. Am Nachmittage tagte unter dem
178 3423 1203 3465 Vorſitze des Obmannes Riedl v. Rieden⸗
181 3460 1199 3504 ſtein der Ausſchuß des Staatseiſenbahnrates
175 3499 1199 3540 betreffend die Angelegenheiten des Perſonenverkehres. Vor
178 3537 1200 3579 Eingehen in die Tagesordnung gedachte der Vorſitzende mit
178 3577 1200 3620 warmen Worten des Hinſcheidens des Mitgliedes Dr. Theodor
175 3616 1201 3659 Chriſtomanos. Bei Beſprechung der Mitteilungen des
176 3656 1199 3697 Eiſenbahnminiſteriums machte Sektionschef Dr. Freiherr von
177 3696 1202 3739 Rummler Mitteilungen über die Ergebniſſe der Berner
175 3735 1199 3777 Verhandlungen, betreffend die Ausarbeitung eines Entwurfes
178 3775 1204 3814 eines internationalen Uebereinkommens über den Perſonen⸗
179 3814 1201 3854 und Gepäcksverkehr. Die Verhandlungen ſeien mit großem Er⸗
177 3852 1200 3892 folge der öſterreichiſchen Vertreter abgeſchloſſen worden. Hierauf
179 3892 1200 3931 gelangte zunächſt ein Antrag des Mitgliedes Freiherrn von
178 3931 1199 3972 Brunicki zur Verhandlung, der die Erſichtlichmachung des
176 3971 1198 4012 Preiſes der auf den Bahnhöfen feilgebotenen Bücher und
176 4010 1199 4051 Zeitungen verlangt. Hiebei erklärte der Regierungsvertreter,
176 4049 1200 4090 daß dem dadurch entſprochen werde, daß durch Stempel⸗
178 4090 1204 4133 aufdrücke der Preis der Bücher und Zeitungen erſichtlich ge⸗
177 4127 1202 4171 macht werden müſſe. Zu dem Antrage der Mitglieder Kofler
177 4167 1202 4212 und Freiherr v. Merſi, das Eiſenbahmniniſterium möge
176 4205 1199 4250 bei den intereſſierten Eiſenbahnverwaltungen dahin wirken,
176 4245 1202 4288 daß fünfzehn⸗ bis dreißigtägige Sommerabonnementskarten
179 4285 1199 4326 für die Nord⸗ und Südtiroler Bahnſtrecken eingeführt werden,
179 4323 1204 4365 verwies Regierungsvertreter Miniſterialrat v. Donheimer auf
177 4365 1204 4407 die ablehnende Haltung der Südbahn gegenüber dieſem Projekt.
178 4402 1206 4443 Auch die Staatseiſenbahnverwaltung müſſe mit Hinweis auf
184 4440 1210 4481 die tarifariſchen Schwierigkeiten, denen die Preisbildung dieſer
182 4477 1204 4521 Abonnements begegnen würde, dem Standpunkte der Süd⸗
179 4517 1203 4563 bahngeſellſchaft beipflichten. Oberbaurat Günther ſtellte den
178 4555 1205 4601 Antrag, die Staatsbahnverwaltung möge den von der Station
178 4595 1205 4637 Angertal führenden Weg zur ſogenannten Angerſchlucht bei
180 4634 1203 4681 Bad Gaſtein wiederherſtellen und dahin wirken, daß dieſer
182 4673 1201 4719 Weg von der Verwaltung des Marktes Gaſtein erhalten werde.
180 4712 1202 4758 Sowohl der Vertreter des Eiſenbahnminiſteriums als auch der
181 4752 1207 4798 Vertreter des Arbeitsminiſteriums ſprachen ſich für den Antrag
182 4792 1208 4839 aus, der auch angenommen wurde. Mitglied Mayer ſtellte
182 4830 1203 4875 den Antrag, auf den Strecken der Nordbahnlinie die vierte
180 4869 1205 4912 Wagenklaſſe einzuführen. Regierungsvertreter Dr. v. Don⸗
182 4907 1202 4954 heimer bemerkte, daß mit Rückſicht auf die Einheitlichkeit des
181 4945 1206 4994 Betriebes auf dem Geſamtnetze der öſterreichiſchen Eiſenbahnen
179 4985 1201 5034 von der Einführung der vierten Wagenklaſſe gegenwärtig noch
179 5023 1204 5074 Abſtand genommen werden müſſe. Das Eiſenbahnminiſterium
181 5064 1204 5114 werde aber nicht verfehlen, dieſe Frage noch einer genauen
181 5100 1208 5154 Prüfung zu unterziehen. Hierauf wurde in die Beratung der
1251 214 2275 258 Fahrplanangelegenheiten eingegangen, wobei eine Reihe von
1253 254 2275 298 Anträgen zur Ausgeſtaltung des Fremdenverkehres in Tirol
1251 293 2273 337 in Beratung gezogen werde. Das Eiſenbahnminiſterium ver⸗
1252 334 2274 375 ſprach, alle Anregungen einem genauen Studium zu unter⸗
1247 374 1368 414 ziehen.
1331 417 2275 459 [Geheimer Rat Exner über Maſſengüter⸗
1255 458 2275 500 bahn und Donau⸗Oder⸗Kanal.] In der heutigen
1255 497 2273 538 Sitzung des Staatseiſenbahnrates gelangte, wie bereits im
1257 536 2274 578 Abendblatte mitgeteilt wurde, ein Antrag des Herrenhaus⸗
1254 576 2274 617 mitgliedes Dr. Wilhelm Exner zur Verhandlung, durch
1253 616 2273 658 welchen das Eiſenbahnminiſterium erſucht wird, die Studien
1254 655 2272 697 über die Einrichtung einer Maſſengüterbahn Wien⸗Krakau als
1255 695 2272 736 Erſatz für den projektierten ſogenannten Donau⸗Oder⸗Kanal
1250 736 2273 776 zu veröffentlichen. Dabei wird bemerkt, daß es überhaupt er⸗
1250 775 2272 815 wünſcht wäre, Arbeiten techniſchen oder wirtſchaftlichen
1249 813 2271 854 Charakters, deren Veröffentlichung nicht dem Intereſſe des
1253 852 2272 894 Dienſtes widerſprechen, im Wege der einſchlägigen Publiziſtik
1252 892 2272 932 zur allgemeinen Kenntnis zu bringen. Der unmittelbare An⸗
1253 932 2272 971 laß zu dieſem Antrage war der, daß der Geheime Baurat
1250 970 2273 1010 Profeſſor Cauer, der gemeinſchaftlich mit Doktor
1255 1009 2273 1050 W. Rathenau an der Spitze der Bewegung für die
1255 1050 2274 1090 Maſſengüterbahnen, richtiger Schleppbahnen, als Erſatz der
1253 1089 2271 1130 Kanäle ſteht, ſich an Geheimen Rat Exner wendete, um
1254 1129 2273 1169 die bei der Nordbahn ausgearbeiteten Studien, betreffend den
1252 1168 2270 1210 Vergleich einer Maſſengüterbahn Wien⸗Krakau oder eines
1252 1207 2273 1249 dritten und vierten Geleiſes der Nordbahn als Erſatz für den
1255 1246 2271 1287 ſeit längerer Zeit in Diskuſſion ſtehenden Donau⸗Oder⸗Kanal,
1252 1285 2272 1327 zu erlangen. Auf dieſe Studien, deren authentiſcher Charakter
1254 1326 2277 1366 von größter Wichtigkeit iſt, berief ſich der ſeither verſtorbene
1253 1365 2272 1406 Zivilingenieur Baudirektor Rudolf Ritter v. Guneſch. Sie
1253 1404 2271 1446 waren aber nur dieſem zugänglich, während alle für dieſe
1253 1442 2271 1484 Angelegenheit intereſſierten Kreiſe wohl mit Recht fordern
1253 1481 2272 1522 können, daß die Ergebniſſe dieſer Studien allgemein zugäng⸗
1252 1521 2270 1563 lich ſeien. Der Antrag Exners wurde heute mit großer
1254 1560 2270 1602 Majorität angenommen, mit Ausnahme des Paſſus „als
1255 1601 2271 1640 Erſatz für den projektierten ſogenannten Donau⸗Oder⸗Kanal“,
1254 1639 2272 1680 gegen welchen die polniſchen Mitglieder der allgemeinen Ab⸗
1252 1679 2271 1721 teilung Einſpruch erhoben. Der Regierungsvertreter gab die
1252 1720 2273 1759 Erklärung ab, daß, wenn die Studien, welche noch nicht ab⸗
1251 1758 2276 1800 geſchloſſen ſind, vollſtändig vorliegen, ſie veröffentlicht werden
1248 1799 1351 1838 ſollen.
1329 1845 2276 1887 [Allgemeine Penſionsanſtalt für Ange⸗
1248 1885 2276 1928 ſtellte.] Der Generalverſammlung der Allgemeinen
1252 1925 2272 1964 Penſionsanſtalt für Angeſtellte, die am 28. d. ſtattfand,
1255 1962 2275 2003 wurden die Rechnungsabſchlüſſe über die zweite Verwaltungs⸗
1255 2000 2270 2042 periode, welche das Jahr 1910 umfaßt, vorgelegt. Dieſe
1254 2039 2270 2082 Rechnungsabſchlüſſe, bieten einige ſehr intereſſante Ziffern,
1254 2080 2273 2120 welche zeigen, daß dieſe Penſionsanſtalt noch nicht zu einer
1254 2117 2275 2159 Konſolidierung ihres Mitgliederſtandes gelangen konnte. Die
1251 2157 2275 2200 Anſtalt zählte nämlich Ende 1910 92.465 Verſicherte. Im Laufe
1255 2195 2269 2238 dieſes Jahres traten 48.000 Verſicherte in die Penſionsanſtalt
1255 2234 2268 2277 ein, andererſeits ſind mehr als 43.000 Perſonen abgefallen.
1253 2272 2269 2316 Dabei iſt zu berückſichtigen, daß ein Beruf, bei welchem wohl
1253 2313 2273 2353 die ſtärkſten Fluktuierungen vorkommen, das Bühnenperſonal,
1256 2350 2273 2393 dieſer Penſionsanſtalt nicht angehört, ſondern ein eigenes
1255 2389 2271 2430 Erſatzinſtitut gebildet hat. Da dieſe Penſionsanſtalt in den
1255 2429 2276 2469 erſten zehn Jahren nur ausnahmsweiſe, nämlich im Falle
1255 2468 2274 2508 eines im Betriebe erlittenen Unfalles Renten zur Auszahlung
1246 2504 2271 2547 bringt, belaufen ſich die Auszahlungen unter dieſem Titel
1254 2546 2275 2586 ſowie die Abfertigungen der Witwen und Waiſen nur auf
1255 2583 2270 2625 364.936 K., fallen alſo nicht nennenswert ins Gewicht. Die
1254 2622 2275 2664 Belaſtungsprobe der Rentenauszahlungen wird die Penſions⸗
1255 2661 2275 2704 anſtalt erſt im Jahre 1919 zu beſtehen haben. Auffallend hoch
1253 2699 2273 2742 ſtellen ſich die Verwaltungskoſten der Penſionsanſtalt, näm⸗
1250 2740 2275 2781 lich auf 1,093.000 K., mehr als fünf Prozent der vorge⸗
1247 2776 1589 2819 ſchriebenen Prämien.
1319 2835 2272 2875 [Aktion gegen das italieniſche Lebens⸗
1243 2874 2274 2916 verſicherungs⸗Monopol in Deutſchland.] Aus
1243 2913 2275 2953 Berlin wird telegraphiert: Heute fand in Berlin die Kon⸗
1243 2952 2273 2994 ſtituierung eines Verbandes ſtatt, der den Zweck haben ſoll,
1245 2991 2276 3034 die deutſchen Lebensverſicherungs⸗Geſellſchaften ſowie alle die⸗
1246 3031 2268 3073 jenigen Unternehmungen und Einzelperſonen, deren Eigen⸗
1247 3070 2273 3112 tum durch die beabſichtigte Einführung des italieniſchen Staats⸗
1242 3110 2275 3153 monopols für Lebensverſicherung gefährdet iſt, zu einem
1242 3149 2274 3191 gemeinſamen. Vorgehen zu ſammeln. Der Verband beabſichtigt
1244 3189 2274 3230 zunächſt, ſich in einer eingehend begründeten Darſtellung an
1245 3228 2275 3271 die deutſche Reichsregierung zu wenden und um
1246 3267 2275 3309 Wahrung der deutſchen Intereſſen zu bitten. Hiezu wird auch
1244 3307 2274 3348 die Erſtattung von Gutachten durch Autoritäten auf dem Ge⸗
1245 3345 2275 3387 biete des Staatsrechtes dienen. Der Verband wird ferner
1246 3385 1848 3428 eine öffentliche Kundgebung erlaſſen.
1323 3437 2272 3482 [Engliſcher und amerikaniſcher Eiſen⸗
1245 3480 2277 3522 markt.] Aus London wird uns telegraphiert: Die Tendenz
1246 3519 2273 3560 für Roheiſen iſt ſtetig. Fertigeiſen und Stahl ſind wenig ver⸗
1250 3558 2273 3599 ändert. Die Beſchäftigung der Werke iſt ungleichmäßig, in
1248 3597 2273 3639 einigen Gebieten jedoch befriedigender, da die Spezifikationen
1245 3636 2273 3677 beſſer einlaufen. Halbzeug liegt wegen der belgiſchen Kon⸗
1244 3675 2272 3717 kurrenz in Knüppeln weiter gedrückt. — Dem Fachblatte
1251 3713 2272 3756 „Iron Monger“ wird aus Philadelphia geſchrieben: Es
1246 3753 2270 3794 herrſcht eine entſchieden beſſere Nachfrage vor. Die
1247 3792 2274 3831 Aufträge für Roheiſen lauten meiſt nur auf kleine Quanti⸗
1247 3832 2275 3873 täten, doch iſt die Haltung der Käufer befriedigender. Die
1247 3868 2276 3910 Preiſe für Gießereieiſen nördlicher Provenienz haben um
1247 3908 2274 3949 25 Cents nachgegeben, während Gießereieiſen ſüdlicher Pro⸗
1246 3947 2275 3988 venienz ſtetig liegt. Das Geſchäft in Fertigfabri⸗
1244 3984 2274 4027 katen iſt lebhaft. Die Bewegung ſcheint anzuhalten und
1246 4025 2273 4067 die Nachfrage iſt in der letzten Zeit allgemeiner geworden.
1247 4064 2274 4104 Die Stahlwerke ſind beſſer beſchäftigt. Die An⸗
1247 4101 2273 4145 zeichen ſprechen dafür, daß die Eiſenbahnen reich⸗
1247 4141 2275 4184 liche Aufträge erteilen werden. Die Nachfrage nach
1246 4178 2274 4222 Knüppeln iſt ruhig, das Geſchäft in Baumaterial recht animiert.
1246 4219 2274 4261 Das Ausfuhrgeſchäft nach Canada und Südamerika iſt be⸗
1246 4257 2274 4299 friedigend. Die Auffaſſung über die Tendenz des Marktes
1245 4294 1809 4339 iſt allgemein optimiſtiſcher.
1321 4349 2276 4396 [Erhöhung der Zuckerpreiſe.] Das Komitee
1248 4388 2276 4434 der vereinigten öſterreichiſchen Zuckerraffinerien hat heute zum
1246 4428 2271 4474 Verkaufe und zur Verſteuerung per Juli dieſes Jahres 5 Pro⸗
1242 4467 2274 4512 zent des Kontingents freigegeben und hiebei die Preiſe unter
1245 4506 2273 4553 Berückſichtigung der geſtiegenen Rohzuckernotierung um eine
1245 4545 2273 4593 halbe Krone per 100 Kilogramm erhöht. Dieſelben betragen
1246 4584 2275 4632 demnach für 100 Kilogramm Baſis Prima⸗Raffinade⸗Groß⸗
1245 4624 2275 4670 brote: 77 K. 50 H. Frachtbaſis Chropin, 77 K. 75 H. Fracht⸗
1244 4662 2274 4712 baſis Czakowitz, 78 K. 25 H. franko Prag, 79 K. franko
1241 4701 1346 4741 Wien.
1319 4746 2276 4796 [Budapeſter Stadtanleihe.] Aus Budapeſt
1248 4787 2278 4834 wird uns telegraphiert: Der Budapeſter Börſenrat beſchloß in
1246 4826 2277 4875 ſeiner heutigen Sitzung die Kotierung der vierprozentigen
1244 4865 2181 4913 Obligationen der Hauptſtadt Budapeſt vom Jahre 1911.
1318 4917 2272 4966 [Simmeringer Maſchinenfabriks⸗
1245 4959 2275 5008 Aktiengeſellſchaft.] In der letzten Verwaltungsrats⸗
1245 4998 2274 5047 ſitzung der Maſchinen⸗ und Waggonbaufabriks⸗Aktiengeſellſchaft
1246 5038 2276 5086 in Simmering vormals H. D. Schmid wurde der bisherige
1247 5077 2274 5127 Prokuriſt, Herr Ingenieur Otto Heinsheimer, zum
1244 5117 1715 5161 Direktorſtellvertreter ernannt.
2387 212 3357 257 [Handelskammerreiſe.] Aus Aſch wird uns
2313 253 3350 294 telegraphiert: Heute ſind hier 33 Vertreter von 22 öſter⸗
2314 291 3356 332 reichiſchen Handelskammern eingetroffen. Sie beſichtigen die
2311 330 3357 371 Fabriksetabliſſements der Firmen Max Eiſenſchimmel
2310 370 3343 412 & Comp., Chriſt. Fiſchers Söhne und Aſcher, Tüll⸗ und
2311 411 2815 452 Spitzenfabriks⸗Aktiengeſellſchaft.
2380 455 3344 497 [Berliner Börſe.] Aus Berlin wird uns tele⸗
2315 497 3358 537 graphiert: Die Börſe eröffnete in feſter Haltung, da der
2308 535 3357 575 Verlauf der geſtrigen Newyorker Börſe, die ſich auf dem
2307 573 3348 616 amerikaniſchen Eiſen⸗ und Stahlmarkte anſcheinend ausbreitende
2310 612 3343 655 Beſſerung, der günſtige „Iron Monger“⸗Bericht und die
2307 652 3349 691 höheren belgiſchen Trägerpreiſe die Kaufluſt auf dem Montan⸗
2312 689 3347 730 aktienmarkte anregten. Bevorzugt wurden dabei Phönixaktien
2307 728 3345 769 und Oberſchleſiſche Eiſenbahnbedarfsaktien, die je 1 Prozent
2308 766 3347 807 gewannen. Bochumeraktien hatten wieder an günſtigen Divi⸗
2308 807 3347 846 dendengerüchten eine Stütze. Auch für Elektrizitätsaktien
2307 843 3347 886 herrſchte eine gute Meinung. Siemens & Halske⸗Aktien lagen
2308 881 3345 925 ſogar um ziemlich 3 Prozent höher, während die Aktien der
2308 920 3347 963 Geſellſchaft für elektriſche Unternehmungen 1 ½ Prozent ge⸗
2307 959 3343 1000 wannen. Große Berliner Straßenbahnaktien zogen um
2308 999 3351 1039 1 ⅝ Prozent an. Für Warſchau⸗Wiener Aktien erhielt ſich das
2313 1036 3349 1076 Intereſſe, wie auch die einzelnen Anteile von Kreditinſtituten
2309 1076 3343 1116 durchwegs um Bruchteile eines Prozents höher notierten. Im
2309 1114 3353 1155 Verlaufe trat eine erhebliche Abſchwächung in Canada⸗Pacific⸗
2310 1153 3353 1194 Aktien ein, die auf Gewinnrealiſationen zurückgeführt wurde.
2312 1191 3341 1232 Recht feſt lag die Deutſche dreiprozentige Reichsanleihe. Da⸗
2309 1231 3346 1271 gegen ſprachen ſich die öſterreichiſchen Werte auf den trägen
2311 1271 3347 1309 Verkehr an der Wiener Börſe ſchwach aus. Gegen Schluß
2307 1307 3344 1349 verſtimmte der heftige Rückgang der Phönixaktien, die an⸗
2306 1345 3344 1388 geblich von rheiniſcher Seite in ſtarken Poſten angeboten
2308 1385 3343 1424 wurden. Canada⸗Pacific⸗Aktien ſetzten ihre rückläufige Be⸗
2311 1423 3353 1465 wegung fort. Die Börſe ſchloß in luſtloſer und ſchwächerer
2306 1461 3346 1503 Haltung. Der Rückgang der Phönixaktien wurde mit den
2308 1499 3348 1541 Schwierigkeiten erklärt, denen die Ausgeſtaltung des Roh⸗
2307 1539 3343 1580 eiſenſyndikats begegnet. Induſtriewerte des Kaſſemarktes lagen
2307 1576 3346 1619 meiſt ziemlich feſt. Auf dem Geldmarkte iſt nach Ueberwindung
2309 1617 3345 1657 des Ultimos eine entſchiedene Erleichterung eingetreten. Der
2307 1655 3351 1696 Privatdiskont gab um ¼ Prozent nach. Täglich kündbares
2307 1696 3347 1735 Geld wurde reichlich angeboten und war bis morgen zu
2307 1732 3344 1775 6 bis 8 Prozent zu haben, einige Tage nach Ultimo zu
2305 1772 3344 1812 7 bis 12 Prozent, ſchließlich zu 8 bis 10 Prozent vorhanden,
2306 1809 3342 1853 je nach der Länge der Zeit. Check auf London 20.43, auf
2307 1850 2524 1889 Paris 80.70
2365 1886 3339 1926 Die Schlußkurſe lauteten: Oeſterreichiſche Kreditaktien 206.37
2309 1923 3346 1966 (207.25), Diskonto⸗Kommanditanteile 188.50 (188.37), Deutſche
2308 1962 3353 2002 Bank 265.50 (264.75), Dresdner Bank 158.12 (157.—), Darm⸗
2309 2002 3345 2042 ſtädter Bank 126.87 (126.87), Schaaffhauſenſcher Bankverein
2313 2040 3342 2081 137.25 (137.37), Berliner Handelsgeſellſchaft 166.87 (166.50),
2311 2079 3345 2121 Kommerzial⸗ und Diskontobank 118.50 (118.37), National⸗
2312 2118 3339 2160 bank für Deutſchland 127.12 (126.87), Ruſſiſche Bank für
2309 2158 3346 2199 auswärtigen Handel 160.25 (159.75), Oeſterreichiſch⸗ungariſche
2309 2197 3342 2237 Staatsbahn 161.12 (161.37), Lombarden 24.50 (24.62), Orien⸗
2306 2235 3348 2276 taliſche Eiſenbahnbetriebsgeſellſchaft —.— (153.12), Baltimore
2309 2274 3350 2315 and Ohio 108.— (108.—), Canada⸗Pacific 242.75 (243.37),
2309 2316 3343 2355 Pennſylvania —.— (—.—), Meridionalbahn —.— (—.—),
2312 2352 3346 2394 Mittelmeerbahn —.— (—.—), Prince Henri⸗Bahn 152.25 (152.—),
2309 2390 3346 2433 Warſchau⸗Wiener Bahn 219.75 (217.25), dreiprozentige deutſche
2312 2432 3344 2470 Reichsanleihe 83.87 (83.75), 3 ½ prozentige deutſche Reichs⸗
2308 2468 3341 2509 anleihe 93.70 (93.70), vierprozentige deutſche Reichsſchatz⸗
2308 2508 3341 2548 ſcheine 100.10 (100.20), öſterreichiſche Goldrente 98.60
2308 2547 3343 2587 (98.30), öſterreichiſche Kronenrente 93.40 (93.40), ungariſche
2309 2585 3346 2628 Goldrente 93.50 (93.50), ungariſche Kronenrente 91.10 (91.10),
2307 2625 3341 2666 Italiener —.— (—.—), vierprozentige Ruſſen vom Jahre
2308 2663 3339 2705 1902 92.87 (—.—), 4 ½ prozentige Ruſſen vom Jahre 1905
2307 2702 3336 2744 100.30 (100.30), Japaner 97.50 (97.20), Türkenloſe
2307 2741 3337 2782 175.50 (175.50), Laura⸗Hütte 176.— (175.25), Bochumer
2305 2781 3336 2820 Gußſtahl 236.87 (237.—), Gelſenkirchener 199.— (199.62),
2306 2819 3338 2857 Harpener 187.25 (188.—), Hohenlohe⸗Werke 212.62 (212.25),
2307 2857 3339 2898 Bismarck⸗Hütte 135.50 (134.—), Phönix 249.— (249 50),
2306 2896 3339 2937 Rheiniſche Stahlwerke 162.— (161.75), Konſolidation 342.—
2306 2935 3340 2976 (341.75), Deutſch⸗Luxemburger 198.75 (190.—), Allgemeine
2306 2975 3341 3015 Elektrizitätsgeſellſchaft 276.62 (276.—), Dynamittruſt 184.37
2306 3013 3335 3054 (182.50), Große Berliner Straßenbahn 199.37 (197.62),
2306 3051 3339 3093 Norddeutſcher Lloyd 97.50 (97.12), Hamburg⸗Amerika⸗
2307 3090 3344 3131 Paketſchiffahrtsgeſellſchaft 136.12 (135.25), Elbeſchiffahrt 77.75
2307 3130 3344 3170 (78.60), Telephonfabrik I. Berliner 210.— (207.50), South⸗
2305 3168 3342 3210 Weſtafrika 177.37 (176.37), 3 ½ prozentige preußiſche Konſols
2306 3207 3340 3247 93.60 (93.70), Ruſſen 1880 92.10 (92.10), Serben 88.75
2306 3248 3120 3286 (88.90). Auszahlung Petersburg 216.35 (216.25).
2381 3292 3350 3338 [Pariſer Börſe.] Man telegraphiert uns aus Paris:
2310 3337 3345 3378 Die Börſe eröffnete in unregelmäßiger Haltung. Das Geſchäft
2315 3372 3342 3416 war infolge der Ultimoprolongation ein ſehr geringfügiges
2309 3413 3342 3453 und die hohen Reportſätze, die ſich im Parkett auf 3 ¼ und
2311 3452 3343 3493 in der Couliſſe auf 4 ½ bis 5 Prozent ſtellten, beeinflußten die
2306 3491 3344 3532 Geſamthaltung in ungünſtigſter Weiſe. Infolge der andauern⸗
2312 3530 3343 3571 den Ungeklärtheit der innerpolitiſchen Lage war die heimiſche
2318 3570 3339 3611 Anleihe, die zu 25 bis 28 Centimes reportiert wurde, anfangs
2310 3609 3344 3649 recht ſchwach veranlagt, vermochte aber im Verlaufe eine Er⸗
2312 3648 3341 3690 holung durchzuſetzen, ſo daß das Papier ſogar etwas höher
2315 3687 3342 3728 als geſtern ſchloß. In den übrigen Staatsanleihen kam es
2310 3726 3341 3768 zu keinen nennenswerten Umſätzen, doch neigten die Kurſe
2312 3764 3342 3806 ſämtlicher führenden Werte der ſchwächeren Richtung zu.
2312 3800 3346 3845 Ruſſiſche Induſtrieaktien waren gleichfalls matt, wobei
2310 3841 3343 3884 namentlich Hartmann⸗Aktien infolge Realiſationen 12 Francs
2311 3880 3342 3924 verloren, während die Einbußen bei den übrigen gleichartigen
2311 3917 3342 3962 Werten nur geringe waren. Im Gegenſatze hiezu ſtand die
2310 3956 3343 4001 Feſtigkeit der Rio⸗Tinto⸗Shares, die ſich jedoch infolge der
2312 3996 3341 4038 allgemeinen Luſtloſigkeit nicht erheblich beſſern konnten. Etwas
2312 4035 3342 4078 höher war auch ein Teil der Minen, darunter Debeers, ver⸗
2309 4073 3343 4119 einzelte Banken und ſpaniſche Bahnen, doch ſtanden den
2311 4112 3342 4157 Steigerungen in gleichem Ausmaße, Abſchwächungen gegen⸗
2310 4151 2978 4190 über. Der Schluß der Börſe war matt.
2385 4188 3340 4231 Es notierten: Dreiprozentige franzöſiſche Rente 95.12
2308 4225 3342 4273 (letzter Kurs 95.07), ungariſche Goldrente 97.40 (97.50),
2307 4264 3341 4311 vierprozentige Argentine or mixte 1897/1900 89.80 (—.—),
2308 4302 3341 4351 vierprozentige Italiener —.— (—.—), dreiprozentige
2309 4341 3340 4388 Portugieſen erſte Serie 68.35 (68.85) vierprozentige
2312 4380 3338 4426 ruſſiſche konſolidierte Anleihe 1901 98.40 (98.40), 1906er
2305 4418 3343 4466 Ruſſen 104.70 (104.80), 4 ½ prozentige Ruſſen vom Jahre
2309 4454 3338 4507 1909 104.05 (104.05), ſpaniſche Extérieurs 96.50 (96.52),
2313 4496 3343 4543 unifizierte Türken 93.20 (93.35), vierprozentige Serben
2308 4535 3340 4581 92.95 (93.20), Lombarden 131.—- (131.—), Métropolitain
2307 4574 3341 4621 648.— (649.—), Nord de l'Espagne 418.— (417.—),
2307 4614 3341 4656 Saragoſſa 428.— (429.—), Wagon⸗Lits 468.— (469.—),
2307 4649 3338 4699 Crédit Lyonnais 1507 (1498), Länderbank 572.— (568.—),
2307 4690 3334 4733 Banque Ottomane 708.— (711.—), Rio⸗Aktien 1766.—
2307 4728 3339 4777 (1755.—), Sosnovice —.— (1486.—), Tula 498.— (505.—)
2310 4767 3342 4814 Debeers 472.50 (471.50), Chartered 41.50 (41.50), Eaſtrand
2310 4807 3342 4853 118.50 (118.50), Central Mining 320 — (322.—), General
2307 4845 3342 4893 Mining 36.— (36.—), Geduld 26 25 (25.25), Goldfields
2308 4884 3341 4930 129.— (131.—), Goerz & C0o. 27.— (26.75), Randminen
2308 4921 3003 4965 195.50 (196.50), Robinſon 199.50 (—.—).
2383 4965 3341 5015 [Londoner Börſe.] Aus London wird uns tele⸗
2312 5007 3343 5055 graphiert: Mit Rückſicht auf die Befürchtungen hinſichtlich der
2309 5046 3338 5096 Entwicklung der politiſchen Verhältniſſe verkehrte heute die
2310 5086 3338 5135 Börſe von Beginn an in ſchwacher Haltung, wobei die
2311 5122 3337 5177 herrſchende Mißſtimmung mit dem Fortſchreiten des Verkehres
