3488 5349
236 164 450 206 Nr. 16830
796 159 1077 207 Wien, Samstag
1532 164 2115 207 Neue Freie Presse.
2562 163 2798 206 1. Juli 1911
3186 162 3338 204 Seite 3
447 238 987 279 Erweiterter Vollzugsausſchuß.
276 284 1236 327 Zum Schluſſe wurde ein erweiterter Vollzugs⸗
196 326 1238 369 ausſchuß eingeſetzt, welchem folgende Abgeordnete ange⸗
204 365 1234 410 hören: Dr. Damm, Dobernig, Baron d'Elvert, Erb,
198 406 1234 450 Dr. Erler, Dr. Groß, Herzmansky, Hummer,
200 445 1238 488 Keſchmann, Lukſch, Marckhl, Dr. v. Ober⸗
206 481 1238 528 leithner, Pacher, Dr. Roller, Dr. Schreiner,
206 523 1237 568 Dr. Sommer, Dr. Sylveſter, Dr. Steinwender,
201 563 1201 608 Dr. Stölzel, Dr. Urban, Dr. Waber und Wolf.
439 662 992 725 Das neue Miniſterium.
913 736 1197 776 Wien, 30. Juni.
277 786 1231 835 Morgen vormittags verſammelt ſich die neue Re⸗
201 827 1234 881 gierung zum erſten formellen Miniſterrat.
199 873 1236 924 Einer der Hauptgegenſtände der Beratung wird die Feſt⸗
201 918 1232 970 ſetzung des Termins für die Einberufung des
199 959 1233 1012 Reichsrates bilden. Wie bereits mitgeteilt, dürfte der
198 1002 1233 1055 Miniſterrat zum Beſchluß kommen, dem Kaiſer vorzu⸗
199 1047 1232 1101 ſchlagen, den Reichsrat für Samstag den 15. Juli
197 1101 424 1144 einzuberufen.
282 1134 1231 1184 Auch den heutigen Tag hat Miniſterpräſident Frei⸗
199 1177 1233 1231 herr v. Gautſch mit internen Arbeiten im Miniſterrats⸗
198 1230 544 1276 präſidium verbracht.
283 1266 1227 1316 Die Konferenzen des Miniſterpräſidenten mit den
202 1308 1229 1362 Führern der parlamentariſchen Parteien dürften erſt im
201 1354 1227 1405 Laufe der nächſten Woche ihren Anfang nehmen. Der
200 1397 1232 1450 Miniſterpräſident wartet die Konſtituierung der parla⸗
199 1439 1230 1489 mentariſchen Verbände ab, ehe er die Einladungen zu
197 1484 1044 1538 Konferenzen an die Parteiführer ergehen läßt.
282 1534 1233 1585 Von den parlamentariſchen Verbänden iſt bisher
201 1577 1231 1631 lediglich der einheitliche Czechenklub konſtituiert. Dienstag
197 1619 1229 1675 wird ſich die Chriſtlichſoziale Vereinigung des Ab⸗
202 1662 1230 1717 geordnetenhauſes zur Konſtituierung verſammeln. Die
202 1706 1230 1759 Konſtituierung des Nationalverbandes wurde in einer
198 1749 1231 1804 heute nachmittags abgehaltenen Beſprechung des Exekutiv⸗
201 1794 1230 1848 komitees, an welcher auch eine Reihe anderer Mitglieder
201 1837 1235 1887 des Verbandes teilnahm, für kommenden Freitag an⸗
199 1880 1230 1936 geſetzt. Wann die Konſtituierung der übrigen Verbände
198 1925 1229 1980 ſtattfindet, iſt noch nicht beſtimmt. Im Polenklub dürfte
197 1971 1233 2022 das Ende der galiziſchen Wahlen, die am 3., beziehungs⸗
197 2015 1002 2071 weiſe 6. Juli abſchließen, abgewartet werden.
214 2106 1213 2167 Oberſtlandmarſchall⸗Stellvertreter Dr. Urban.
277 2174 1231 2225 Der Oberſtlandmarſchall⸗Stellvertreter von Böhmen,
197 2216 1229 2271 Abgeordneter Dr. Urban, iſt heute nachmittags zur
196 2260 1232 2316 Sitzung des Exekutivkomitees des Deutſchen National⸗
200 2302 1234 2354 verbandes von Karlsbad in Wien eingetroffen. Doktor
199 2350 1228 2400 Urban tritt morgen früh die Rückreiſe nach Karlsbad an.
281 2391 1229 2446 Abgeordneter Dr. Urban erſucht uns, feſtzuſtellen,
202 2437 1234 2492 daß die vielfach verbreitete Nachricht, er habe eine Be⸗
200 2479 1233 2536 rufung zum Miniſterpräſidenten Freiherrn v. Gautſch er⸗
200 2524 1233 2579 halten, unrichtig ſei. Er habe keine Einladung von Frei⸗
202 2566 1233 2621 herrn v. Gautſch erhalten und werde während ſeines
202 2611 1230 2668 heutigen kurzen Aufenthaltes in Wien auch keine Be⸗
199 2657 1024 2716 ſprechung mit dem Miniſterpräſidenten haben.
386 2754 1057 2808 Deutſchböhmiſche Vereinigung.
278 2817 1236 2869 Abgeordneter Dr. Kindermann wird bereits im
205 2857 1237 2909 Laufe der nächſten Tage als älteſter deutſchböhmiſcher Abge⸗
203 2897 1235 2945 ordneter die nationalen deutſchen Abgeordneten aus Böhmen
204 2936 1236 2989 zu einer Sitzung einberufen, in welcher, wie im früheren
206 2977 1233 3027 Hauſe, ein engerer Zuſammenſchluß der deutſchböhmiſchen
205 3015 1237 3066 Abgeordneten zum Zwecke einer energiſchen Vertretung der
202 3057 1231 3104 nationalen Intereſſen der Deutſchen in Böhmen er⸗
203 3092 1234 3145 folgen wird. Da zahlreiche deutſchböhmiſche Angelegenheiten
205 3133 1235 3183 ihrer Erledigung harren, wird die Deutſchböhmiſche Ver⸗
204 3175 1238 3224 einigung ſofort beim Zuſammentritte des Abgeordnetenhauſes
205 3214 1234 3264 zu einer Sitzung zur Beratung und Beſchlußfaſſung über
204 3260 834 3306 dieſe Angelegenheiten zuſammentreten.
200 3387 1231 3439 hätte, will ich damit durchaus nicht ſagen; es kommt
202 3430 1232 3484 darauf auch meines Erachtens gar nicht an. Ein Mann
195 3475 1235 3527 wie dieſer darf ſich ſogar ein ganzes Quantum Mißgriffe
190 3518 1235 3571 und Mißerfolge mehr leiſten als ein Mittelmäßiger.
194 3561 1232 3616 Berger zitiert in ſeinem Buche das wunderſchöne Wort
199 3605 1230 3654 Wilbrandts von dem „unſichtbaren Burgtheaterdirektor“.
201 3645 1228 3703 Ich habe dieſen unſichtbaren Burgtheaterdirektor geſehen,
200 3691 1232 3744 jedesmal, wenn ich zur Erſtaufführung eines meiner
203 3737 1235 3787 Stücke in Wien war. Auf den Generalproben habe ich
199 3778 1235 3833 ihn geſehen. Da erſchienen ſie alle im Auditorium: die
201 3824 1231 3874 Sonnenthal, Lewinsky, Baumeiſter, Hartmann und die
200 3868 1229 3920 vielen glänzenden Künſtler jüngeren Alters. Und nun
202 3910 1232 3961 war es wunderbar zu beobachten, wie ſie zuhörten und
197 3957 1229 4007 zuſchauten und wie ſie in den Zwiſchenakten halfen mit
200 3995 1233 4049 Rat und Tat, auch wenn ſie nicht die kleinſte Rolle in
200 4041 1233 4091 dem Stücke hatten. Jede Aufführung des Burgtheaters
191 4086 1232 4137 war eben eine gemeinſame Sache, ihr Gelingen eine
191 4129 1233 4180 gemeinſame Ehrenſache. Ob man da oben ſtand oder hier
201 4174 1227 4222 unten ſaß: man ſtand im Dienſte der Kunſt. So
202 4215 1231 4268 wenigſtens erſchien es mir, und was mir ſo erſchien, das
201 4260 1228 4309 war der unſichtbare Burgtheaterdirektor. Er war in allen
198 4303 1232 4356 zugleich, wie es vom heiligen Pfingſtgeiſt in der Apoſtel⸗
202 4348 1228 4398 geſchichte heißt: „Er war wie Zungen an ihnen zerteilet
201 4390 1228 4440 und ſetzete ſich auf einen jeglichen unter ihnen.“ Ich
199 4435 1229 4485 leugne nicht, daß dieſe Generalproben mir das weitaus
199 4483 854 4528 Schönſte an allen Premieren waren.
280 4529 1234 4578 Etwas von dieſem Geiſte war auch in den General⸗
190 4575 1237 4623 proben des Deutſchen Schauſpielhauſes, denen ich bei⸗
190 4617 1229 4664 wohnen konnte. Es war in ihnen etwas von dem gemein⸗
188 4660 1234 4710 ſamen heiligen Eifer, der ſich über den Wirrwarr der
189 4703 1233 4751 künſtleriſchen Sonderintereſſen erhebt. Eine gewiſſe freudige
189 4749 1233 4796 Wärme war in ihnen, die von einem zentralen Feuer her⸗
194 4793 1234 4839 rührte, und dieſes zentrale Feuer — daran zweifelte nie⸗
194 4836 1230 4883 mand — war Berger. Er war es auch außerhalb des
189 4878 1230 4925 Schauſpielhauſes. Im Geiſtesleben Hamburgs war er
188 4922 1232 4970 einer der wenigen Anreger, die wir beſaßen, war er ein
191 4968 1230 5011 Herd, auf dem das Feuer nicht erloſch. Die Stelle, wo er
189 5009 1233 5056 geſtanden, iſt leer und kalt. Die Zukunft kann größere
189 5054 1233 5097 Männer als ihn nach Hamburg bringen; aber die Lücke,
193 5096 1232 5142 die ſein Fortgang geriſſen, wird bleiben, weil Alfred von
190 5139 789 5187 Berger eben Alfred v. Berger iſt.
1331 238 2247 288 Neuerliche Nichtgenehmigung der erhöhten
1490 287 2084 331 böhmiſchen Landesumlagen.
1355 335 2299 380 Der Kaiſer hat dem Beſchluß des böhmiſchen
1278 378 2306 424 Landesausſchuſſes vom 21. d., betreffend die proviſoriſche
1274 423 2308 467 Forteinhebung der Landeszuſchläge zu den direkten landes⸗
1281 466 2301 511 fürſtlichen Steuern mit Ausnahme der Perſonalein⸗
1276 512 2303 556 kommenſteuer für die Zeit vom 1. Juli bis 31. Dezember
1274 553 2302 598 1911, die Genehmigung mit der Einſchränkung
1277 598 2301 643 erteilt, daß dieſe Zuſchläge während des bezeichneten Zeit⸗
1275 640 2304 684 raumes nur im bisherigen Ausmaße von
1275 684 2035 729 55 Prozent eingehoben werden dürfen.
1355 726 2301 772 Die czechiſche Mehrheit des böhmiſchen Landesaus⸗
1275 768 2301 815 ſchuſſes hat bereits zweimal die Erhöhung der Landesum⸗
1275 813 2300 857 lage von 55 Prozent auf 65 Prozent beſchloſſen. Die
1277 854 2302 903 Beſchlüſſe hatten jedoch nicht die kaiſerliche Genehmigung
1274 901 2299 946 erhalten. Das gleiche iſt nun bei dem jüngſten Beſchluſſe
1274 944 1430 988 der Fall.
1356 987 2302 1032 In der heutigen Sitzung des Landesausſchuſſes
1275 1029 2302 1076 wurde die Mitteilung des Statthaltereipräſidiums, daß der
1275 1074 2298 1119 Beſchluß des Landesausſchuſſes vom 21. d., betreffend
1273 1115 2301 1162 die proviſoriſche Forteinhebung von Landesumlagen im
1270 1158 2300 1206 dritten Quartal des laufenden Jahres, die kaiſerliche
1275 1201 2299 1248 Genehmigung mit der Einſchränkung erlangt habe, daß
1274 1245 2302 1293 die Landesumlagen nur im Ausmaße von 55 Prozent
1273 1290 2303 1337 einzuheben ſind, zur Kenntnis genommen. Zugleich wurde
1274 1332 2305 1379 mit Stimmenmehrheit beſchloſſen, gegen dieſe Ein⸗
1275 1376 2305 1425 ſchränkung bei der Regierung abermals vorſtellig zu
1273 1420 1409 1458 werden.
1328 1492 2245 1543 Abgeordneter Praſchek aus der czechiſchen
1503 1541 2092 1585 Agrarpartei ausgeſchloſſen.
1528 1590 2058 1621 (Telegramm der „Neuen Freien Preſſe“.)
2003 1627 2273 1661 Prag, 30. Juni.
1348 1665 2310 1708 Wie die „Samoſtatnoſt“ meldet, hat ſich der Exekutiv⸗
1275 1704 2311 1748 ausſchuß der czechiſchen Agrarpartei dahin ausgeſprochen, daß
1277 1744 2308 1788 der Abgeordnete Praſchek nicht in den Verband aufzunehmen ſei,
1277 1780 2311 1826 obwohl eine große Minorität für die Aufnahme war. Doch ſoll
1275 1820 2310 1864 Praſchek eine gewiſſe Friſt eingeräumt werden, nach deren Ab⸗
1276 1859 2309 1905 lauf er, wenn ſein Verhalten zu der Partei ein einwandfreies
1272 1900 1797 1942 war, aufgenommen werden kann.
1565 1978 2020 2029 Aus dem Polenklub.
1527 2031 2061 2068 (Telegramm der „Neuen Freien Preſſe“.)
1943 2077 2275 2111 Krakau, 30. Juni.
1349 2115 2307 2165 Die Leitung der polniſchen Volkspartei
1277 2158 2303 2210 beſchloß, den Abgeordneten Hofrat Andreas Kendzior
1277 2200 2308 2251 für die Vizeobmannſtelle des Polenklubs, die bisher Ab⸗
1278 2248 2297 2296 geordneter Stapinski innehatte, zu kandidieren.
1281 2287 2308 2337 Hofrat Kendzior gilt als hervorragender Kenner der
1270 2331 1599 2379 Waſſerſtraßenfrage.
1351 2376 2300 2428 Der bisherige Obmann der polniſchen Volkspartei,
1277 2419 2305 2471 Abgeordneter Stapinski, tritt von der Leitung der
1279 2462 2303 2513 Partei zurück und an ſeine Stelle dürfte Abgeordneter
1272 2508 1807 2555 Ladislaus Dlugosz treten.
1540 2569 2033 2608 Die Allpolen im Polenklub.
1525 2612 2043 2646 (Telegramm der „Neuen Freien Preſſe“.)
1911 2652 2274 2688 Lemberg, 30. Juni.
1355 2689 2305 2741 Nach Andeutungen des allpolniſchen Parteiorgans
1277 2734 2300 2785 „Slowo Polskie“ geben ſich die polniſchen Führer gewiſſen
1275 2778 2303 2828 Illuſionen hin, wenn ſie in Anbetracht des verhältnis⸗
1273 2822 2306 2871 mäßig günſtigen Ausfalles der Reichsratswahlen eine
1277 2864 2300 2913 Beſſerung der Verhältniſſe im neuen Polenklub und die
1275 2910 2301 2960 Ausſchaltung der Fraktionsſtreitigkeiten erwarten. „Slowo
1272 2954 2303 3002 Polskie“ kündigt nämlich an, daß die allpolniſche
1278 2997 2304 3045 Abgeordnetengruppe trotz ihrer Mandats⸗
1276 3041 2304 3087 einbuße unter der Führung des früheren Eiſenbahn⸗
1273 3083 2302 3131 miniſters Dr. Glombinski genug Kraft
1273 3127 2300 3173 haben werde, die Politik der vereinten
1270 3171 2304 3218 übrigen Parteien des Polenklubs zu
1275 3214 2300 3262 durchkreuzen und die Gewährung der von dieſem Block
1274 3260 2305 3305 geplanten nationalen Zugeſtändniſſe zu verhindern. Die
1273 3305 2302 3348 zehn Mandate, welche die Allpolen in einem ſo ſchweren
1276 3346 2305 3392 Wahlkampfe jetzt errungen haben, werden ſicherlich die
1272 3389 2299 3435 nämliche Bedeutung haben, wie die ſechzehn, die früher im
1277 3434 2303 3479 Beſitze der Partei geweſen ſind. Dieſe Fraktion werde
1275 3477 2308 3522 auch von der öffentlichen Meinung des Landes unter⸗
1279 3520 2306 3566 ſtützt werden, welche gar nicht davon erbaut iſt, daß
1274 3564 2305 3610 neun Sozialdemokraten diesmal in Galizien zu Abgeord⸗
1276 3608 2305 3652 neten gewählt ſind, daß ſämtliche Geiſtliche aus dem
1273 3651 2302 3698 Polenklub verdrängt, daß die chriſtlichſoziale Gruppe
1276 3695 2302 3741 dieſes Klubs zerſprengt, daß der frühere Vizepräſident des
1272 3739 2309 3784 Abgeordnetenhauſes Dr. v. Starzynski zu Falle ge⸗
1278 3782 2305 3828 bracht und daß noch andere unerfreuliche Vorkommniſſe
1276 3829 1654 3870 herbeigeführt wurden.
1390 3899 2193 3963 Rücktritt des ſerbiſchen Kabinetts.
1986 3977 2268 4014 Wien, 30. Juni.
1358 4022 2303 4069 Das Kabinett Paſic iſt heute zurückgetreten. Man
1273 4066 2301 4112 wußte wohl, daß in der letzten Zeit die Kämpfe zwiſchen
1278 4108 2300 4155 den Alt⸗ und den Jungradikalen ſich wieder weſentlich
1277 4150 2299 4198 verſchärft hatten, aber die Demiſſion des Kabinetts, zu
1276 4195 2301 4241 der den letzten Anſtoß eine Meinungsverſchiedenheit
1276 4238 2302 4283 zwiſchen dem Handels⸗ und dem Finanzminiſter über eine
1278 4282 2298 4326 Anlehensfrage bildete, kommt deshalb doch völlig un⸗
1274 4325 2302 4368 erwartet und verweiſt wieder auf die ſchroffen inner⸗
1275 4367 2300 4414 politiſchen Gegenſätze, die in Serbien eine ruhige Führung
1277 4411 2297 4455 der inneren Politik ſo außerordentlich erſchweren. Das
1276 4453 2297 4498 Kabinett Paſic iſt ſeit Oktober 1909 am Ruder, und ſein
1276 4496 2299 4543 Zweck war, die Verſöhnung zwiſchen der alt⸗ und der
1276 4539 2300 4584 jungradikalen Partei herbeizuführen. Nikolaus Paſic,
1273 4581 2302 4628 vielleicht augenblicklich der intereſſanteſte ſüdſlaviſche
1276 4626 2300 4670 Politiker, iſt ein außerordentlich geſchickter Mann. Seine
1272 4669 2300 4713 Vergangenheit iſt ſo abenteuerlich, wie das nur auf dem
1270 4711 2296 4754 Balkan möglich iſt. Er begann als Revolutionär, als
1277 4754 2296 4797 Agraranarchiſt im Sinne Bakunins, und hat der
1274 4796 2303 4842 Dynaſtie Obrenovich Verlegenheiten genug bereitet. Er
1276 4838 2303 4884 war es, der König Milan ſtürzte, und mehr als einmal
1275 4882 2301 4928 politiſch aufs ſchärfſte kompromittiert, gelang es dieſem
1273 4926 2301 4970 geiſtvollen und erfahrenen Manne immer wieder, ſich
1268 4969 2301 5011 Anhang zu verſchaffen und Einfluß auf die Regierung
1270 5010 2294 5054 Serbiens zu nehmen. Als ſich nach dem auf ſo furcht⸗
1272 5053 2295 5098 bare Weiſe erfolgten Dynaſtiewechſel die Verhältniſſe zu
1275 5097 2297 5142 konſolidieren begannen, berief ihn König Peter als
1273 5141 2302 5186 Kabinettschef, aber ſein erſtes homogenes jungradikales
2347 237 3377 285 Miniſterium war von ſehr kurzer Dauer und wurde durch
2350 284 3374 329 ein Koalitionskabinett abgelöſt. Erſt im Sommer 1909
2344 328 3373 373 kam die Zeit Paſic'. Er hatte ſich gut vorgearbeitet, eine
2342 373 3374 416 Verſöhnung mit den Altradikalen angebahnt und auch
2350 416 3374 459 eine Anzahl Altradikaler veranlaßt, in das Kabinett ein⸗
2349 458 3378 504 zutreten, das ſich für ſerbiſche Verhältniſſe außerordentlich
2344 502 2878 547 lange am Ruder gehalten hat.
2425 543 3372 588 Man kann dem Kabinett Paſic nur Gutes nachſagen.
2346 585 3376 631 Es hat in ernſter Weiſe verſucht, im Innern Ruhe und
2346 631 3376 677 Ordnung zu ſchaffen, es hat ſchlimme Ereigniſſe über⸗
2347 677 3375 720 dauert, die unter anderen Umſtänden vielleicht der
2344 718 3379 764 Dynaſtie Karageorgievich hätten gefährlich werden können
2347 764 3379 809 und hat mit allem Ernſt auf eine Verſöhnung der beiden
2345 807 3372 853 Parteien hingearbeitet. Der einſtige Sozialrevolutionär
2350 850 3373 897 Paſic iſt ein Mann der Ordnung geworden, von deſſen
2350 896 3373 941 großem perſönlichen Einfluß man in Serbien ſehr viel
2350 942 3374 985 erwartete. Der Haupterfolg des Kabinetts Paſic lag in⸗
2350 985 3374 1030 des auf dem Gebiete der auswärtigen Politik. Milo⸗
2349 1027 3373 1075 vanovic, der ſeit langen Jahren Serbiens äußere Politik
2350 1072 3373 1119 in ruhiger und verſtändiger Art leitet, hat eine Reihe
2351 1117 3374 1162 von Erfolgen zu verzeichnen, die um ſo höher bewertet
2349 1162 3375 1205 werden müſſen, als es gerade Serbien außerordentlich
2350 1205 3379 1251 ſchwer fallen muß, ſich bei den Mächten Gehör zu ver⸗
2350 1248 3374 1296 ſchaffen. Die Belgrader Bluthochzeit iſt noch immer nicht
2351 1296 3375 1339 vergeſſen, wie man weiß. In erſter Linie war die Politik
2349 1338 3376 1384 Milovanovic' auf eine Annäherung an Oeſterreich⸗Ungarn
2351 1382 3376 1428 gerichtet. Es iſt der ſerbiſchen Regierung trotz der außer⸗
2351 1424 3376 1471 ordentlich großen Schwierigkeiten in Oeſterreich⸗Ungarn
2350 1469 3374 1515 und in Serbien ſelbſt gelungen, mit Oeſterreich⸗Ungarn
2351 1513 3375 1559 einen Handelsvertrag abzuſchließen und die Beziehungen
2351 1557 3373 1603 derart zu geſtalten, daß auch ein Beſuch des Königs
2350 1600 3375 1647 Peter beim Kaiſer Franz Joſef in Ausſicht genommen
2347 1647 3375 1690 werden konnte. Daß dieſer Beſuch verſchoben werden
2348 1691 3376 1736 mußte, iſt bekannt, und auch die Gründe für die Ver⸗
2344 1734 3377 1780 ſchiebung kennt man. Sie lagen darin, daß Kaiſer Franz
2351 1777 3374 1822 Joſef ſich Schonung auferlegen mußte, und ſind in Bel⸗
2352 1822 3377 1866 grad in einer Form amtlich zur Kenntnis gebracht
2349 1867 3375 1911 worden, die für Serbien durchaus ehrend war. Daß ſich
2350 1911 3376 1954 trotzdem in Serbien Politiker fanden, die, wie ſie ſchon
2352 1955 3378 1998 vorher gegen den Beſuch des Königs in Budapeſt die
2350 1998 3379 2044 Volksmeinung aufgepeitſcht hatten, für die Verſchiebung
2346 2044 3374 2086 die Regierung verantwortlich machten und zu diskreditieren
2348 2088 3376 2131 ſuchten, iſt bekannt; man erinnert ſich auch noch, daß
2344 2132 3378 2174 man damals dem Miniſter des Aeußern Milovanovic
2348 2176 2826 2220 Rücktrittsabſichten zuſchrieb.
2426 2221 3376 2266 Das Kabinett hat dieſe Gefahr überdauert, aber es
2348 2264 3382 2310 war ihm nicht mehr möglich, zwei Portefeuilles zu be⸗
2346 2307 3373 2353 ſetzen, die ſchon ſeit längerer Zeit vakant ſind.
2349 2353 3374 2397 Und nun hat Paſic, da aus inneren Gründen ein Zu⸗
2345 2396 3377 2441 ſammenarbeiten im Kabinett nicht mehr möglich ſchien,
2346 2438 3376 2486 die Konſequenzen gezogen. Die Kriſe kommt Serbien im
2350 2485 3380 2530 Augenblick ſehr ungelegen. Der Balkan iſt eben jetzt mehr
2349 2528 3376 2573 als ſeit langer Zeit durch die albaneſiſche Frage be⸗
2345 2572 3377 2616 unruhigt, und ein Kabinettswechſel iſt jetzt deshalb von
2349 2614 3377 2660 ganz beſonderer Bedeutung, weil er unter Umſtänden auch
2346 2658 3381 2702 Einfluß auf die äußere Politik Serbiens haben kann.
2341 2700 3379 2747 Freilich iſt der Anſtoß zur Demiſſion des Kabinetts Paſic
2342 2744 3376 2791 rein innerpolitiſchen Gründen zuzuſchreiben, aber es iſt
2343 2789 3379 2836 die Frage, ob dem neuen Kabinett der bisherige Miniſter
2347 2831 3373 2881 des Aeußern Milovanovic, deſſen Perſönlichkeit eine
2348 2875 3375 2924 Bürgſchaft für die Ruhe und Stetigkeit der auswärtigen
2344 2919 3377 2968 Politik Serbiens war, wieder angehören wird. Man
2347 2963 3372 3009 weiß, daß Dr. Milovanovic, den in der letzten Zeit ein
2347 3007 3378 3055 herber perſönlicher Verluſt getroffen hat, ſchon ſeit längerer
2346 3051 3380 3099 Zeit portefeuillemüde iſt, und daß es deshalb nicht ganz
2345 3095 3372 3140 leicht ſein dürfte, ihn zum Bleiben zu veranlaſſen. Es
2345 3136 3376 3184 liegt aber gerade jetzt im Intereſſe Serbiens und des
2344 3179 3382 3228 Balkanfriedens, daß die äußere Politik in Belgrad keine
2344 3223 3377 3273 Aenderung erfährt. Wie man hört, wird der Präſident der
2344 3265 3374 3318 Skupſchtina Nicolic den Auftrag zur Kabinettsbildung
2348 3312 3375 3361 erhalten. Es dürfte ſich aber bei dieſer Berufung nur um
2345 3352 3379 3404 ein Proviſorium handeln, und die allgemeine Anſicht
2346 3396 3377 3446 iſt wohl die, daß im Herbſt erſt der Verſuch ge⸗
2341 3441 3377 3489 macht wird, ein Kabinett zu bilden, dem man größere
2338 3484 3376 3533 Dauerhaftigkeit zuſchreiben kann. Und es iſt auch durch⸗
2340 3526 3376 3575 aus nicht unwahrſcheinlich, daß Paſic dann wieder auf
2341 3570 3372 3618 der politiſchen Schaubühne erſcheint. Er iſt nun einmal
2340 3615 3373 3658 der Mann, der in Serbien den größten Einfluß beſitzt
2341 3656 3377 3705 und nach dem, was man von ſeinem letzten Kabinett
2341 3701 3376 3748 erlebt hat, erſcheint es auch durchaus wünſchenswert, daß
2341 3743 3376 3791 er die Leitung der ſerbiſchen Politik wieder übernimmt.
2340 3788 3378 3833 Er hat die ſtarke Hand und er beſitzt vor allem Er⸗
2341 3829 3377 3877 fahrung und den guten Willen, mit den Nachbarn im
2339 3875 3372 3922 Frieden zu leben und auch im Innern Frieden und
2338 3918 3375 3965 Ordnung zu ſchaffen. Die wichtigſte Frage iſt aber nicht,
2338 3962 3372 4007 ob Paſic oder ein anderer den Vorſitz im Miniſterrat
2338 4005 3374 4049 führen wird, ſondern wer das Portefeuille des Aeußern
2335 4047 3376 4091 übernimmt. Davon hängt für Serbien und für den
2335 4090 3376 4136 Balkan außerordentlich viel ab, und wenn es nicht mög⸗
2342 4133 3378 4179 lich ſein ſollte, Milovanovic zum Bleiben zu veranlaſſen,
2339 4176 3375 4221 muß man hoffen, daß ſein Nachfolger die äußere Politik
2339 4219 3374 4265 Serbiens im gleichen ruhigen Sinn fortführt, wie ſie die
2341 4263 3372 4308 letzten Jahre geführt wurde. Das iſt auch für Serbien
2337 4306 3373 4351 ſehr weſentlich, denn wenn ſich die Verhältniſſe im Innern
2341 4350 3371 4393 endlich konſolidieren ſollen, ſo iſt die erſte Vorausſetzung
2334 4394 3370 4439 dafür, daß auch eine ruhige, vorſichtige äußere Politik
2334 4437 2580 4479 gemacht wird.
2442 4515 3281 4577 Die Demiſſion des Kabinetts Paſic.
2592 4579 3110 4611 (Telegramm der „Neuen Freien Preſſe“.)
2994 4616 3333 4652 Belgrad, 30. Juni.
2422 4659 3373 4705 Das Kabinett Paſic, deſſen ſeit Herbſt vakante
2344 4702 3369 4749 Portefeuilles des Innern und des Kultus heute definitiv
2336 4747 3369 4791 beſetzt werden ſollten, ſah ſich wegen eines unerwarteter⸗
2342 4791 3372 4835 weiſe entſtandenen Konflikts zwiſchen den Miniſtern
2341 4833 3371 4879 Protic und Prodanovic genötigt, zu demiſſio⸗
2336 4881 2514 4917 nieren.
2415 4921 3371 4965 Der Konflikt wurde durch das ungleiche Verhalten
2338 4965 3367 5008 der beiden Miniſter in der Angelegenheit des An⸗
2338 5007 3368 5052 lehens der „Uprava Fondova“ bei der Banque Rouvier
2338 5052 3371 5097 hervorgerufen. Der Finanzminiſter Protic ſah ſich daher
2334 5095 3367 5140 zum Rücktritt gezwungen. Sein Vorgehen führte zur
2330 5141 3173 5184 Demiſſion des Geſamtkabinetts.
