3488 5345
255 188 382 223 Seite 6
1014 194 1281 235 Wien, Samstag
1542 206 2115 245 Neue Freie Presse.
2379 213 2607 250 6. Juli 1895
3138 222 3321 256 Nr. 11085
204 265 1227 311 Goldlilien geſchmückt iſt, und übergab es dem Grafen de Maillé.
201 304 1230 348 Dieſer ſtellte es auf einen kleinen Altar in ſeinem Hauſe der
203 344 1226 390 Rue de l'Univerſité aus, wo ſich zahlreiche Royaliſten einfanden,
200 379 1228 428 die durch Niederknien und Gebete ihrer Verehrung für die Reliquie
200 421 1226 467 Ausdruck gaben, worauf dieſe am Sonntag Abends nach Venedig
197 459 772 499 ins „Hotel Lorédan“ gebracht wurde.
276 504 1225 551 [Diſtanzritt und Thierſchutz.] In Warſchau
193 544 1225 590 wurde kürzlich von Liebhabern des Reitſports ein Diſtanzwettritt
195 583 1225 626 auf 100 Werſt unternommen, deſſen trauriges Reſultat darin
196 622 1224 666 beſtand, daß von 40 Pferden — 36 zu Tode geritten wurden
195 660 1225 706 und die vier übrigen Pferde wol für längere Zeit unbrauchbar
194 699 1227 745 geworden ſind. Die Warſchauer Abtheilung der Kaiſerlichen Geſell⸗
194 737 1224 784 ſchaft für Thierſchutz hat jetzt beſchloſſen, die Beſitzer der 36 zu
198 776 1221 823 Tode gerittenen Pferde von dem Gerichte zur Verantwortung
193 814 443 856 ziehen zu laſſen.
277 862 1220 902 [Topographiſche Detailkarte der nordweſt⸗
190 897 1220 936 lichen Dolomiten 1:50000.] Mit dieſer Karte, welche das
190 930 1220 969 weſtliche Anſchlußblatt der im Vorjahre erſchienenen Karte der
190 964 1219 1008 Ampezzaner und Sextener Dolomiten bildet, hat die Lechner'ſche Hof⸗
188 998 1221 1039 buchhandlung allen Freunden der Dolomiten eine höchſt willkommene
189 1033 1218 1073 Gabe bereitet. Die vom k. und k. Militär⸗geographiſchen Inſtitut in
189 1067 1221 1107 Wien in muſtergiltiger Weiſe ausgeführte Karte umfaßt die Geisler⸗
190 1102 1218 1144 und Puezgruppe, den Langkofl und die Sellagruppe ſowie den Roſen⸗
187 1137 715 1174 garten nebſt der Marmoladagruppe.
274 1180 1211 1219 [Ausſtellung.] Der Wiener Kunſthändler Anton Stöckl
187 1214 1214 1253 hat im „Poſthof“ zu Karlsbad die ſiebente internationale Kunſt⸗
186 1248 1216 1289 ausſtellung, in welcher viele Wiener Meiſter vertreten ſind, unter
185 1282 1213 1325 lebhafter Theilnahme und voller Anerkennung ſeitens der vornehmen
185 1317 516 1354 Curgeſellſchaft eröffnet.
251 1382 1145 1437 Der Zeitpunkt der Gemeinderathswahlen.
940 1444 1177 1480 Wien, 5. Juli.
260 1480 1212 1528 In einem officiellen Communiqué wurde bekanntgegeben, daß
183 1519 1213 1565 die Wählerliſten in der Zeit vom 10. Juli d. J. an durch ſechs
183 1558 1211 1604 Wochen zu Jedermanns Einſicht aufliegen, daß Einwendungen
182 1597 1212 1642 gegen dieſelben in der Zeit vom 10. Juli bis einſchließlich 17. Juli
181 1635 1208 1683 vorgebracht werden können, und daß die näheren Beſtimmungen
180 1673 1209 1718 über den Ort und die Zeit der Wahlen ſeinerzeit unter Bedacht⸗
180 1712 1210 1757 nahme auf die Anordnungen der §§. 13 und 14 der Gemeinde⸗
181 1751 1208 1797 Wahlordnung ſofort nach Abſchluß des Reclamations⸗Verfahrens
180 1789 1206 1835 werden getroffen werden. Es fragt ſich nun, ob nach dieſem erſten
179 1826 1205 1871 vom Bezirkscommiſſär Dr. v. Friebeis feſtgeſtellten Termin ein
181 1866 1208 1913 Schluß auf den Zeitpunkt der Wahlausſchreibung gezogen werden
180 1905 908 1947 kann. Diesfalls kommt Folgendes in Betracht:
261 1944 1207 1990 §. 101 des Gemeindeſtatuts für Wien ſpricht von der Auf⸗
181 1983 1203 2028 löſung des Gemeinderathes durch den Statthalter und ordnet an,
181 2022 1205 2069 daß die Neuwahl des Gemeinderathes binnen ſechs Wochen aus⸗
178 2059 1204 2106 geſchrieben werden muß. Dieſe geſetzliche Beſtimmung kann nur
179 2098 1205 2140 den Sinn haben und wurde auch von der beſtandenen Gemeinde⸗
178 2135 1202 2185 vertretung in der Weiſe ausgelegt, daß binnen ſechs Wochen nach
178 2176 1202 2222 Auflöſung eines Gemeinderathes die zur Neuwahl erforderlichen
179 2215 1202 2262 Schritte veranlaßt werden müſſen, d. h. daß das Wahlgeſchäft
179 2251 1203 2300 officiell eingeleitet werden muß. Den Inhalt dieſer Ausſchreibung
172 2290 1198 2338 geben die §§. 13 und 14 der Gemeinde⸗Wahlordnung für Wien.
173 2330 1195 2377 Im §. 13 wird insbeſondere angeordnet, daß nach Bezirken und
170 2366 1194 2413 Wahlkörpern abgeſonderte Wählerliſten zu verfaſſen und in jedem
171 2407 1195 2454 Bezirke mindeſtens vier Wochen vor der Wahl zu Jedermanns
172 2445 1199 2492 Einſicht aufzulegen ſind. Es heißt hier ausdrücklich „mindeſtens
167 2481 1194 2532 vier Wochen“; daraus ergibt ſich, daß auch ein längerer Zeitraum
170 2523 1195 2571 gewählt werden kann. Der zur Beſorgung der Communalgeſchäfte
169 2560 1196 2608 beſtellte k. k. Bezirkshauptmann hat den früher in der Gemeinde⸗
170 2600 1194 2649 vertretung lautgewordenen und auch jetzt vom Beirathe aufrecht⸗
167 2636 1190 2687 erhaltenen Wünſchen Rechnung getragen, indem er beſtimmte, daß
167 2677 1195 2725 die Wählerliſten ſechs Wochen zu Jedermanns Einſicht offen zu
166 2713 1191 2761 halten ſind. Dieſe ſechswöchentliche Friſt beginnt mit dem 10. Juli
167 2752 1192 2802 und endigt ſonach am 21. Auguſt. Soll dieſe Friſt einen Zweck
164 2791 1190 2838 haben, ſo muß es möglich ſein, innerhalb dieſer Friſt, ſonach auch
164 2831 1191 2880 noch am 21. Auguſt, Eintragungen und Löſchungen in dieſer
164 2869 1188 2917 Wählerliſte vorzunehmen, da ſonſt das Aufliegen der Wählerliſten
167 2907 383 2947 zwecklos wäre.
245 2947 1194 2996 Am 21. Auguſt wird ſeit der am 30. Mai erfolgten Auf⸗
166 2985 1194 3034 löſung des Gemeinderathes ein Zeitraum von 83 Tagen, das
167 3023 1193 3071 ſind ungefähr 12 Wochen, verfloſſen ſein. Der hiemit beobachtete
165 3060 1192 3112 Vorgang entſpricht nicht nur dem Geſetze, ſondern auch dem
165 3101 1191 3150 Wunſche der beſtandenen Gemeindevertretung, daß die Liſten
163 3138 1192 3186 ſechs Wochen aufliegen, und damit offenbar auch der Rechts⸗
164 3178 1191 3228 anſchauung, die übrigens bei dem Wortlaute des ſchon
164 3215 1188 3266 citirten §. 13 der Wahlordnung unbeſtreitbar iſt, daß zur
163 3255 1188 3302 Offenhaltung der Wählerliſten ein beliebiger, jedenfalls vier
164 3292 1188 3343 Wochen überſchreitender Termin zu beſtimmen iſt. Iſt aber
162 3330 1187 3383 dieſe Concluſion richtig, dann kann die Beſtimmung des §. 101:
163 3368 1186 3423 „Die Neuwahl muß binnen ſechs Wochen ausgeſchrieben werden“,
161 3407 1186 3460 nicht etwa dahin aufgefaßt werden, daß damit geſagt iſt, jene
164 3448 1188 3498 Ausſchreibung, welche §. 14 der Wahlordnung meint, in⸗
161 3488 1186 3537 dem derſelbe ſagt: Zur Vornahme der Wahl hat der
160 3523 1183 3577 Bürgermeiſter acht Tage vorher die Wahlausſchreibung ꝛc.
159 3565 1184 3614 bekanntzumachen, habe binnen ſechs Wochen nach Auflöſung der
160 3603 1185 3653 Gemeindevertretung ſtattzufinden, denn ſonſt wäre ſchon jetzt, obwol
157 3640 1185 3691 der von der ſeinerzeitigen Gemeindevertretung gewünſchte Vorgang
159 3680 1183 3731 beobachtet worden iſt, eine Ueberſchreitung der im Geſetze in
158 3716 1182 3769 Ausſicht genommenen ſechswöchentlichen Friſt eingetreten. Der
156 3758 1182 3807 §. 101 kann vielmehr nur den Sinn und die Bedeutung haben,
156 3796 1185 3844 daß, wie oben bemerkt, ſechs Wochen nach Auflöſung der Gemeinde⸗
155 3834 1182 3884 vertretung die Einleitung des Wahlgeſchäftes ſtattfinde, nicht aber
157 3871 1181 3924 etwa die im §. 14 der Wahlordnung beſtimmte Wahlausſchreibung
153 3910 1181 3963 mit einem achttägigen Termin zur wirklichen Vornahme der Wahl
153 3951 257 3991 erfolge.
231 3987 1182 4040 Bei Ablauf der ſechswöchentlichen Friſt, während welcher die
154 4027 1180 4079 Wählerliſten zur öffentlichen Einſicht aufliegen, wird es ſich
154 4066 1179 4118 darum handeln, was weiter zu verfügen iſt, was wieder
153 4106 1179 4155 davon abhängt, welche Aenderungen einmal durch das
153 4144 1179 4194 Reclamations⸗Verfahren und dann während der ſechswöchentlichen
151 4182 1176 4232 Kundmachungsfriſt an den Wählerliſten vorgekommen ſind.
153 4219 1178 4271 Es heißt, daß ſchon jetzt dreitauſend Eintragungen ſtatt⸗
152 4259 1176 4310 gefunden haben; es iſt leicht möglich, daß die Anzahl der noch
153 4295 1176 4347 weiter ſtattfindenden Aenderungen eine außerordentlich bedeutende
150 4334 1173 4387 iſt, und es dürfte ſich empfehlen, dieſe Veränderungen in einem
150 4374 1174 4425 Nachtrage zu den gedruckten Wählerliſten zu ſammeln und den
150 4413 1176 4464 gedruckten Nachtrag den Wählern, nach Bezirken geordnet, zuzu⸗
150 4451 1173 4503 ſtellen. Von dem Umfange dieſer Geſchäfte dürfte nach unſerer
149 4490 1174 4540 Anſicht die Beſtimmung des Termins abhängen, an welchem die
149 4528 1170 4579 Wahlausſchreibung im Sinne des §. 14 der Wahlordnung erfolgt.
224 4566 1172 4618 Dieſer Paragraph beſtimmt: Zur Vornahme der Wahl hat
146 4606 1172 4659 der Bürgermeiſter acht Tage vorher die Wahlausſchreibung ꝛc. be⸗
146 4643 1169 4696 kannt zu machen. Es entſteht nun die Frage: Muß der Termin
145 4680 1170 4735 vom Tage der Bekanntmachung der Wahlausſchreibung bis zur
145 4721 1173 4773 Vornahme der Wahl gerade acht Tage ſein? Darf dieſe Friſt
144 4759 1168 4811 nicht länger und nicht kürzer ſein? Die wörtliche Auslegung dieſer
144 4797 1170 4850 Beſtimmung führt zunächſt zu der Schwierigkeit, daß das Wahl⸗
143 4836 1170 4887 geſchäft ſelbſt bei dem Vorkommen von engeren Wahlen leicht
144 4875 1167 4926 zehn bis vierzehn Tage in Anſpruch nehmen kann, und es könnte
144 4913 1167 4964 daher der §. 14 bei der ſtrengſten Auslegung nur den Sinn
145 4953 1167 5005 haben, daß acht Tage nach der Bekanntmachung der Wahlaus⸗
143 4988 1165 5043 ſchreibung mit der Wahl zu beginnen iſt, nicht aber die Wahl
145 5028 1164 5083 vorzunehmen iſt. Uns ſcheint, daß §. 14 nur die Abſicht hat,
143 5065 1165 5122 einen Minimaltermin feſtzuſetzen, damit nicht etwa vom Tage der
146 5104 1167 5163 Bekanntmachung der Wahlausſchreibung bis zum Wahltermine
145 5142 918 5192 ſelbſt ein allzu kurzer Zeitraum angeordnet werde.
1349 276 2290 329 Aus dem Geſagten ergibt ſich, daß die Zeit nach dem
1270 312 2291 366 21. Auguſt dazu verwendet werden muß, um die Wählerliſten
1269 352 2291 405 endgiltig richtigzuſtellen, die durch die vorgenommenen Corecturren
1270 391 2294 444 ſich ergebenden Nachträge zu ordnen, Wiederholungen in den⸗
1270 428 2294 483 ſelben, das iſt die Eintragungen eines und desſelben Wählers in
1270 469 2293 522 mehreren Bezirken, hintanzuhalten und die auf dieſe Weiſe geord⸗
1268 507 2290 558 neten und in Druck gelegten Nachträge den Wählern zuzuſenden.
1268 545 2292 597 Bei der Größe der Arbeit dürfte damit das Ende des Monats
1267 584 2294 639 Auguſt und ein Theil des Monats September in Anſpruch ge⸗
1267 623 2290 675 nommen werden, und es muß dann dem §. 14 entſprechend zur
1265 661 2295 716 Vornahme der Wahl die Wahlausſchreibung bekanntgemacht wer⸗
1266 699 2291 755 den, ſo daß die Wahlen ſelbſt im beſten Falle gegen Ende Sep⸗
1264 738 2292 791 tember werden vorgenommen werden können, wenn nicht die
1265 777 2293 834 Fertigſtellung der aufgelegten Liſten und der Nachträge Schwierig⸗
1262 816 2292 868 keiten hervorrufen, über die man ſich vorläufig kein genaues Bild
1261 854 2290 906 machen kann, zumal wenn man in Betracht zieht, daß durch den
1260 892 2291 946 Auguſt⸗Ausziehtermin viele Veränderungen in den Wählerliſten
1261 930 1658 974 werden verurſacht werden.
1545 1002 1993 1051 Vereins⸗Nachrichten.
1339 1050 2289 1103 [An die Abiturienten der deutſchen Mittel⸗
1259 1088 2289 1144 ſchulen.] Einem ſoeben erſchienenen Aufruf entnehmen wir
1260 1125 1524 1169 folgende Stellen:
1344 1174 2283 1224 Commilitonen! Ihr ſteht vor einem neuen Abſchnitt eures
1258 1208 2286 1259 Lebens. Befreit vom Zwange enger Verhältniſſe, tretet ihr in die
1256 1243 2287 1292 Welt hinaus und eine neue Umgebung, ein erweiterter Geſichtskreis
1256 1277 2275 1327 umfängt euch. Nicht mehr, wie bisher, geleitet von Eltern und Lehrern
1257 1311 2287 1362 ſondern ſelbſtſtändig und auf eigenes Handeln und Wollen ange⸗
1256 1347 2281 1395 wieſen, ſollt ihr eure Studien an der Hochſchule fortſetzen und lockend
1255 1380 2285 1430 winkt euch die goldene Freiheit des akademiſchen Lebens. Doch auch
1254 1415 2282 1464 Pflichten erwarten euch, große Aufgaben harren ihrer Vollendung.
1256 1447 2280 1499 Jünger der Wiſſenſchaft ſollt ihr werden und mit friſcher Begeiſterung
1255 1484 2283 1535 unverdroſſen an eurer geiſtigen und ſittlichen Ausbildung und Ver⸗
1255 1518 2281 1568 vollkommnung arbeiten. Aber wenn dies auch der erſte und unmittel⸗
1255 1552 2283 1603 barſte Zweck iſt, der euch in die Hallen unſerer ehrwürdigen Alma
1253 1587 2279 1638 mater führt, ſo iſt es doch nicht der einzige. Noch ein Zweites gibt
1254 1623 2279 1672 es, gar wohl geeignet, jugendliche Herzen höher ſchlagen zu laſſen und
1253 1656 2280 1706 das Feuer edler Begeiſterung für eine gute und große Sache in ihnen
1253 1692 2281 1740 zu entzünden. Es iſt die nationale Idee, die flammende reine
1249 1725 2279 1774 Liebe zu unſerm theuren deutſchen Volksthum, die warme
1256 1760 2279 1809 Antheilnahme an ſeinem Blühen und Gedeihen, der feſte Wille, alle
1251 1793 2281 1842 Kräfte einzuſetzen im Kampfe für die edlen Güter unſerer angeſtammten
1253 1827 2280 1878 Sprache und Sitte, für die unvergänglichen Ideale der Freiheit
1251 1862 2281 1913 und des Fortſchritts. Dies zu bethätigen, bedarf es eines ge⸗
1251 1895 2275 1947 meinſamen Mittelpunktes, der alle Gleichgeſinnten an ſich heranzieht,
1250 1932 2272 1981 ſie durch das Band treuer Freundſchaft unter einander verbindet und
1249 1966 2271 2015 ihnen in dem Gefühle der Zuſammengehörigkeit und Einigkeit einen feſten
1249 2000 2276 2050 Rückhalt gibt, der ihre feurige Thatkraft in die rechten Bahnen lenkt,
1250 2038 2274 2085 der ſie zu dem bildet, was ſie werden ſollen, zu wackeren deutſchen
1248 2069 2274 2120 Männern. Eine ſolche Vereinigung iſt die „Deutſch⸗akademiſche
1248 2104 2274 2154 Leſe⸗ und Redehalle in Wien“, und ſie ladet hiedurch alle
1247 2140 2275 2189 diejenigen von euch, welche im kommenden Herbſte eine der Wiener
1247 2173 2273 2224 Hochſchulen zu beziehen gedenken, zum Beitritt ein. Ihre Leſezimmer,
1247 2207 2276 2258 in welchen die bedeutendſten politiſchen, wiſſenſchaftlichen und belle⸗
1247 2241 2272 2291 triſtiſchen Zeitſchriften des In⸗ und Auslandes, insbeſondere faſt
1245 2276 2272 2325 ſämmtliche deutſchöſterreichiſchen Provinzblätter — im Ganzen gegen
1246 2309 2272 2360 200 verſchiedene Zeitungen — aufliegen, ſind den Vereinsmitgliedern
1246 2347 2271 2393 täglich zur Benützung zugänglich. Eine reichhaltige Bibliothek ſteht
1245 2379 2273 2428 ihnen zur Verfügung und wiſſenſchaftliche Vorträge aus allen Wiſſens⸗
1243 2413 2273 2460 gebieten geben ihnen reichliche Gelegenheit, nicht nur ſich eine um⸗
1245 2449 2271 2499 faſſende, über die Einſeitigkeit des Fachſtudiums hinausgehende allge⸗
1244 2481 2269 2532 meine Bildung anzueignen, ſondern auch durch gegenſeitigen freien
1243 2517 2269 2567 Gedankenaustauſch ſich ein klares Urtheil über die großen Probleme
1241 2550 2269 2601 unſerer Zeit zu bilden. Wir treiben nicht Politik. Die Pflege
1242 2585 2270 2636 der Wiſſenſchaften und des geſelligen Zuſammenſchluſſes aller jener
1240 2620 2271 2668 deutſchen Hochſchüler, welche hierin das wahre Ziel eines Studenten⸗
1242 2655 2268 2705 vereines erblicken, iſt unſer alleiniger Zweck. Und bei der Verfolgung
1242 2688 2269 2739 dieſer unſerer Beſtrebungen halten wir uns frei von jeder eng⸗
1240 2723 2268 2774 herzigen Beſchränkung. Jeder gilt uns als Deutſcher, der
1240 2757 2266 2808 ſich als Sohn des deutſchen Volkes fühlt, der ein warmes Herz beſitzt
1238 2792 2266 2842 für die Freuden und Leiden des deutſchen Volkes, der von aufrichtiger
1237 2825 2266 2876 Liebe für ſein Volk beſeelt iſt. — Anmeldungen werden auch während
1238 2861 2266 2914 der Ferien in unſerem Local (Wien, VII/2, Siebenſterngaſſe 25)
1238 2896 1878 2940 mündlich oder ſchriftlich entgegengenommen.
1321 2935 1661 2980 Wien, im Juli 1895.
1478 2983 2026 3028 Mit deutſchem Gruß und Handſchlag
1237 3022 2264 3072 Der Ausſchuß der Deutſch⸗akademiſchen Leſe⸗ und
1549 3062 1950 3098 Redehalle in Wien.
1321 3099 2261 3148 [„Kinderhort.“] Herr Max Ritter v. Gutmann hat
1233 3133 2261 3185 anläßlich des Ablebens ſeines Vaters, des Herrn Wilhelm Ritter
1233 3168 2261 3219 v. Gutmann, dem kürzlich errichteten Frauen⸗Wohlthätigkeitsvereine
1234 3203 2262 3253 „Kinderhort“ eine Spende von 200 fl. zukommen laſſen. Der Zweck
1234 3238 2259 3287 des Vereins, der allenthalben der lebhafteſten Theilnahme begegnet,
1232 3272 2258 3322 beſteht darin, für die ärmſten Kinder eine Heimſtätte zu gründen, wo
1231 3304 2260 3357 ſie in der Zeit zwiſchen dem Vor⸗ und Nachmittags⸗Unterrichte beauf⸗
1231 3341 2258 3390 ſichtigt und ein warmes Mittageſſen erhalten werden. Der Verein hat
1231 3375 2257 3425 von der Commune Wien zu dieſem Zwecke bereits einen Schulſaal
1229 3410 2256 3460 zugewieſen erhalten und wird ſeine Thätigkeit bei Beginn des nächſten
1231 3444 2256 3494 Schuljahres aufnehmen können. Nähere Auskunft ertheilt die Vereins⸗
1229 3479 2092 3526 Präſidentin Frau Thereſe Loewenberg, I., Freiung 1.
1315 3522 2254 3571 [Verſammlung der Poſtbedienſteten.] Sonntag den
1228 3555 2256 3606 7. d., 5 Uhr Nachmittags, findet in der „Reſſource“ (I., Reichsraths⸗
1229 3590 2255 3640 ſtraße 3) eine außerordentliche General⸗Verſammlung des Reichs⸗
1227 3624 2256 3676 vereines der Poſt⸗ und Telegraphen⸗Bedienſteten Oeſterreichs (nicht⸗
1227 3658 2255 3711 politiſche Vereinigung) ſtatt. Auf der Tagesordnung ſteht als erſter
1226 3691 2114 3741 Punkt die Formulirung von Forderungen an die Regierung.
1557 3764 1925 3809 Localbericht.
1313 3812 2253 3862 [Der Wunderknabe Otto Pöhler.] Im oberen Saale
1226 3847 2251 3898 der Gartenbau⸗Geſellſchaft iſt für das große Publicum der 2 ½ jährige
1224 3879 2251 3933 Kleine, der im officiellen Anzeiger den Beinamen der „Wunderknabe“
1225 3915 2251 3963 führt, zu ſehen. Auf einer kleinen Eſtrade tummelt ſich das Kind mit
1226 3950 2250 3999 der ſeinem Alter eigenen Lebhaftigkeit und lieſt Gedrucktes und Ge⸗
1225 3985 2249 4035 ſchriebenes in deutſcher und lateiniſcher Schrift, leicht und fließend.
1224 4019 2249 4070 Dann ſpringt und tollt der Knabe auf der Eſtrade umher, paſcht
1222 4054 2249 4103 mit den Händen, doch folgt er willig, wenn Mama mit freude⸗
1224 4087 2248 4136 ſtrahlendem Geſicht ihr Ottochen zur Ruhe mahnt oder ihm ein von
1222 4123 2246 4172 den Anweſenden gereichtes bedrucktes oder beſchriebenes Blatt reicht,
1222 4154 2246 4206 deſſen Inhalt das Kind leſen ſoll. Dies geſchieht ganz ungezwungen,
1218 4191 2246 4239 nur wenn der Kleine ein Wort lieſt, das ihm fremd iſt, hebt er das
1218 4225 2244 4274 Köpfchen in die Höhe, guckt die Leute mit ſeinen klugen Aeuglein
1221 4259 2242 4309 treuherzig an und ſagt dann das Geleſene herunter. Die Production,
1219 4294 2243 4343 die täglich in den Nachmittagsſtunden von 5 bis 8 Uhr mit einigen
1218 4328 2242 4377 Pauſen dauert, macht, ſo weit bisher beobachtet werden konnte, den
1220 4363 2245 4411 Eindruck des Ungezwungenen, zumal dem Kinde volle Freiheit ge⸗
1217 4396 2243 4445 währt wird, nach ſeinem Belieben zu leſen. Das Publicum, darunter
1218 4431 2244 4481 insbeſondere viele Damen, ſteht ſtaunend vor dem Kleinen, der gut⸗
1216 4464 2239 4515 müthig und freundlich Jedem zum Abſchiede ſein Händchen reicht.
1216 4500 2242 4550 Ob eine längere Fortdauer der Production nicht doch ſchädlich auf
1217 4534 2128 4581 den Organismus wirken könne, müßten die Aerzte entſcheiden.
1302 4577 2239 4626 [Stabsarzt Dr. Rammel.] Eine große Anzahl von
1212 4611 2241 4659 Leidtragenden erwies heute dem Chef⸗Arzte des Officierstöchter⸗
1214 4645 2240 4695 Inſtitutes in Hernals, Stabsarzt Dr. Franz Rammel, die letzte
1215 4678 2238 4728 Ehre. Als militäriſcher Conduct war ein Bataillon des 2. Regiments
1214 4715 2238 4763 der Tiroler Kaiſerjäger mit der Muſik ausgerückt. Der Einſegnung,
1214 4747 2236 4795 die in der Capelle des Garniſonsſpitals Nr. 1 ſtattfand, wohnten
1212 4783 2236 4831 viele Stabs⸗ und Ober⸗Officiere, Mitglieder des militär⸗ärztlichen
1211 4817 2237 4866 Officierscorps, der Lehrkörper des Officierstöchter⸗Erziehungs⸗Inſtitutes
1211 4851 2237 4900 und die Hinterbliebenen bei. Nach Paſſiren des Conductes gab das
1209 4886 2237 4936 Bataillon die Ehrenſalve ab. Die Leiche wurde auf dem Central⸗
1211 4920 1478 4959 Friedhofe beerdigt.
1298 4960 2236 5005 [Zur Antiſemiten⸗Verſamlung in den Lanner⸗
1210 4993 2234 5044 ſälen.] Polizeilich wird hierüber noch gemeldet: Nach der geſtern
1210 5028 2234 5077 im „Lannerſaal“ ſtattgehabten Wählerverſammlung des „Wahlcomités
1209 5060 2234 5112 der Vereinigten Chriſten“ im erſten Bezirke hatte ſich ein Theil der
1208 5094 2233 5146 Beſucher der Verſammlung an der Rahlſtiege aufgeſtellt und brachte
1208 5131 2233 5181 demonſtrative Rufe auf die Reichsraths⸗Abgeordneten Dr. Lueger
1208 5163 2236 5218 und Alois Prinz Liechtenſtein aus. Als Sicherheiswache
2336 291 3363 340 zur Ruhe und zum Verlaſſen des Platzes ermahnte, wurde es auch
2336 324 3364 374 alsbald ſtill. Ein Schuhmachergehilfe mußte wegen Nichfolgeleiſtung
2335 361 3361 406 arretirt werden. Auch im Verſammlungslocale war es zu einem
2335 394 3363 438 kleinen Zwiſchenfall gekommen, indem ein Mann von den Ordnern
2334 428 3362 472 aus dem Locale gewieſen wurde. Daß derſelbe mißhandelt und be⸗
2335 462 3363 510 droht worden wäre, wurde von den anweſenden Amtsorganen nicht
2335 496 2564 534 wahrgenommen.
2421 540 3362 586 [Der erkrankte Caiſſon⸗Arbeiter.) In dem Be⸗
2335 573 3361 622 finden des geſtern ſchwer erkrankten 32jährigen Caiſſon⸗Arbeiters
2332 607 3363 654 Karl Schneider, dem auf der Klinik des Profeſſors v. Schrötter
2334 642 3361 690 im allgemeinen Krankenhauſe ſowol ſeitens der kliniſchen Aerzte als
2334 677 3361 725 auch ſeitens des Vorſtandes der Ohrenklinik, Profeſſor Dr. Joſeph
2332 711 3361 759 Gruber, die entſprechende Behandlung zu Theil wird, iſt eine aller⸗
2334 747 3361 793 dings nur geringfügige Beſſerung zu verzeichnen, welche indeß nach
2334 782 3360 827 den bisherigen Erfahrungen in Anſehung der früher erkrankten
2333 815 3359 862 Caiſſon⸗Arbeiter, deren Zahl bei 30 beträgt, die Wiederherſtellung
2332 848 3359 896 auch dieſes Arbeiters erhoffen läßt. Die drei mit der Beobachtung
2332 882 3359 930 der Caiſſon⸗Arbeiter betrauten Permanenz⸗Aerzte der Schrötter'ſchen
2331 918 3358 965 Klinik ſtellen ihre Studien auch im Caiſſon ſelbſt an, wohin ſie ſich
2331 951 3359 999 alternirend Tag für Tag begeben. Der Vorſtand des hygieniſchen
2330 985 3359 1033 Inſtituts, Ober⸗Sanitätsrath Profeſſor Dr. Max Gruber, der
2330 1019 3358 1068 ſeitens des Miniſteriums des Innern mit dem Studium der Caiſſon⸗
2329 1054 3362 1103 krankheit und der Erſtattung zweckdienlicher Vorſchläge zur Hintan⸗
2327 1090 3358 1137 haltung derſelben betraut worden iſt, ſoll bereits in der nächſten
2330 1122 3353 1170 Sitzung des Oberſten Sanitätsrathes das Referat erſtatten. Wie ver⸗
2330 1158 3357 1206 lautet, ſoll eine Verkürzung der Arbeitszeit im Caiſſon von vier auf
2328 1191 2963 1236 drei oder zwei Stunden eingeführt werden.
2415 1236 3357 1283 [Ein falſches Gerücht.] Die Betriebs⸗Direction der
2329 1268 3357 1319 Staatsbahnen erſucht uns um Veröffentlichung folgender Richtig⸗
2327 1304 3359 1353 ſtellung: Mehrere geſtrige Abendblätter und heutige Morgenblätter
2328 1339 3356 1385 bringen die Mittheilung, daß in Preßbaum ein der Locomotiv⸗
2327 1372 3354 1420 Bedienung unkundiger Arbeiter eine Maſchine beſtieg, ſie in Gang
2325 1406 3354 1456 ſetzte und ſie nicht mehr aufzuhalten vermochte, ſo daß er mit ihr bis
2326 1442 3353 1488 nach Purkersdorf fuhr, woſelbſt die Locomotive nur durch die Geiſtes⸗
2324 1476 3353 1523 gegenwart des Stationsvorſtandes auf ein Nebengeleis gelenkt und ſo
2325 1509 3353 1559 zum Stillſtande gebracht wurde. Dieſe Notiz iſt ihrem vollen Inhalte
2324 1543 2589 1583 nach unbegründet.
2410 1588 3350 1635 [Falken auf dem Joſephsplatze.] Den zahlreichen
2323 1619 3351 1667 Paſſanten des Joſephsplatzes wird es nicht entgangen ſein, daß ſeit
2321 1656 3349 1702 nahezu zwei Wochen auf dieſem Platze auch nicht eine einzige Taube
2318 1689 3349 1738 mehr zu ſehen iſt, während es auf dem inneren Burgplatze deren noch
2322 1723 3352 1771 eine Menge gibt. Die Scheu der Tauben vor dem Joſephsplatze er⸗
2322 1759 3352 1806 klärt ſich dadurch, daß ſeit einiger Zeit zwei Paare kräftiger Thurm⸗
2321 1793 3350 1840 falken ſich hier heimiſch niedergelaſſen haben, welche auf die Tauben
2321 1826 3348 1875 und Sperlinge Jagd machten und auch welche erbeuteten. Nun ſind
2321 1861 3348 1910 die Falken allein Beherrſcher des Platzes und wiederholt kann man
2321 1897 3347 1945 ſie den Platz umkreiſen, ſowie auf den Geſimſen ſich niederlaſſen
2320 1929 2823 1972 ſehen, wo ſie ihr Geſchrei erheben.
2408 1974 3348 2021 [Vom Dornbacher Friedhofe.] In der heute ſtatt⸗
2320 2007 3347 2056 gehabten Sitzung des Hernalſer Bezirksausſchuſſes wurde der Beſchluß
2317 2042 3350 2090 gefaßt, aus Anlaß der Auflaſſung des alten Dornbacher Friedhofes
2321 2078 3346 2125 beim Magiſtrat einzuſchreiten, daß die Gebeine des ſeit dem Jahre
2320 2111 3346 2158 1857 beerdigten Schauſpielers Wenzel Scholz exhumirt und auf dem
2317 2146 3346 2194 Central⸗Friedhofe in einem Ehrengrabe beerdigt werden ſollen. Hiebei
2316 2180 3346 2227 wurde darauf hingewieſen, daß ſich um die Grabſtätte ſchon ſeit
2315 2212 3344 2262 vielen Jahren Niemand kümmere, obgleich Scholz als Schauſpieler
2315 2247 3344 2296 eine hervorragende Rolle in der Entwicklung der Wiener Volksbühne
2315 2282 3340 2330 geſpielt hat. Gleichzeitig wurde beſchloſſen, die Grabdenkmale des
2314 2317 3339 2365 Dichters Sauter und des Generals Clerfait renoviren und
2312 2352 2924 2393 neue Grabſteintafeln anbringen zu laſſen.
2398 2396 3340 2446 [Aufgelaſſenes Wachgebäude.] Das Wachlocale für
2312 2433 3341 2480 die Wache auf dem techniſchen Uebungsplatze auf der Schmelz wurde
2312 2466 3340 2517 aufgelaſſen. Morgen wird das neue Wachlocale, welches ſich in dem
2311 2501 3340 2550 für dieſen Zweck adaptirten Zimmer Nr. 3 des Objectgebäudes be⸗
2311 2535 2644 2573 findet, bezogen worden.
2396 2578 3339 2627 [Lebensmüde.] Heute Morgens hat der 41jährige Kutſcher
2310 2612 3338 2659 Friedrich Pölzel, XIII., Beckmanngaſſe 13 wohnhaft, einen Selbſt⸗
2308 2646 3343 2697 mordverſuch durch Erhenken gemacht; derſelbe wurde von den Func⸗
2309 2679 3336 2729 tionären der Unter⸗St. Veiter Freiwilligen Rettungsgeſellſchaft in
2312 2717 3336 2764 bewußtloſem Zuſtande in das St. Rochusſpital nach Penzing ge⸗
2309 2750 3334 2798 bracht. Das Motiv der That iſt Arbeitsloſigkeit. — Heute Mittags
2308 2784 3336 2833 um ½ 1 Uhr ſprang ein Mann von der Kronprinz⸗Rudolphsbrücke
2308 2818 3337 2866 in den Donauſtrom und verſchwand ſogleich in den Wellen. Seine
2308 2852 3011 2896 Identität konnte bisher nicht feſtgeſtellt werden.
2391 2896 3337 2945 [Der „Kinderräuber“.] Der 42jährige Schneidergehilfe
2306 2929 3338 2978 Albert Swoboda, Währing, Antonigaſſe Nr. 17 wohnhaft, wurde
2305 2963 3334 3012 geſtern Nachmittags in Hernals wegen zudringlichen Bettelns arretirt.
2304 2998 3337 3050 Der in Begleitung Swoboda's befindliche Hausbeſorger Joſeph
2306 3031 3335 3082 Maſchl entfernte ſich vor Erſcheinen des Wachmannes, worauf ihm
2302 3066 3333 3116 mehrere hundert halbwüchſige Kinder unter den Rufen: „Kinderdieb!
2302 3102 3333 3152 Kinderräuber!“ nacheilten. Um dem Aufſehen auszuweichen, trat Maſchl
2301 3135 3333 3186 in die Branntweinſchänke des Joſeph Koſtron, doch die Kinderſchaar
2302 3170 3332 3221 folgte ihm auch dahin und wiederholte die Rufe ſo lange, bis
2302 3204 3098 3250 mehrere Sicherheitswachmänner die Menge zerſtreuten.
2387 3249 3331 3296 [Zuſammenſtoß zweier Wagen.] Geſtern Abends um
2299 3281 3330 3333 8 Uhr fuhr ein Stellwagen durch die Preßgaſſe gegen die Wienſtraße,
2299 3317 3329 3365 als in entgegengeſetzter Richtung ein Tramwaywaggon kam. Der
2300 3351 3328 3402 Stellwagenkutſcher ſtieß mit ſeinem Fahrzeuge an den Tramway⸗
2299 3387 3328 3436 wagen derart an, daß alle Fenſterſcheiben der ihm zugekehrten Wagen⸗
2300 3419 3327 3469 ſeite in Trümmer gingen. Von den Paſſagieren wurde zum Glücke
2298 3455 3324 3505 Niemand verletzt. Gegen den Stellwagenkutſcher iſt die Strafamts⸗
2299 3490 2718 3528 handlung eingeleitet worden.
2482 3558 3140 3609 Theater⸗ und Kunſtnachrichten.
3049 3617 3290 3658 Wien, 5. Juli.
2372 3648 3323 3703 — Leoncavallo's „Medici“ werden in den erſten Tagen des
2294 3688 3323 3739 November im Hofoperntheater aufgeführt werden. Der
2296 3727 3080 3777 Componiſt wird der erſten Aufführung beiwohnen.
2370 3772 3319 3826 — Das „Berliner realiſtiſche Enſemble“, an dem Frau
2293 3812 3323 3866 Auguſte Wilbrandt⸗Baudius neben anderen hervorragenden Schau⸗
2292 3851 3319 3905 ſpielkräften erſter Berliner Bühnen darſtelleriſch thätig iſt, wird
2292 3889 3317 3945 nach einem erfolgreichen vierzehntägigen Gaſtſpiel in Leipzig vom
2291 3926 3320 3982 8. Juli an im Deutſchen Volkstheater in Prag Max Halbe's
2290 3967 3316 4020 Liebesdrama „Jugend“ zur Darſtellung bringen, wozu der Leiter
2290 4006 3318 4057 des Enſembles, Herr Werckmeiſter vom Deutſchen Theater, die be⸗
2290 4044 3315 4098 hördliche Erlaubniß erwirkt hat. Das Drama wird dargeſtellt von
2289 4081 3315 4137 den Damen Ella Gabri (Reſidenz⸗Theater), Clara Bode (Deutſches
2289 4121 3313 4176 Theater), den Herren Albert Heine (königliches Schauſpielhaus),
2288 4159 3314 4212 Karl Werckmeiſter, Eugen Burg und Max Reinhardt (ſämmtlich
2286 4197 3312 4251 vom Deutſchen Theater). Nach dieſer für Oeſterreich bedeut⸗
2286 4236 3313 4292 ſamen Aufführung werden als zweite Première für Prag „Die
2285 4275 3314 4330 Geſpenſter“ von Henrik Ibſen geplant, die in Leipzig mit Auguſte
2285 4313 3314 4369 Wilbrandt⸗Baudius als Frau Alving, Heine als Manders, Rein⸗
2284 4352 3313 4407 hardt als Engſtrand und Werckmeiſter als Oswald enthuſiaſtiſchen
2285 4390 2646 4435 Erfolg errungen haben.
2361 4436 3312 4491 — In Berlin wird wieder ein neues Theater, das
2283 4473 3311 4532 „Theater des Weſtens“, errichtet. Dasſelbe ſoll ſchon Anfangs
2282 4511 3312 4569 October 1896 eröffnet werden. Die Direction übernimmt Herr
2281 4551 3309 4607 Witte⸗Wild. In dem „Theater des Weſtens“ ſollen nicht
2279 4587 3309 4646 blos Schau⸗ und Luſtſpiele, ſondern auch Singſpiele und kleine
2281 4629 2660 4673 Ballette gegeben werden.
2359 4675 3310 4733 — Aus Meiningen wird uns mitgetheilt: Den großen
2280 4711 3308 4771 niederrheiniſchen Muſikfeſten — Köln, Düſſeldorf und Aachen —
2280 4752 3307 4807 hat ſich ein neues angereiht, das die warme Theilnahme aller
2280 4789 3307 4846 ernſten Muſikfreunde hervorzurufen wol geeignet erſcheint. Am
2278 4829 3307 4885 27., 28. und 29. September wird in Meiningen unter dem
2278 4867 3307 4923 Protectorat des Herzogs und unter Leitung des General⸗
2276 4906 3304 4965 Muſikdirectors Steinbach ein Muſikfeſt abgehalten werden, zu
2277 4945 3304 5003 dem die hervorragendſten Inſtrumental⸗ und Geſangskünſtler be⸗
2276 4984 3305 5041 reits gewonnen ſind. Das Programm iſt in großen Zügen ſo auf⸗
2276 5022 3304 5080 geſtellt: Am 27. Vormittags Kammermuſik des Quartetts Joachim;
2275 5061 3302 5116 Abends „Matthäus⸗Paſſion“ in der Stadtkirche, mit beſonderer
2275 5099 3299 5154 Vertheilung der Chor⸗ und Orcheſtermaſſen, durch die man eine
2275 5137 3300 5198 ganz eigenartig ſchöne Klangwirkung des gewaltigen Werkes zu
2274 5175 3297 5233 erzielen hofft. Am 28. Abends Concert im Theater, in dem Joſeph
