<?xml version="1.0" encoding="UTF-8" standalone="yes"?>
<PcGts xmlns="http://schema.primaresearch.org/PAGE/gts/pagecontent/2013-07-15" xmlns:xsi="http://www.w3.org/2001/XMLSchema-instance" xsi:schemaLocation="http://schema.primaresearch.org/PAGE/gts/pagecontent/2013-07-15 http://schema.primaresearch.org/PAGE/gts/pagecontent/2013-07-15/pagecontent.xsd">
    <Metadata>
        <Creator>University of Innsbruck</Creator>
        <Created>2018-11-29T10:45:37.324+01:00</Created>
        <LastChange>2023-05-03T10:26:29.394+02:00</LastChange>
        <Comments>
                Measurement unit: pixel
                PrimaryLanguage: German
                Language: GermanStandard
                Producer: https://transkribus.eu/Transkribus/</Comments>
        <TranskribusMetadata docId="1394947" pageId="53863200" pageNr="62" tsid="120727298" status="GT" userId="99551" imgUrl="https://files.transkribus.eu/Get?id=YTSKTNTTVIDOOULAYSWKHKFD&amp;fileType=view" xmlUrl="https://files.transkribus.eu/Get?id=SGYDWPTNZSFVUVWCRRVVTBKX" imageId="38488848"/>
    </Metadata>
    <Page imageFilename="ONB_ibn_19110701_036.tif" imageWidth="3168" imageHeight="4834">
        <PrintSpace>
            <Coords points="0,0 3168,0 3168,4834 0,4834"/>
        </PrintSpace>
        <ReadingOrder>
            <OrderedGroup id="ro_1683103646921" caption="Regions reading order">
                <RegionRefIndexed index="0" regionRef="r1"/>
                <RegionRefIndexed index="1" regionRef="r2"/>
                <RegionRefIndexed index="2" regionRef="r3"/>
                <RegionRefIndexed index="4" regionRef="r4"/>
                <RegionRefIndexed index="5" regionRef="r5"/>
                <RegionRefIndexed index="6" regionRef="r6"/>
                <RegionRefIndexed index="7" regionRef="r7"/>
                <RegionRefIndexed index="8" regionRef="r8"/>
                <RegionRefIndexed index="9" regionRef="r9"/>
                <RegionRefIndexed index="10" regionRef="r10"/>
                <RegionRefIndexed index="11" regionRef="r11"/>
                <RegionRefIndexed index="12" regionRef="r12"/>
                <RegionRefIndexed index="13" regionRef="r13"/>
                <RegionRefIndexed index="14" regionRef="r14"/>
                <RegionRefIndexed index="15" regionRef="r15"/>
                <RegionRefIndexed index="16" regionRef="r16"/>
                <RegionRefIndexed index="17" regionRef="r17"/>
                <RegionRefIndexed index="18" regionRef="r18"/>
                <RegionRefIndexed index="19" regionRef="r19"/>
                <RegionRefIndexed index="20" regionRef="r20"/>
                <RegionRefIndexed index="21" regionRef="r21"/>
                <RegionRefIndexed index="22" regionRef="r22"/>
                <RegionRefIndexed index="23" regionRef="r23"/>
                <RegionRefIndexed index="24" regionRef="r24"/>
                <RegionRefIndexed index="25" regionRef="r25"/>
                <RegionRefIndexed index="26" regionRef="r26"/>
                <RegionRefIndexed index="27" regionRef="r27"/>
                <RegionRefIndexed index="28" regionRef="r28"/>
                <RegionRefIndexed index="29" regionRef="r29"/>
                <RegionRefIndexed index="30" regionRef="r30"/>
                <RegionRefIndexed index="31" regionRef="r31"/>
                <RegionRefIndexed index="32" regionRef="r32"/>
                <RegionRefIndexed index="33" regionRef="r33"/>
                <RegionRefIndexed index="34" regionRef="r34"/>
                <RegionRefIndexed index="35" regionRef="r35"/>
                <RegionRefIndexed index="36" regionRef="r36"/>
                <RegionRefIndexed index="37" regionRef="r37"/>
                <RegionRefIndexed index="38" regionRef="r38"/>
            </OrderedGroup>
        </ReadingOrder>
        <TextRegion type="header" id="r1" custom="readingOrder {index:0;} structure {type:header;}">
            <Coords points="323,105 723,105 724,162 324,159"/>
            <TextLine id="r1l1" primaryLanguage="German" custom="readingOrder {index:0;}">
                <Coords points="331,110 715,112 717,155 331,153"/>
                <Baseline points="334,146 429,146 505,145 612,147 715,148"/>
                <TextEquiv>
                    <Unicode>Seite 36. Nr. 148.</Unicode>
                </TextEquiv>
                <TextStyle fontFamily="Times New Roman" fontSize="8.0" bold="true"/>
            </TextLine>
        </TextRegion>
        <TextRegion type="header" id="r2" custom="readingOrder {index:1;} structure {type:header;}">
            <Coords points="1383,109 1941,108 1940,170 1384,169"/>
            <TextLine id="r2l1" primaryLanguage="German" custom="readingOrder {index:0;}">
                <Coords points="1392,119 1933,114 1932,163 1392,164"/>
                <Baseline points="1395,156 1654,155 1930,156"/>
                <TextEquiv>
                    <Unicode>Innsbrucker Nachrichten</Unicode>
                </TextEquiv>
                <TextStyle fontFamily="Times New Roman" fontSize="8.0" bold="true"/>
            </TextLine>
        </TextRegion>
        <TextRegion type="header" id="r3" custom="readingOrder {index:2;} structure {type:header;}">
            <Coords points="2461,113 3002,115 3002,174 2461,174"/>
            <TextLine id="r3l1" primaryLanguage="German" custom="readingOrder {index:0;}">
                <Coords points="2468,119 2989,124 2989,167 2468,170"/>
                <Baseline points="2469,157 2624,159 2715,158 2766,157 2871,158 2989,159"/>
                <TextEquiv>
                    <Unicode>Samstag den 1. Juli 1911.</Unicode>
                </TextEquiv>
                <TextStyle fontFamily="Times New Roman" fontSize="8.0" bold="true"/>
            </TextLine>
        </TextRegion>
        <ImageRegion id="Image_1682075818857_1431" custom="readingOrder {index:3;}">
            <Coords points="1407,237 1909,237 1909,460 1407,460"/>
        </ImageRegion>
        <TextRegion type="heading" id="r4" custom="readingOrder {index:4;} structure {type:heading;}">
            <Coords points="508,550 2809,560 2808,682 516,671"/>
            <TextLine id="r4l1" primaryLanguage="German" custom="readingOrder {index:0;}">
                <Coords points="519,558 2799,570 2798,674 524,662"/>
                <Baseline points="524,641 1266,644 2798,651"/>
                <TextEquiv>
                    <Unicode>Vorzügl. Kapitalsanlagen</Unicode>
                </TextEquiv>
                <TextStyle fontFamily="Times New Roman" fontSize="20.0"/>
            </TextLine>
        </TextRegion>
        <TextRegion type="paragraph" id="r5" custom="readingOrder {index:5;}">
            <Coords points="564,751 702,679 2615,688 2746,756 2744,1301 2002,1313 1320,1313 567,1292"/>
            <TextLine id="r5l1" primaryLanguage="German" custom="readingOrder {index:0;}">
                <Coords points="706,688 914,690 2276,696 2589,699 2613,702 2613,751 705,744"/>
                <Baseline points="706,731 872,732 1250,735 1380,736 1728,738 2611,740"/>
                <TextEquiv>
                    <Unicode>4 %ige Pfandbriefe der tirolischen Landes-Hypotheken-Anstalt.</Unicode>
                </TextEquiv>
                <TextStyle fontFamily="Times New Roman" fontSize="9.5" bold="true"/>
            </TextLine>
            <TextLine id="r5l2" primaryLanguage="German" custom="readingOrder {index:1;}">
                <Coords points="597,749 2720,761 2720,798 597,788"/>
                <Baseline points="600,778 757,779 893,780 941,782 1088,782 1142,782 1225,784 1306,785 1407,786 1498,785 1573,785 1692,786 1735,786 1941,786 2018,785 2130,787 2195,787 2305,788 2514,789 2720,792"/>
                <TextEquiv>
                    <Unicode>Dieselben werden in Stücken zu 100, 200, 1000, 2000 und 10.000 K ausgegeben und haftet für deren abzugsfreie Verzinsung</Unicode>
                </TextEquiv>
                <TextStyle fontFamily="Times New Roman" fontSize="7.0"/>
            </TextLine>
            <TextLine id="r5l3" primaryLanguage="German" custom="readingOrder {index:2;}">
                <Coords points="597,787 2721,797 2721,833 599,822"/>
                <Baseline points="599,814 660,815 888,816 987,817 1343,819 1577,823 1678,821 1769,821 1955,821 2148,823 2366,824 2596,824 2718,825"/>
                <TextEquiv>
                    <Unicode>und seinerzeitige volle Rückzahlung dieser statutenmäßig nur über bücherlich erworbene Hypotheken ausgestellten Pfand-</Unicode>
                </TextEquiv>
                <TextStyle fontFamily="Times New Roman" fontSize="7.0"/>
            </TextLine>
            <TextLine id="r5l4" primaryLanguage="German" custom="readingOrder {index:3;}">
                <Coords points="600,823 701,822 2721,833 2721,865 2432,867 806,860 600,856"/>
                <Baseline points="600,849 693,849 775,850 935,851 1124,853 1212,854 1354,854 1440,855 1605,856 1704,856 1748,856 1829,858 2066,856 2339,858 2424,859 2718,861"/>
                <TextEquiv>
                    <Unicode>briefe das gesamte Vermögen der Anstalt und überdies noch das Land Tirol. Pupillarsicher und rentensteuerfrei.</Unicode>
                </TextEquiv>
            </TextLine>
            <TextLine id="r5l5" primaryLanguage="German" custom="readingOrder {index:4;}">
                <Coords points="985,874 1903,880 2334,883 2334,934 984,932"/>
                <Baseline points="989,919 1024,919 1085,921 1173,919 1553,921 1678,922 1999,921 2332,924"/>
                <TextEquiv>
                    <Unicode>4 %ige Pfandbriefe der Sparkasse Innsbruck</Unicode>
                </TextEquiv>
            </TextLine>
            <TextLine id="r5l6" primaryLanguage="German" custom="readingOrder {index:5;}">
                <Coords points="596,933 2719,944 2719,984 596,972"/>
                <Baseline points="601,965 822,965 1018,965 1243,970 1340,968 1485,967 1537,968 1580,967 1653,970 1745,969 1841,971 1930,969 1964,970 2062,970 2116,970 2149,972 2368,973 2463,973 2611,973 2719,974"/>
                <TextEquiv>
                    <Unicode>pupillarsicher, Zinstermin: Februar-August, in Stücken zu K 100.—, K 1000.—, K 2000.—, K 10.000.—, bei uns genau zum</Unicode>
                </TextEquiv>
            </TextLine>
            <TextLine id="r5l7" primaryLanguage="German" custom="readingOrder {index:6;}">
                <Coords points="1138,975 2178,981 2178,1015 1138,1010"/>
                <Baseline points="1140,1004 1276,1004 1430,1005 1523,1006 1607,1005 1696,1006 1933,1007 2177,1009"/>
                <TextEquiv>
                    <Unicode>selben Kurse wie bei der Sparkasse erhältlich.</Unicode>
                </TextEquiv>
                <TextStyle fontFamily="Times New Roman" fontSize="7.0" bold="true"/>
            </TextLine>
            <TextLine id="r5l8" primaryLanguage="German" custom="readingOrder {index:7;}">
                <Coords points="669,1026 739,1026 875,1026 2622,1035 2645,1037 2645,1076 2636,1084 669,1081"/>
                <Baseline points="669,1065 704,1065 738,1068 834,1066 1463,1070 1588,1071 1798,1073 2645,1076"/>
                <TextEquiv>
                    <Unicode>4 %ige Kronen-Pfandbriefe der österr. Central-Boden-Credit-Bank.</Unicode>
                </TextEquiv>
            </TextLine>
            <TextLine id="r5l9" primaryLanguage="German" custom="readingOrder {index:8;}">
                <Coords points="595,1085 2722,1098 2722,1133 595,1123"/>
                <Baseline points="598,1114 656,1114 732,1115 936,1116 1224,1119 1430,1122 1533,1119 1749,1122 1864,1122 1975,1121 2045,1122 2355,1124 2537,1125 2608,1125 2719,1127"/>
                <TextEquiv>
                    <Unicode>Für die pünktliche Verzinsung und Rückzahlung der Pfandbriefe haftet außer der hypothekarischen Unterlage das ganze</Unicode>
                </TextEquiv>
                <TextStyle fontFamily="Times New Roman" fontSize="7.0"/>
            </TextLine>
            <TextLine id="r5l10" primaryLanguage="German" custom="readingOrder {index:9;}">
                <Coords points="1198,1126 2115,1131 2115,1165 1198,1161"/>
                <Baseline points="1200,1154 1385,1155 1463,1154 1707,1157 1891,1159 1964,1158 2114,1159"/>
                <TextEquiv>
                    <Unicode>bewegliche und unbewegliche Vermögen der Anstalt.</Unicode>
                </TextEquiv>
                <TextStyle fontFamily="Times New Roman" fontSize="7.0"/>
            </TextLine>
            <TextLine id="r5l11" primaryLanguage="German" custom="readingOrder {index:10;}">
                <Coords points="597,1156 773,1158 2719,1167 2718,1204 666,1193 597,1190"/>
                <Baseline points="598,1185 653,1185 866,1187 946,1188 1405,1189 1540,1190 1723,1192 1795,1192 2104,1193 2267,1196 2353,1195 2538,1199 2718,1197"/>
                <TextEquiv>
                    <Unicode>Die Pfandbriefe der Central-Boden-Credit-Bank können gesetzlich zur fruchtbringenden Anlegung von Pupillen-, Stiftungs-</Unicode>
                </TextEquiv>
                <TextStyle fontFamily="Times New Roman" fontSize="7.0"/>
            </TextLine>
            <TextLine id="r5l12" primaryLanguage="German" custom="readingOrder {index:11;}">
                <Coords points="891,1194 2425,1202 2425,1238 891,1230"/>
                <Baseline points="892,1224 952,1223 1260,1226 1383,1225 1438,1226 1573,1226 1654,1227 2091,1229 2281,1229 2425,1230"/>
                <TextEquiv>
                    <Unicode>und Depositengeldern, sowie zu Dienst- und Militär-Heiratskautionen verwendet werden.</Unicode>
                </TextEquiv>
                <TextStyle fontFamily="Times New Roman" fontSize="7.0"/>
            </TextLine>
            <TextLine id="r5l13" primaryLanguage="German" custom="readingOrder {index:12;}">
                <Coords points="596,1226 2717,1238 2718,1273 2549,1275 868,1267 597,1262"/>
                <Baseline points="598,1256 652,1256 731,1258 807,1257 949,1258 1071,1259 1275,1260 1329,1260 1552,1261 1791,1263 1881,1263 1957,1264 2290,1265 2392,1266 2440,1266 2551,1268 2718,1268"/>
                <TextEquiv>
                    <Unicode>Die von den Kupons obiger Pfandbriefe zu entrichtende Rentensteuer wird den Pfandbriefbesitzern nicht in Abzug gebracht,</Unicode>
                </TextEquiv>
                <TextStyle fontFamily="Times New Roman" fontSize="7.0"/>
            </TextLine>
            <TextLine id="r5l14" primaryLanguage="German" custom="readingOrder {index:13;}">
                <Coords points="1316,1268 2001,1272 2001,1308 1316,1304"/>
                <Baseline points="1318,1296 1444,1296 1573,1297 1645,1298 1745,1300 1859,1299 1998,1298"/>
                <TextEquiv>
                    <Unicode>sondern seitens der Bank selbst gezahlt.</Unicode>
                </TextEquiv>
                <TextStyle fontFamily="Times New Roman" fontSize="7.0"/>
            </TextLine>
        </TextRegion>
        <TextRegion type="heading" id="r6" custom="readingOrder {index:6;} structure {type:heading;}">
            <Coords points="639,1313 2671,1322 2670,1381 639,1376"/>
            <TextLine id="r6l1" primaryLanguage="German" custom="readingOrder {index:0;}">
                <Coords points="646,1318 2664,1327 2664,1376 646,1371"/>
                <Baseline points="649,1357 985,1360 1107,1360 1501,1362 1805,1364 2192,1366 2662,1368"/>
                <TextEquiv>
                    <Unicode>Emissionen der Ungarischen Agrar- u. Rentenbank Akt.-Gesellsch.</Unicode>
                </TextEquiv>
                <TextStyle fontFamily="Times New Roman" fontSize="9.5" bold="true"/>
            </TextLine>
        </TextRegion>
        <TextRegion type="paragraph" id="r7" custom="readingOrder {index:7;}">
            <Coords points="578,1373 2726,1395 2727,1480 2515,1479 2515,1520 2729,1521 2724,1930 579,1920"/>
            <TextLine id="r7l1" primaryLanguage="German" custom="readingOrder {index:0;}">
                <Coords points="592,1378 1725,1388 1737,1401 2720,1405 2721,1443 592,1432"/>
                <Baseline points="595,1420 631,1420 669,1424 761,1421 1197,1424 1828,1432 1865,1432 2204,1433 2269,1434 2372,1434 2597,1435 2717,1436"/>
                <TextEquiv>
                    <Unicode>4 %ige Eisenbahn-Renten-Obligationen laut ungarischen Gesetzen steuer- und gebührenfrei und</Unicode>
                </TextEquiv>
            </TextLine>
            <TextLine id="r7l2" primaryLanguage="German" custom="readingOrder {index:1;}">
                <Coords points="594,1432 2718,1442 2717,1476 594,1468"/>
                <Baseline points="596,1460 885,1462 1312,1464 1367,1465 1497,1465 1643,1468 1722,1469 1911,1467 2202,1469 2378,1469 2449,1469 2714,1466"/>
                <TextEquiv>
                    <Unicode>kautionsfähig, zu Militär-Heiratskautionen in beiden Staaten der Monarchie verwendbar, bei Anstalten der Österreichisch-</Unicode>
                </TextEquiv>
                <TextStyle fontFamily="Times New Roman" fontSize="7.0"/>
            </TextLine>
            <TextLine id="r7l3" primaryLanguage="German" custom="readingOrder {index:2;}">
                <Coords points="1272,1482 1330,1474 1405,1473 2037,1478 2037,1508 1272,1508"/>
                <Baseline points="1272,1500 1466,1501 1571,1501 1640,1502 1837,1507 2034,1504"/>
                <TextEquiv>
                    <Unicode>ungarischen Bank zur Belehnung zugelassen.</Unicode>
                </TextEquiv>
                <TextStyle fontFamily="Times New Roman" fontSize="7.0"/>
            </TextLine>
            <TextLine id="r7l4" primaryLanguage="German" custom="readingOrder {index:3;}">
                <Coords points="593,1501 1185,1506 1207,1522 2719,1530 2719,1567 593,1559"/>
                <Baseline points="596,1547 631,1547 814,1546 1084,1548 1259,1553 1327,1554 1881,1556 1947,1556 2233,1558 2359,1559 2412,1558 2539,1559 2599,1560 2715,1560"/>
                <TextEquiv>
                    <Unicode>4 ½ %ige Pfandbriefe mit vierteljähr. Kupons, rückzahlbar im Verlosungswege binnen 50 Jahren im vollen</Unicode>
                </TextEquiv>
            </TextLine>
            <TextLine id="r7l5" primaryLanguage="German" custom="readingOrder {index:4;}">
                <Coords points="666,1556 2645,1567 2645,1603 667,1594"/>
                <Baseline points="666,1585 1016,1587 1223,1589 1307,1588 1420,1589 1666,1592 1827,1591 1921,1593 1998,1592 2067,1593 2133,1595 2286,1594 2382,1595 2642,1596"/>
                <TextEquiv>
                    <Unicode>Nominalbetrage; die Pfandbriefe und deren Zinsenkupons genießen jetzt und für die Zukunft volle Steuerfreiheit.</Unicode>
                </TextEquiv>
                <TextStyle fontFamily="Times New Roman" fontSize="7.0"/>
            </TextLine>
            <TextLine id="r7l6" primaryLanguage="German" custom="readingOrder {index:5;}">
                <Coords points="592,1592 2716,1603 2716,1640 592,1628"/>
                <Baseline points="594,1622 649,1620 861,1622 954,1622 1042,1623 1210,1625 1279,1624 1547,1626 1632,1627 2227,1629 2281,1629 2716,1632"/>
                <TextEquiv>
                    <Unicode>Die Pfandbriefe sind laut Gesetzen als pupillarsicher und kautionsfähig anerkannt, weiters zu Militär-Heiratskautionen</Unicode>
                </TextEquiv>
                <TextStyle fontFamily="Times New Roman" fontSize="7.0"/>
            </TextLine>
            <TextLine id="r7l7" primaryLanguage="German" custom="readingOrder {index:6;}">
                <Coords points="592,1626 2716,1640 2715,1674 592,1664"/>
                <Baseline points="594,1656 626,1656 756,1657 902,1657 975,1658 1165,1659 1451,1659 1696,1664 2158,1664 2260,1665 2328,1665 2715,1666"/>
                <TextEquiv>
                    <Unicode>in beiden Staaten der Monarchie verwendbar, bei Anstalten der Österreichisch-ungarischen Bank zur Belehnung zugelassen.</Unicode>
                </TextEquiv>
                <TextStyle fontFamily="Times New Roman" fontSize="7.0"/>
            </TextLine>
            <TextLine id="r7l8" primaryLanguage="German" custom="readingOrder {index:7;}">
                <Coords points="593,1681 1266,1686 1278,1700 2716,1708 2716,1747 593,1736"/>
                <Baseline points="594,1724 630,1724 646,1723 661,1727 680,1726 695,1726 740,1727 814,1724 891,1724 1434,1733 1504,1733 1629,1734 1714,1735 1981,1735 2190,1736 2418,1737 2496,1738 2714,1739"/>
                <TextEquiv>
                    <Unicode>4 ½ %ige Rentenscheine emittirt auf Grund von statutengemäß erworbenen Forderungen und Werte; die</Unicode>
                </TextEquiv>
            </TextLine>
            <TextLine id="r7l9" primaryLanguage="German" custom="readingOrder {index:8;}">
                <Coords points="593,1736 2717,1747 2717,1783 593,1772"/>
                <Baseline points="595,1764 744,1766 836,1764 1112,1766 1362,1768 1496,1769 1563,1770 1676,1770 1754,1771 1920,1770 2018,1771 2064,1770 2109,1771 2198,1772 2266,1772 2360,1773 2557,1774 2714,1775"/>
                <TextEquiv>
                    <Unicode>Einlösung der vierteljährigen Zinsenkupons erfolgt im Sinne des Ges.-Art. XXII v. J. 1875 § 6 ohne Abzug der Kapital⸗</Unicode>
                </TextEquiv>
                <TextStyle fontFamily="Times New Roman" fontSize="7.0"/>
            </TextLine>
            <TextLine id="r7l10" primaryLanguage="German" custom="readingOrder {index:9;}">
                <Coords points="592,1772 2713,1782 2713,1819 592,1807"/>
                <Baseline points="595,1801 711,1801 796,1799 1054,1801 1130,1802 1393,1804 1487,1804 1581,1805 1692,1806 1763,1806 1841,1805 1923,1807 2199,1807 2275,1808 2574,1811 2713,1811"/>
                <TextEquiv>
                    <Unicode>zinsen- und Rentensteuer, die Rentenscheine sind laut Erlaß des kgl. ung. Finanzministers von Stempelgebühren befreit.</Unicode>
                </TextEquiv>
                <TextStyle fontFamily="Times New Roman" fontSize="7.0"/>
            </TextLine>
            <TextLine id="r7l11" primaryLanguage="German" custom="readingOrder {index:10;}">
                <Coords points="591,1806 2712,1818 2712,1853 591,1841"/>
                <Baseline points="594,1834 648,1835 842,1837 927,1836 1007,1837 1240,1840 1490,1839 1757,1841 1844,1842 1921,1842 1944,1843 1983,1842 2042,1843 2350,1843 2456,1845 2572,1844 2712,1845"/>
                <TextEquiv>
                    <Unicode>Die Einlösung der zur Rückzahlung gelangenden Rentenscheine mit 102 % des Nominalbetrages ohne jeden Abzug.</Unicode>
                </TextEquiv>
            </TextLine>
            <TextLine id="r7l12" primaryLanguage="German" custom="readingOrder {index:11;}">
                <Coords points="591,1841 2714,1853 2714,1886 591,1878"/>
                <Baseline points="593,1870 649,1870 908,1872 1000,1872 1089,1872 1272,1873 1610,1876 1665,1876 1863,1876 2219,1878 2290,1878 2636,1880 2715,1880"/>
                <TextEquiv>
                    <Unicode>Die Rentenscheine sind laut speziellen Ministerialerlässen in sämtlichen Verwaltungszweigen als Geschäftskautionen und</Unicode>
                </TextEquiv>
                <TextStyle fontFamily="Times New Roman" fontSize="7.0"/>
            </TextLine>
            <TextLine id="r7l13" primaryLanguage="German" custom="readingOrder {index:12;}">
                <Coords points="823,1879 2482,1885 2482,1924 823,1916"/>
                <Baseline points="824,1906 935,1907 1136,1910 1216,1909 1391,1910 1461,1909 1918,1913 2023,1914 2093,1913 2283,1916 2480,1913"/>
                <TextEquiv>
                    <Unicode>Vadien annehmbar, bei Anstalten der Österreichisch-ungarischen Bank zur Belehnung zugelassen.</Unicode>
                </TextEquiv>
                <TextStyle fontFamily="Times New Roman" fontSize="7.0"/>
            </TextLine>
        </TextRegion>
        <TextRegion id="r8" custom="readingOrder {index:8;} structure {type:reference;}">
            <Coords points="2520,1474 2725,1474 2725,1515 2520,1515"/>
            <TextLine id="r8l1" custom="readingOrder {index:0;}">
                <Coords points="2525,1477 2718,1478 2718,1512 2525,1511"/>
                <Baseline points="2525,1506 2718,1507"/>
                <TextEquiv>
                    <Unicode>1579—12—9</Unicode>
                </TextEquiv>
            </TextLine>
        </TextRegion>
        <TextRegion type="paragraph" id="r9" custom="readingOrder {index:9;} structure {type:paragraph;}">
            <Coords points="329,1933 2972,1944 2972,2318 2793,2382 489,2372 332,2298"/>
            <TextLine id="r9l1" primaryLanguage="German" custom="readingOrder {index:0;}">
                <Coords points="344,1940 2963,1952 2963,2003 344,1997"/>
                <Baseline points="347,1979 613,1981 900,1982 1005,1982 1043,1983 1564,1985 1661,1986 1980,1987 2076,1988 2298,1989 2396,1989 2572,1990 2790,1990 2871,1990 2959,1991"/>
                <TextEquiv>
                    <Unicode>Vorstehende Wertpapiere sind zu günstigsten Kursen frei von Provision und Spesen erhältlich bei der</Unicode>
                </TextEquiv>
            </TextLine>
            <TextLine id="r9l2" primaryLanguage="German" custom="readingOrder {index:1;}">
                <Coords points="346,2027 2966,2032 2965,2185 345,2149"/>
                <Baseline points="349,2144 818,2148 1122,2145 1354,2148 1794,2150 2965,2156"/>
                <TextEquiv>
                    <Unicode>Bank für Tirol und Vorarlberg</Unicode>
                </TextEquiv>
            </TextLine>
            <TextLine id="r9l3" primaryLanguage="German" custom="readingOrder {index:2;}">
                <Coords points="344,2193 2960,2199 2960,2291 345,2276"/>
                <Baseline points="349,2268 1073,2271 1185,2272 2031,2276 2187,2276 2207,2276 2847,2281 2959,2280"/>
                <TextEquiv>
                    <Unicode>Erlerstrasse 9 INNSBRUCK Erlerstrasse 9</Unicode>
                </TextEquiv>
            </TextLine>
            <TextLine id="r9l4" primaryLanguage="German" custom="readingOrder {index:3;}">
                <Coords points="499,2308 2793,2321 2791,2373 499,2364"/>
                <Baseline points="503,2350 896,2350 1243,2351 1556,2357 2182,2357 2632,2363 2790,2365"/>
                <TextEquiv>
                    <Unicode>Zweigniederlassungen: Bludenz. Bozen, Bregenz, Bruneck, Dornbirn, Feldkirch, Kufstein, Meran,</Unicode>
                </TextEquiv>
            </TextLine>
        </TextRegion>
        <TextRegion type="paragraph" id="r10" custom="readingOrder {index:10;}">
            <Coords points="480,2537 793,2538 792,2611 480,2605"/>
            <TextLine id="r10l1" primaryLanguage="German" custom="readingOrder {index:0;}">
                <Coords points="486,2544 786,2545 786,2605 486,2599"/>
                <Baseline points="493,2591 555,2592 783,2594"/>
                <TextEquiv>
                    <Unicode>15. Saiſon</Unicode>
                </TextEquiv>
                <TextStyle fontFamily="Times New Roman" fontSize="11.0" bold="true"/>
            </TextLine>
        </TextRegion>
        <TextRegion type="paragraph" id="r11" custom="readingOrder {index:11;}">
            <Coords points="1052,2540 2255,2547 2255,2616 1052,2616"/>
            <TextLine id="r11l1" primaryLanguage="German" custom="readingOrder {index:0;}">
                <Coords points="1059,2546 2242,2554 2242,2609 1059,2609"/>
                <Baseline points="1063,2595 1141,2595 1441,2597 1532,2598 1945,2599 2131,2600 2237,2601"/>
                <TextEquiv>
                    <Unicode>In Innsbruck im neurenovierten Saale des</Unicode>
                </TextEquiv>
                <TextStyle fontFamily="Times New Roman" fontSize="11.0" bold="true"/>
            </TextLine>
        </TextRegion>
        <TextRegion type="paragraph" id="r12" custom="readingOrder {index:12;}">
            <Coords points="2511,2550 2826,2547 2825,2621 2511,2619"/>
            <TextLine id="r12l1" primaryLanguage="German" custom="readingOrder {index:0;}">
                <Coords points="2519,2556 2818,2554 2818,2615 2521,2610"/>
                <Baseline points="2522,2602 2606,2603 2815,2604"/>
                <TextEquiv>
                    <Unicode>15. Saiſon</Unicode>
                </TextEquiv>
                <TextStyle fontFamily="Times New Roman" fontSize="11.0" bold="true"/>
            </TextLine>
        </TextRegion>
        <TextRegion type="heading" id="r13" custom="readingOrder {index:13;} structure {type:heading;}">
            <Coords points="743,2620 2552,2629 2552,2734 744,2731"/>
            <TextLine id="r13l1" primaryLanguage="German" custom="readingOrder {index:0;}">
                <Coords points="764,2629 2545,2635 2545,2729 763,2720"/>
                <Baseline points="766,2703 971,2707 1153,2706 1523,2709 1849,2710 2081,2710 2544,2714"/>
                <TextEquiv>
                    <Unicode>Hotel zum „Grauen Bären“ heute und täglich</Unicode>
                </TextEquiv>
                <TextStyle fontFamily="Times New Roman" fontSize="20.0"/>
            </TextLine>
        </TextRegion>
        <TextRegion type="heading" id="r14" custom="readingOrder {index:14;} structure {type:heading;}">
            <Coords points="485,2739 2803,2750 2803,2963 2441,2967 1247,2961 485,2938"/>
            <TextLine id="r14l1" primaryLanguage="German" custom="readingOrder {index:0;}">
                <Coords points="491,2747 1192,2753 2791,2757 2796,2956 2439,2962 1242,2956 491,2924"/>
                <Baseline points="497,2906 1129,2908 2789,2916"/>
                <TextEquiv>
                    <Unicode>Grosse Fremden-Konzerte</Unicode>
                </TextEquiv>
                <TextStyle fontFamily="Times New Roman" fontSize="33.0" bold="true"/>
            </TextLine>
        </TextRegion>
        <TextRegion type="paragraph" id="r15" custom="readingOrder {index:15;}">
            <Coords points="366,2970 1182,2976 1179,3132 366,3128"/>
            <TextLine id="r15l1" primaryLanguage="German" custom="readingOrder {index:0;}">
                <Coords points="375,2976 1175,2982 1176,3047 376,3044"/>
                <Baseline points="378,3029 449,3029 643,3030 1055,3033 1173,3032"/>
                <TextEquiv>
                    <Unicode>der Tiroler Nationalſänger- und</Unicode>
                </TextEquiv>
                <TextStyle fontFamily="Times New Roman" fontSize="12.0" bold="true"/>
            </TextLine>
            <TextLine id="r15l2" primaryLanguage="German" custom="readingOrder {index:1;}">
                <Coords points="374,3058 1113,3059 1114,3126 373,3122"/>
                <Baseline points="378,3109 1108,3113"/>
                <TextEquiv>
                    <Unicode>Schuhplattltänzer-Geſellſchaft</Unicode>
                </TextEquiv>
                <TextStyle fontFamily="Times New Roman" fontSize="12.0" bold="true"/>
            </TextLine>
        </TextRegion>
        <TextRegion type="heading" id="r16" custom="readingOrder {index:16;} structure {type:heading;}">
            <Coords points="1200,2966 2228,2975 2226,3147 1589,3151 1201,3142"/>
            <TextLine id="r16l1" primaryLanguage="German" custom="readingOrder {index:0;}">
                <Coords points="1208,2979 1283,2974 1798,2976 2138,2990 2222,3023 2221,3143 1586,3145 1207,3138"/>
                <Baseline points="1211,3108 1616,3111 2216,3117"/>
                <TextEquiv>
                    <Unicode>Franz Ringler</Unicode>
                </TextEquiv>
                <TextStyle fontFamily="Times New Roman" fontSize="29.0" bold="true"/>
            </TextLine>
        </TextRegion>
        <TextRegion type="paragraph" id="r17" custom="readingOrder {index:17;}">
            <Coords points="2248,2975 2929,2975 2929,3148 2247,3146"/>
            <TextLine id="r17l1" primaryLanguage="German" custom="readingOrder {index:0;}">
                <Coords points="2257,2994 2379,2982 2421,2982 2921,2983 2921,3044 2257,3043"/>
                <Baseline points="2259,3030 2347,3031 2556,3031 2650,3031 2917,3032"/>
                <TextEquiv>
                    <Unicode>aus Sillian im Puſtertal.</Unicode>
                </TextEquiv>
                <TextStyle fontFamily="Times New Roman" fontSize="12.0" bold="true"/>
            </TextLine>
            <TextLine id="r17l2" custom="readingOrder {index:1;}">
                <Coords points="2255,3048 2920,3054 2920,3098 2580,3094 2576,3101 2559,3102 2557,3092 2401,3093 2388,3098 2256,3095"/>
                <Baseline points="2254,3088 2917,3090"/>
                <TextEquiv>
                    <Unicode>Aelteſtes Konzertunternehmen</Unicode>
                </TextEquiv>
            </TextLine>
            <TextLine id="r17l3" custom="readingOrder {index:2;}">
                <Coords points="2458,3095 2720,3096 2719,3143 2458,3144"/>
                <Baseline points="2458,3136 2717,3136"/>
                <TextEquiv>
                    <Unicode>Innsbrucks.</Unicode>
                </TextEquiv>
            </TextLine>
        </TextRegion>
        <TextRegion type="paragraph" id="r18" custom="readingOrder {index:18;}">
            <Coords points="880,3139 1348,3142 1347,3206 877,3206"/>
            <TextLine id="r18l1" primaryLanguage="German" custom="readingOrder {index:0;}">
                <Coords points="885,3143 1344,3146 1343,3202 882,3203"/>
                <Baseline points="884,3188 1078,3191 1342,3191"/>
                <TextEquiv>
                    <Unicode>Anfang 8 ¼ Uhr.</Unicode>
                </TextEquiv>
                <TextStyle fontFamily="Times New Roman" fontSize="11.0" bold="true"/>
            </TextLine>
        </TextRegion>
        <TextRegion type="paragraph" id="r19" custom="readingOrder {index:19;}">
            <Coords points="1922,3144 2416,3147 2416,3206 1922,3208"/>
            <TextLine id="r19l1" primaryLanguage="German" custom="readingOrder {index:0;}">
                <Coords points="1927,3148 2411,3151 2411,3200 1927,3202"/>
                <Baseline points="1927,3195 2140,3195 2199,3195 2409,3197"/>
                <TextEquiv>
                    <Unicode>Eintritt 1 Krone.</Unicode>
                </TextEquiv>
                <TextStyle fontFamily="Times New Roman" fontSize="11.0" bold="true"/>
            </TextLine>
        </TextRegion>
        <TextRegion type="paragraph" id="r20" custom="readingOrder {index:20;}">
            <Coords points="362,3330 364,3212 2931,3226 2934,3344 2857,3345 2854,3394 2124,3391 2122,3443 1172,3437 441,3385 439,3331"/>
            <TextLine id="r20l1" primaryLanguage="German" custom="readingOrder {index:0;}">
                <Coords points="373,3222 584,3224 2922,3234 2921,3281 373,3266"/>
                <Baseline points="375,3257 444,3258 805,3262 895,3263 1127,3264 1211,3262 1301,3263 1383,3266 1557,3263 1612,3264 1707,3265 2054,3266 2077,3266 2118,3268 2389,3272 2464,3272 2724,3270 2781,3270 2920,3271"/>
                <TextEquiv>
                    <Unicode>NB. Eintrittskarten im Vorverkauf á 80 Heller ſind in dem Tabak⸗Spezialitäten⸗Verſchleiß Ferd. Neßler, Maria Thereſien⸗</Unicode>
                </TextEquiv>
            </TextLine>
            <TextLine id="r20l2" primaryLanguage="German" custom="readingOrder {index:1;}">
                <Coords points="373,3276 2923,3288 2924,3336 373,3324"/>
                <Baseline points="376,3314 400,3314 549,3313 623,3314 724,3313 777,3313 861,3313 913,3314 1122,3316 1286,3318 1782,3318 1864,3319 1924,3322 2010,3323 2162,3324 2374,3321 2585,3323 2671,3324 2704,3324 2740,3324 2789,3324 2921,3329"/>
                <TextEquiv>
                    <Unicode>ſtraße Nr. 2, ſowie in den Tabak⸗Trafiken M. Kleinſchmid, Muſeumſtraße Nr. 3, J. Prem, Maria. Thereſienſtraße Nr. 49 und L.</Unicode>
                </TextEquiv>
            </TextLine>
            <TextLine id="r20l3" primaryLanguage="German" custom="readingOrder {index:2;}">
                <Coords points="448,3329 2848,3341 2848,3389 448,3377"/>
                <Baseline points="450,3367 491,3368 838,3368 915,3367 1182,3368 1345,3368 1425,3369 1560,3370 1696,3371 1876,3372 2049,3373 2143,3377 2441,3377 2532,3378 2640,3380 2783,3380 2847,3380"/>
                <TextEquiv>
                    <Unicode>Petrowitſch, neben der Triumphpforte während der ganzen Saiſon hindurch erhältlich. — Dutzendkarten für Einheimiſche</Unicode>
                </TextEquiv>
            </TextLine>
            <TextLine id="r20l4" primaryLanguage="German" custom="readingOrder {index:3;}">
                <Coords points="2114,3390 2113,3438 1173,3430 1174,3385"/>
                <Baseline points="1177,3421 1198,3421 1252,3421 1436,3426 1512,3426 1601,3427 1866,3426 2111,3430"/>
                <TextEquiv>
                    <Unicode>à 6 Kronen an der Abendkaſſe erhältlich.</Unicode>
                </TextEquiv>
                <TextStyle fontFamily="Times New Roman" fontSize="8.0" bold="true"/>
            </TextLine>
        </TextRegion>
        <TextRegion id="r21" custom="readingOrder {index:21;} structure {type:reference;}">
            <Coords points="2771,3393 2849,3393 2849,3440 2771,3440"/>
            <TextLine id="r21l1" custom="readingOrder {index:0;}">
                <Coords points="2776,3398 2845,3398 2845,3435 2776,3435"/>
                <Baseline points="2776,3430 2845,3430"/>
                <TextEquiv>
                    <Unicode>640</Unicode>
                </TextEquiv>
            </TextLine>
        </TextRegion>
        <TextRegion type="paragraph" id="r22" custom="readingOrder {index:22;}">
            <Coords points="420,3533 1558,3538 1558,3608 420,3605"/>
            <TextLine id="r22l1" primaryLanguage="German" custom="readingOrder {index:0;}">
                <Coords points="425,3537 1553,3542 1552,3602 426,3599"/>
                <Baseline points="429,3584 507,3585 790,3583 1150,3585 1323,3586 1551,3589"/>
                <TextEquiv>
                    <Unicode>Ein gutgehendes, beſteingerichtetes, ſehr rentables</Unicode>
                </TextEquiv>
                <TextStyle fontFamily="Times New Roman" fontSize="10.5" bold="true"/>
            </TextLine>
        </TextRegion>
        <TextRegion type="heading" id="r23" custom="readingOrder {index:23;} structure {type:heading;}">
            <Coords points="505,3622 1857,3624 1857,3820 506,3820"/>
            <TextLine id="r23l1" primaryLanguage="German" custom="readingOrder {index:0;}">
                <Coords points="516,3630 1849,3632 1849,3813 518,3810"/>
                <Baseline points="521,3801 1845,3803"/>
                <TextEquiv>
                    <Unicode>Maſchinen⸗Geſchäft</Unicode>
                </TextEquiv>
                <TextStyle fontFamily="Times New Roman" fontSize="48.0" bold="true"/>
            </TextLine>
        </TextRegion>
        <TextRegion type="paragraph" id="r24" custom="readingOrder {index:24;}">
            <Coords points="257,3829 2097,3838 2097,3974 638,3967 634,4026 260,4023"/>
            <TextLine id="r24l1" primaryLanguage="German" custom="readingOrder {index:0;}">
                <Coords points="264,3836 2093,3846 2093,3907 264,3897"/>
                <Baseline points="266,3885 364,3884 436,3884 574,3884 750,3886 911,3885 1212,3887 1374,3890 1610,3889 1858,3891 1979,3893 2092,3894"/>
                <TextEquiv>
                    <Unicode>wird in einer großen Stadt Vorarlbergs wegen Todesfall verpachtet oder ver⸗</Unicode>
                </TextEquiv>
                <TextStyle fontFamily="Times New Roman" fontSize="10.5" bold="true"/>
            </TextLine>
            <TextLine id="r24l2" primaryLanguage="German" custom="readingOrder {index:1;}">
                <Coords points="266,3900 1997,3907 2092,3926 2092,3970 266,3959"/>
                <Baseline points="268,3949 385,3946 687,3948 855,3948 945,3949 1087,3950 1222,3952 1358,3952 1484,3953 1575,3952 1664,3952 2091,3956"/>
                <TextEquiv>
                    <Unicode>kauft. Reflektanten wollen ſich ſchriftlich unter „Nr. 126“ an die Verwaltung</Unicode>
                </TextEquiv>
                <TextStyle fontFamily="Times New Roman" fontSize="10.5" bold="true"/>
            </TextLine>
            <TextLine id="r24l3" primaryLanguage="German" custom="readingOrder {index:2;}">
                <Coords points="265,3962 632,3964 630,4020 265,4017"/>
                <Baseline points="267,4010 325,4010 428,4009 627,4012"/>
                <TextEquiv>
                    <Unicode>ds. Bl. wenden.</Unicode>
                </TextEquiv>
                <TextStyle fontFamily="Times New Roman" fontSize="10.5" bold="true"/>
            </TextLine>
        </TextRegion>
        <TextRegion id="r25" custom="readingOrder {index:25;} structure {type:reference;}">
            <Coords points="1878,3982 2096,3984 2096,4037 1878,4037"/>
            <TextLine id="r25l1" custom="readingOrder {index:0;}">
                <Coords points="1883,3987 2092,3988 2092,4034 1883,4032"/>
                <Baseline points="1883,4024 2092,4026"/>
                <TextEquiv>
                    <Unicode>13301—4ʃ1</Unicode>
                </TextEquiv>
            </TextLine>
        </TextRegion>
        <TextRegion type="paragraph" id="r26" custom="readingOrder {index:26;}">
            <Coords points="291,4047 1169,4050 1169,4148 258,4148 256,4095"/>
            <TextLine id="r26l1" primaryLanguage="German" custom="readingOrder {index:0;}">
                <Coords points="310,4049 1166,4053 1166,4096 310,4096"/>
                <Baseline points="311,4091 478,4088 581,4089 795,4088 1063,4088 1164,4088"/>
                <TextEquiv>
                    <Unicode>Geſucht für größeres Kontor mit viel⸗</Unicode>
                </TextEquiv>
                <TextStyle fontFamily="Times New Roman" fontSize="8.5" bold="true"/>
            </TextLine>
            <TextLine id="r26l2" primaryLanguage="German" custom="readingOrder {index:1;}">
                <Coords points="266,4096 864,4097 863,4142 266,4142"/>
                <Baseline points="266,4133 380,4130 794,4131 862,4132"/>
                <TextEquiv>
                    <Unicode>ſeitiger Ausbildungsgelegenheit ein</Unicode>
                </TextEquiv>
                <TextStyle fontFamily="Times New Roman" fontSize="8.0"/>
            </TextLine>
        </TextRegion>
        <TextRegion type="heading" id="r27" custom="readingOrder {index:27;} structure {type:heading;}">
            <Coords points="447,4151 990,4156 983,4269 449,4285"/>
            <TextLine id="r27l1" primaryLanguage="German" custom="readingOrder {index:0;}">
                <Coords points="453,4157 977,4162 976,4261 453,4281"/>
                <Baseline points="456,4248 974,4253"/>
                <TextEquiv>
                    <Unicode>Praktikant</Unicode>
                </TextEquiv>
                <TextStyle fontFamily="Times New Roman" fontSize="21.0"/>
            </TextLine>
        </TextRegion>
        <TextRegion type="paragraph" id="r28" custom="readingOrder {index:28;}">
            <Coords points="252,4287 1167,4287 1166,4431 596,4428 594,4477 257,4478"/>
            <TextLine id="r28l1" primaryLanguage="German" custom="readingOrder {index:0;}">
                <Coords points="263,4290 1163,4292 1163,4338 263,4337"/>
                <Baseline points="266,4329 319,4327 424,4327 747,4330 887,4331 1077,4329 1162,4330"/>
                <TextEquiv>
                    <Unicode>mit guter Volksſchulbildung, geſund, intelligent und</Unicode>
                </TextEquiv>
                <TextStyle fontFamily="Times New Roman" fontSize="8.0"/>
            </TextLine>
            <TextLine id="r28l2" primaryLanguage="German" custom="readingOrder {index:1;}">
                <Coords points="264,4336 1161,4339 1162,4385 264,4381"/>
                <Baseline points="266,4372 408,4372 582,4371 706,4374 802,4371 896,4374 963,4373 1161,4376"/>
                <TextEquiv>
                    <Unicode>anſtellig, durchaus ehrlich und treu, zu baldigſtem</Unicode>
                </TextEquiv>
                <TextStyle fontFamily="Times New Roman" fontSize="8.0"/>
            </TextLine>
            <TextLine id="r28l3" primaryLanguage="German" custom="readingOrder {index:2;}">
                <Coords points="266,4380 1162,4383 1161,4427 266,4423"/>
                <Baseline points="267,4417 400,4415 592,4415 707,4418 772,4418 850,4419 964,4418 1034,4418 1159,4418"/>
                <TextEquiv>
                    <Unicode>Eintritt. Angebote unter „L. V. 300“ an Pirch⸗</Unicode>
                </TextEquiv>
                <TextStyle fontFamily="Times New Roman" fontSize="8.0"/>
            </TextLine>
            <TextLine id="r28l4" primaryLanguage="German" custom="readingOrder {index:3;}">
                <Coords points="262,4426 588,4425 588,4468 263,4470"/>
                <Baseline points="264,4462 334,4461 586,4462"/>
                <TextEquiv>
                    <Unicode>ners Ann.⸗Bureau.</Unicode>
                </TextEquiv>
                <TextStyle fontFamily="Times New Roman" fontSize="8.0"/>
            </TextLine>
        </TextRegion>
        <TextRegion id="r29" custom="readingOrder {index:29;} structure {type:reference;}">
            <Coords points="1040,4423 1166,4425 1165,4476 1038,4472"/>
            <TextLine id="r29l1" custom="readingOrder {index:0;}">
                <Coords points="1044,4426 1163,4429 1162,4471 1043,4468"/>
                <Baseline points="1046,4463 1162,4466"/>
                <TextEquiv>
                    <Unicode>P3336</Unicode>
                </TextEquiv>
            </TextLine>
        </TextRegion>
        <TextRegion type="heading" id="r30" custom="readingOrder {index:30;} structure {type:heading;}">
            <Coords points="1437,4069 1861,4074 1857,4169 1439,4167"/>
            <TextLine id="r30l1" primaryLanguage="German" custom="readingOrder {index:0;}">
                <Coords points="1449,4074 1851,4078 1852,4166 1450,4164"/>
                <Baseline points="1452,4149 1852,4147"/>
                <TextEquiv>
                    <Unicode>Unſtreitig</Unicode>
                </TextEquiv>
                <TextStyle fontFamily="Times New Roman" fontSize="15.0" bold="true"/>
            </TextLine>
        </TextRegion>
        <TextRegion type="paragraph" id="r31" custom="readingOrder {index:31;}">
            <Coords points="1254,4166 2028,4170 2097,4210 2096,4436 1829,4435 1827,4481 1449,4483 1185,4430 1185,4213"/>
            <TextLine id="r31l1" primaryLanguage="German" custom="readingOrder {index:0;}">
                <Coords points="1270,4171 2013,4174 2012,4219 1270,4218"/>
                <Baseline points="1272,4204 1316,4205 1462,4206 1727,4208 1780,4208 1857,4208 2010,4209"/>
                <TextEquiv>
                    <Unicode>die billigſte Einkaufsquelle in den neueſten</Unicode>
                </TextEquiv>
                <TextStyle fontFamily="Times New Roman" fontSize="8.0"/>
            </TextLine>
            <TextLine id="r31l2" primaryLanguage="German" custom="readingOrder {index:1;}">
                <Coords points="1362,4224 1921,4225 1921,4291 1361,4289"/>
                <Baseline points="1363,4274 1767,4277 1917,4277"/>
                <TextEquiv>
                    <Unicode>Sommer⸗Koſtümen</Unicode>
                </TextEquiv>
            </TextLine>
            <TextLine id="r31l3" primaryLanguage="German" custom="readingOrder {index:2;}">
                <Coords points="1190,4294 2091,4301 2091,4343 1189,4339"/>
                <Baseline points="1191,4330 1207,4330 1323,4333 1404,4335 1957,4335 2091,4335"/>
                <TextEquiv>
                    <Unicode>bei A. Walchenſtein, Konfektionsgeſchäft, nur</Unicode>
                </TextEquiv>
            </TextLine>
            <TextLine id="r31l4" primaryLanguage="German" custom="readingOrder {index:3;}">
                <Coords points="1189,4340 2091,4343 2091,4390 1189,4383"/>
                <Baseline points="1189,4375 1213,4375 1606,4377 1720,4376 1800,4379 2090,4379"/>
                <TextEquiv>
                    <Unicode>Leopoldſtraße Nr. 7 (ober der Triumphpforte).</Unicode>
                </TextEquiv>
            </TextLine>
            <TextLine id="r31l5" primaryLanguage="German" custom="readingOrder {index:4;}">
                <Coords points="1189,4384 2089,4388 2090,4433 1189,4425"/>
                <Baseline points="1192,4420 1319,4419 1404,4420 1661,4421 1800,4422 1926,4422 2013,4424 2090,4423"/>
                <TextEquiv>
                    <Unicode>Trauer⸗ und Maß⸗Koſtüme werden ſchnell und ge⸗</Unicode>
                </TextEquiv>
                <TextStyle fontFamily="Times New Roman" fontSize="8.0"/>
            </TextLine>
            <TextLine id="r31l6" primaryLanguage="German" custom="readingOrder {index:5;}">
                <Coords points="1450,4429 1824,4432 1824,4475 1450,4476"/>
                <Baseline points="1453,4466 1618,4466 1821,4467"/>
                <TextEquiv>
                    <Unicode>wiſſenhaft ausgeführt.</Unicode>
                </TextEquiv>
                <TextStyle fontFamily="Times New Roman" fontSize="8.0"/>
            </TextLine>
        </TextRegion>
        <TextRegion id="r32" custom="readingOrder {index:32;} structure {type:reference;}">
            <Coords points="1971,4427 2096,4428 2096,4478 1971,4478"/>
            <TextLine id="r32l1" custom="readingOrder {index:0;}">
                <Coords points="1975,4431 2092,4432 2092,4474 1975,4473"/>
                <Baseline points="1975,4468 2092,4469"/>
                <TextEquiv>
                    <Unicode>P3343</Unicode>
                </TextEquiv>
            </TextLine>
        </TextRegion>
        <TextRegion type="heading" id="r33" custom="readingOrder {index:33;} structure {type:heading;}">
            <Coords points="2116,3546 3030,3550 3026,3720 2116,3716"/>
            <TextLine id="r33l1" custom="readingOrder {index:0;}">
                <Coords points="2119,3553 2894,3555 2894,3713 2120,3711"/>
                <Baseline points="2123,3695 2890,3699"/>
                <TextEquiv>
                    <Unicode>Proviſionsvertreter</Unicode>
                </TextEquiv>
            </TextLine>
            <TextLine id="r33l2" custom="readingOrder {index:1;}">
                <Coords points="2912,3555 3024,3555 3024,3605 2912,3605"/>
                <Baseline points="2918,3600 3021,3600"/>
                <TextEquiv>
                    <Unicode>☚</Unicode>
                </TextEquiv>
            </TextLine>
            <TextLine id="r33l3" custom="readingOrder {index:2;}">
                <Coords points="2912,3611 3024,3609 3023,3660 2912,3662"/>
                <Baseline points="2914,3657 3021,3656"/>
                <TextEquiv>
                    <Unicode>☚</Unicode>
                </TextEquiv>
            </TextLine>
            <TextLine id="r33l4" custom="readingOrder {index:3;}">
                <Coords points="2912,3665 3022,3664 3021,3713 2913,3715"/>
                <Baseline points="2918,3710 3019,3710"/>
                <TextEquiv>
                    <Unicode>☚</Unicode>
                </TextEquiv>
            </TextLine>
        </TextRegion>
        <TextRegion type="paragraph" id="r34" custom="readingOrder {index:34;}">
            <Coords points="2117,3718 3029,3719 3025,4040 2217,4037 2217,4077 2115,4078"/>
            <TextLine id="r34l1" primaryLanguage="German" custom="readingOrder {index:0;}">
                <Coords points="2121,3721 3020,3725 3021,3769 2121,3766"/>
                <Baseline points="2123,3756 2170,3756 2264,3756 2377,3756 2468,3757 2571,3760 2645,3759 2736,3760 2899,3761 3019,3762"/>
                <TextEquiv>
                    <Unicode>der ganz Tirol und auch in den kleinſten Orten</Unicode>
                </TextEquiv>
                <TextStyle fontFamily="Times New Roman" fontSize="8.0"/>
            </TextLine>
            <TextLine id="r34l2" primaryLanguage="German" custom="readingOrder {index:1;}">
                <Coords points="2123,3767 2852,3770 3020,3769 3020,3812 2123,3810"/>
                <Baseline points="2123,3802 2384,3803 2631,3806 2910,3806 3018,3806"/>
                <TextEquiv>
                    <Unicode>Gemiſchtwaren⸗, Galanterie⸗, Lebensmittel⸗ und</Unicode>
                </TextEquiv>
                <TextStyle fontFamily="Times New Roman" fontSize="8.0"/>
            </TextLine>
            <TextLine id="r34l3" primaryLanguage="German" custom="readingOrder {index:2;}">
                <Coords points="2122,3810 3022,3814 3022,3859 2122,3853"/>
                <Baseline points="2122,3845 2446,3846 2583,3849 2686,3848 2755,3850 2944,3852 3020,3851"/>
                <TextEquiv>
                    <Unicode>Schuhwarenhändler beſucht, wird zur Mitnahme von</Unicode>
                </TextEquiv>
                <TextStyle fontFamily="Times New Roman" fontSize="8.0"/>
            </TextLine>
            <TextLine id="r34l4" primaryLanguage="German" custom="readingOrder {index:3;}">
                <Coords points="2120,3854 3021,3861 3021,3905 2120,3896"/>
                <Baseline points="2122,3889 2506,3891 2589,3891 2756,3894 2869,3894 3018,3896"/>
                <TextEquiv>
                    <Unicode>Volksbund⸗Schuhcreme und Lederfett, ſowie mehrere</Unicode>
                </TextEquiv>
                <TextStyle fontFamily="Times New Roman" fontSize="8.0"/>
            </TextLine>
            <TextLine id="r34l5" primaryLanguage="German" custom="readingOrder {index:4;}">
                <Coords points="2121,3899 3021,3905 3020,3946 2121,3942"/>
                <Baseline points="2122,3933 2226,3933 2496,3935 2633,3937 2771,3935 2942,3937 3018,3939"/>
                <TextEquiv>
                    <Unicode>andere epochemachende Artikel geſucht. Anträge mit</Unicode>
                </TextEquiv>
                <TextStyle fontFamily="Times New Roman" fontSize="8.0"/>
            </TextLine>
            <TextLine id="r34l6" primaryLanguage="German" custom="readingOrder {index:5;}">
                <Coords points="2121,3943 3019,3948 3018,3992 2121,3987"/>
                <Baseline points="2123,3978 2267,3979 2340,3978 2547,3980 2732,3982 2852,3982 2945,3983 3018,3984"/>
                <TextEquiv>
                    <Unicode>Angabe der bisherigen Tätigkeit unter „R. S.</Unicode>
                </TextEquiv>
                <TextStyle fontFamily="Times New Roman" fontSize="8.0"/>
            </TextLine>
            <TextLine id="r34l7" primaryLanguage="German" custom="readingOrder {index:6;}">
                <Coords points="2121,3988 3018,3992 3019,4036 2121,4032"/>
                <Baseline points="2123,4024 2224,4025 2300,4023 2515,4024 2600,4024 2748,4027 2886,4026 3019,4028"/>
                <TextEquiv>
                    <Unicode>4070“ an Haaſenſtein und Vogler, A.⸗G., Inns⸗</Unicode>
                </TextEquiv>
                <TextStyle fontFamily="Times New Roman" fontSize="8.0"/>
            </TextLine>
            <TextLine id="r34l8" primaryLanguage="German" custom="readingOrder {index:7;}">
                <Coords points="2121,4034 2212,4032 2212,4072 2120,4072"/>
                <Baseline points="2121,4067 2209,4067"/>
                <TextEquiv>
                    <Unicode>bruck.</Unicode>
                </TextEquiv>
                <TextStyle fontFamily="Times New Roman" fontSize="8.0"/>
            </TextLine>
        </TextRegion>
        <TextRegion id="r35" custom="readingOrder {index:35;} structure {type:reference;}">
            <Coords points="2834,4030 3026,4033 3024,4084 2834,4082"/>
            <TextLine id="r35l1" custom="readingOrder {index:0;}">
                <Coords points="2838,4034 3020,4036 3019,4079 2837,4077"/>
                <Baseline points="2840,4072 3019,4074"/>
                <TextEquiv>
                    <Unicode>J4070⸗2ʃ2</Unicode>
                </TextEquiv>
            </TextLine>
        </TextRegion>
        <TextRegion type="heading" id="r36" custom="readingOrder {index:36;} structure {type:heading;}">
            <Coords points="2329,4114 2803,4118 2803,4243 2330,4244"/>
            <TextLine id="r36l1" primaryLanguage="German" custom="readingOrder {index:0;}">
                <Coords points="2335,4120 2793,4126 2794,4236 2335,4239"/>
                <Baseline points="2338,4227 2792,4229"/>
                <TextEquiv>
                    <Unicode>Kalsdorfer</Unicode>
                </TextEquiv>
                <TextStyle fontFamily="Times New Roman" fontSize="29.0" bold="true"/>
            </TextLine>
        </TextRegion>
        <TextRegion type="paragraph" id="r37" custom="readingOrder {index:37;}">
            <Coords points="2114,4250 3024,4253 3023,4442 2773,4442 2773,4488 2113,4484"/>
            <TextLine id="r37l1" primaryLanguage="German" custom="readingOrder {index:0;}">
                <Coords points="2120,4257 3017,4259 3017,4303 2120,4300"/>
                <Baseline points="2120,4292 2307,4293 2668,4295 2906,4297 3015,4294"/>
                <TextEquiv>
                    <Unicode>natürlicher, alkaliſch⸗muriatiſcher Sauerbrunnen, von</Unicode>
                </TextEquiv>
                <TextStyle fontFamily="Times New Roman" fontSize="8.0"/>
            </TextLine>
            <TextLine id="r37l2" primaryLanguage="German" custom="readingOrder {index:1;}">
                <Coords points="2120,4301 3016,4305 3016,4350 2120,4346"/>
                <Baseline points="2120,4338 2367,4338 2567,4339 2696,4338 2888,4342 3016,4342"/>
                <TextEquiv>
                    <Unicode>hervorragenden Profeſſoren beſtens empfohlen, ſpeziell</Unicode>
                </TextEquiv>
                <TextStyle fontFamily="Times New Roman" fontSize="8.0"/>
            </TextLine>
            <TextLine id="r37l3" primaryLanguage="German" custom="readingOrder {index:2;}">
                <Coords points="2117,4346 3015,4351 3015,4394 2117,4390"/>
                <Baseline points="2120,4381 2169,4380 2305,4381 2408,4380 2821,4383 2898,4385 3015,4386"/>
                <TextEquiv>
                    <Unicode>für Nieren⸗ und Leberleiden. Schwärzt den Wein</Unicode>
                </TextEquiv>
                <TextStyle fontFamily="Times New Roman" fontSize="8.0"/>
            </TextLine>
            <TextLine id="r37l4" primaryLanguage="German" custom="readingOrder {index:3;}">
                <Coords points="2118,4390 3016,4394 3016,4439 2119,4433"/>
                <Baseline points="2119,4425 2201,4424 2485,4428 2737,4430 2956,4429 3015,4430"/>
                <TextEquiv>
                    <Unicode>nicht. Hauptniederlage: Innsbruck, Schulſtraße 7,</Unicode>
                </TextEquiv>
                <TextStyle fontFamily="Times New Roman" fontSize="8.0"/>
            </TextLine>
            <TextLine id="r37l5" primaryLanguage="German" custom="readingOrder {index:4;}">
                <Coords points="2118,4433 2767,4438 2767,4483 2118,4477"/>
                <Baseline points="2118,4471 2240,4470 2447,4471 2607,4472 2764,4472"/>
                <TextEquiv>
                    <Unicode>Wilten. Vertreter: Heinrich Hierner.</Unicode>
                </TextEquiv>
                <TextStyle fontFamily="Times New Roman" fontSize="8.0"/>
            </TextLine>
        </TextRegion>
        <TextRegion id="r38" custom="readingOrder {index:38;} structure {type:reference;}">
            <Coords points="2895,4434 3018,4438 3017,4488 2895,4486"/>
            <TextLine id="r38l1" custom="readingOrder {index:0;}">
                <Coords points="2899,4438 3014,4442 3014,4482 2899,4480"/>
                <Baseline points="2901,4476 3012,4478"/>
                <TextEquiv>
                    <Unicode>P3341</Unicode>
                </TextEquiv>
            </TextLine>
        </TextRegion>
        <GraphicRegion id="r_8" custom="readingOrder {index:39;}">
            <Coords points="280,180 809,180 809,371 280,371"/>
        </GraphicRegion>
        <GraphicRegion id="r_10" custom="readingOrder {index:40;}">
            <Coords points="2430,194 3037,194 3037,385 2430,385"/>
        </GraphicRegion>
        <GraphicRegion id="r_11" custom="readingOrder {index:41;}">
            <Coords points="2852,356 3038,356 3038,815 2852,815"/>
        </GraphicRegion>
        <GraphicRegion id="r_17" custom="readingOrder {index:42;}">
            <Coords points="2870,2456 3027,2456 3027,2617 2870,2617"/>
        </GraphicRegion>
        <GraphicRegion id="r_26" custom="readingOrder {index:43;}">
            <Coords points="268,3349 427,3349 427,3525 268,3525"/>
        </GraphicRegion>
        <GraphicRegion id="r_28" custom="readingOrder {index:44;}">
            <Coords points="2864,3364 3023,3364 3023,3521 2864,3521"/>
        </GraphicRegion>
        <SeparatorRegion id="r_37" custom="readingOrder {index:45;}">
            <Coords points="1584,0 3168,0 3168,29 1584,29"/>
        </SeparatorRegion>
        <SeparatorRegion id="r_38" custom="readingOrder {index:46;}">
            <Coords points="1302,0 1580,0 1580,10 1302,10"/>
        </SeparatorRegion>
        <SeparatorRegion id="r_39" custom="readingOrder {index:47;}">
            <Coords points="297,167 1923,177 1923,182 297,174"/>
        </SeparatorRegion>
        <SeparatorRegion id="r_40" custom="readingOrder {index:48;}">
            <Coords points="1973,176 3037,179 3037,187 1973,183"/>
        </SeparatorRegion>
        <SeparatorRegion id="r_41" custom="readingOrder {index:49;}">
            <Coords points="1597,191 1949,191 1949,222 1597,222"/>
        </SeparatorRegion>
        <SeparatorRegion id="r_42" custom="readingOrder {index:50;}">
            <Coords points="432,344 1397,344 1397,378 432,378"/>
        </SeparatorRegion>
        <SeparatorRegion id="r_43" custom="readingOrder {index:51;}">
            <Coords points="1934,352 2431,352 2431,382 1934,382"/>
        </SeparatorRegion>
        <SeparatorRegion id="r_44" custom="readingOrder {index:52;}">
            <Coords points="1368,480 1950,480 1950,512 1368,512"/>
        </SeparatorRegion>
        <SeparatorRegion id="r_45" custom="readingOrder {index:53;}">
            <Coords points="503,2388 2537,2397 2537,2427 503,2418"/>
        </SeparatorRegion>
        <SeparatorRegion id="r_46" custom="readingOrder {index:54;}">
            <Coords points="2629,2397 3027,2397 3027,2429 2629,2429"/>
        </SeparatorRegion>
        <SeparatorRegion id="r_47" custom="readingOrder {index:55;}">
            <Coords points="381,2425 3017,2425 3017,2445 381,2445"/>
        </SeparatorRegion>
        <SeparatorRegion id="r_48" custom="readingOrder {index:56;}">
            <Coords points="429,3518 3012,3532 3012,3537 429,3527"/>
        </SeparatorRegion>
        <SeparatorRegion id="r_49" custom="readingOrder {index:57;}">
            <Coords points="266,4035 2088,4041 2088,4049 267,4044"/>
        </SeparatorRegion>
        <SeparatorRegion id="r_50" custom="readingOrder {index:58;}">
            <Coords points="2121,4094 3017,4099 3017,4107 2121,4104"/>
        </SeparatorRegion>
        <SeparatorRegion id="r_51" custom="readingOrder {index:59;}">
            <Coords points="0,4781 1800,4781 1800,4834 0,4834"/>
        </SeparatorRegion>
        <SeparatorRegion id="r_52" custom="readingOrder {index:60;}">
            <Coords points="1800,4812 3124,4812 3124,4834 1800,4834"/>
        </SeparatorRegion>
        <SeparatorRegion id="r_53" custom="readingOrder {index:61;}">
            <Coords points="0,0 34,0 34,1115 0,1115"/>
        </SeparatorRegion>
        <SeparatorRegion id="r_54" custom="readingOrder {index:62;}">
            <Coords points="0,1115 13,1115 13,1841 0,1841"/>
        </SeparatorRegion>
        <SeparatorRegion id="r_55" custom="readingOrder {index:63;}">
            <Coords points="271,1882 305,1882 305,2415 271,2415"/>
        </SeparatorRegion>
        <SeparatorRegion id="r_56" custom="readingOrder {index:64;}">
            <Coords points="431,1161 467,1161 467,1913 431,1913"/>
        </SeparatorRegion>
        <SeparatorRegion id="r_57" custom="readingOrder {index:65;}">
            <Coords points="1174,4066 1183,4066 1179,4459 1170,4459"/>
        </SeparatorRegion>
        <SeparatorRegion id="r_58" custom="readingOrder {index:66;}">
            <Coords points="2105,3553 2112,3553 2108,4458 2100,4457"/>
        </SeparatorRegion>
        <SeparatorRegion id="r_59" custom="readingOrder {index:67;}">
            <Coords points="2845,816 2880,816 2880,1924 2845,1924"/>
        </SeparatorRegion>
        <SeparatorRegion id="r_60" custom="readingOrder {index:68;}">
            <Coords points="3001,1897 3033,1897 3033,2429 3001,2429"/>
        </SeparatorRegion>
        <SeparatorRegion id="r_61" custom="readingOrder {index:69;}">
            <Coords points="3130,2492 3168,2492 3168,4834 3130,4834"/>
        </SeparatorRegion>
        <SeparatorRegion id="r_62" custom="readingOrder {index:70;}">
            <Coords points="3153,666 3168,666 3168,2492 3153,2492"/>
        </SeparatorRegion>
        <SeparatorRegion id="r_63" custom="readingOrder {index:71;}">
            <Coords points="2804,3536 2948,3536 2948,3539 2804,3539"/>
        </SeparatorRegion>
    </Page>
</PcGts>
