2746 3589
624 231 987 273 Seite 6. Nr. 4130.
1364 228 1887 275 Illuſtrierte Kronen⸗Zeitung.
2344 229 2618 273 1. Juli 1911.
170 258 537 339 Auskünfte.
184 354 564 394 Intereſſiert, Staats⸗
155 390 564 427 bahnwerkſtätte. Von einer
153 430 564 467 derartigen Erbſchaft aus
151 464 563 503 Amerika iſt uns nichts
150 503 563 537 bekannt. Dem Brief⸗
152 536 563 578 kaſtenmann iſt auch nicht
151 575 564 613 erinnerlich, daß eine
155 612 564 647 ſolche Notiz im Blatte er⸗
153 648 563 684 ſchienen wäre. Alle dieſe
155 685 564 721 Berichte über Erbſchaften
159 723 562 757 aus Amerika ſind nicht
158 758 564 794 ernſt zu nehmen. Wir
157 793 563 831 raten Ihnen, ſich keiner⸗
154 833 560 866 lei Scherereien zu machen
150 868 566 905 und ſich wegen dieſer an⸗
154 903 561 940 geblichen Erbſchaft nicht
155 941 538 977 in Unkoſten zu ſtürzen.
183 1002 566 1038 Diogenes. Alle Anfra⸗
154 1036 570 1076 gen ſind mit Namen und
157 1074 568 1110 Adreſſe zu verſehen, da
158 1105 568 1146 wir im Blatte für alle
156 1145 567 1181 Auskünfte keinen Platz
158 1182 565 1217 haben. Seit 1. Jänner
155 1216 566 1252 dieſes Jahres haben wir
156 1249 565 1288 etwa 10.000 briefliche
157 1288 446 1324 Auskünfte erteilt.
190 1336 564 1378 Tüffer, 1911, Juni.
157 1375 564 1413 1. Wir nennen Ihnen
154 1412 567 1447 den Kreuzerverein, 1. Be⸗
158 1448 566 1484 zirk, Seilergaſſe 7, der
155 1482 567 1517 Gewerbetreibenden Dar⸗
156 1517 566 1555 lehen gewährt. Wir kön⸗
160 1553 565 1589 nen nicht oft genug wie⸗
159 1590 565 1625 derholen, daß alle An⸗
159 1624 565 1659 kündigungen über Dar⸗
159 1659 565 1696 lehensgewährung auf
157 1696 567 1732 Schwindel beruhen, ob
161 1731 566 1766 ſie nun von ſogenannten
161 1765 567 1802 Darlehens⸗Vermittlern
156 1801 566 1836 oder von angeblichen
159 1838 567 1873 Kreditinſtituten oder
162 1872 568 1906 Banken ausgehen. Der
163 1907 569 1945 Schwindel beſteht darin,
160 1943 567 1979 daß von den Darlehens⸗
161 1978 568 2013 werbern durchwegs die
162 2013 567 2050 Einſendung von 6—10
160 2049 567 2085 Kronen gefordert wird.
159 2085 566 2121 In Wirklichkeit koſtet
159 2120 569 2159 eine Information, ſelbſt
157 2155 568 2191 wenn ſie eingeholt wer⸗
163 2191 562 2227 den ſollte, kaum 1 Krone
160 2226 569 2261 Die betreffenden Dar⸗
161 2262 568 2298 lehensvermittlungen ver⸗
160 2297 569 2331 dienen alſo bei jedem
159 2333 569 2367 Darlehenswerber, den
160 2368 560 2404 Betrag, den ſie als In
164 2402 560 2437 formationsgebühr ein
164 2439 569 2473 fordern, faſt ganz. Da
161 2474 568 2509 von hundert Darlehens⸗
165 2509 567 2543 werbern kaum einer ein
162 2543 570 2577 Darlehen erhält, kann
160 2579 561 2615 man ſich leicht ausrech
161 2614 569 2648 nen, was dieſe: Dar⸗
163 2648 569 2684 lehensvermittlungen in
163 2685 571 2719 ſchwindleriſcher Weiſe
164 2718 568 2753 verdienen. Leſen Sie den
161 2756 571 2789 Artikel „Darlehen“ im
165 2792 570 2824 Auskunftskalender 1.
168 2825 572 2859 Teil, damit Sie nicht
163 2861 572 2895 Schwindlern zum Opfer
165 2897 572 2933 fallen. Der Auskunfts⸗
167 2932 577 2967 kalender 1. Teil wird
169 2967 574 3004 Ihnen bei Einſendung
164 3002 574 3038 von 25 Heller in Brief⸗
166 3037 575 3071 marken portofrei zuge⸗
164 3073 575 3108 ſchickt. — 2. Wenn Sie
163 3105 575 3144 Ihre Tochter eine Han⸗
165 3144 575 3177 delsſchule beſuchen laſſen,
163 3179 577 3215 ſo wird ſie jedenfalls
165 3213 577 3249 leichter und raſcher eine
170 3249 576 3284 Stelle finden, als wenn
166 3284 576 3319 Sie ſie im Malen aus⸗
167 3321 577 3356 bilden laſſen. Bis man
166 3354 578 3388 als Malerin ein Bild
168 3392 579 3425 verkauft, kann man ſehr
167 3426 527 3464 alt und grau werden.
593 304 1607 337 tas rauchte, der kann getroſt ſagen: „Mich genieren
591 338 1599 373 die hohen Preiſe nicht!“ Denn abgeſehen davon, daß
593 373 1601 409 ihn auch eine ſtärkere Preisſteigerung nicht geniert, iſt er
593 407 1601 443 viel, viel beſſer daran als der Mann aus dem Volke, der
593 445 1600 480 ſeine verteuerte „Kurze“ raucht. Denn es macht wirklich bei
591 480 1600 515 einer Zigarre, die bisher 18 Heller koſtete, nicht viel aus, wenn
593 514 1601 551 man jetzt für denſelben Genuß 20 Heller zahlt. Wer aber die
594 550 1600 587 „gemiſchten Ausländer“ (wie die Kurze offiziell heißt) zu
594 587 1599 621 rauchen gezwungen iſt, dem wird der fragwürdige Genuß um
593 622 1600 658 viel mehr verteuert, wenn er nun 6 Heller ſtatt 5 Heller
591 657 1601 693 zahlen muß. Der Regalitas⸗Raucher kann vergnügt ſagen: „Bei
592 691 1603 730 mir ſteht die Sache ganz einfach: Wo ich bisher 90 Heller
593 731 1602 765 gezahlt habe, zahle ich in Hinkunft halt rund 1 Krone.“ Der
592 764 1601 801 Raucher der „Kurzen“ aber ſeufzt: „Wo ich bisher 90 Heller
591 800 1600 836 zahlte, werde ich 1 Krone und 8 Heller zahlen!“ Dieſe
593 835 1603 872 acht Heller muß der arme Mann mehr bezahlen, die bei
595 872 1062 908 ihm eine große Rolle ſpielen.
682 907 1610 942 Noch erſchreckender iſt dies aber bei den billigen
595 943 1603 979 Zigarrettenſorten. Wer bisher „Drama“ rauchte,
593 978 1605 1015 der muß in Hinkunft das Doppelte von dem zahlen,
595 1013 1603 1049 was er bisher für das Rauchen geopfert hatte. Denn die
596 1050 1604 1084 Dramas koſten in Hinkunft zwei Heller ſtatt eines Hellers.
596 1082 1609 1121 Der „Sports“⸗Mann muß gleichfalls zu dem was er bisher
596 1121 1380 1155 fürs Rauchen ausgab, genau die Hälfte zulegen.
683 1155 1609 1193 Man kann daher getroſt ſagen, daß die 76 Millionen
596 1192 1604 1227 Mehreinnahmen, die der Staat jährlich hereinbringen
594 1227 1605 1262 wird, aus der Taſche des armen Mannes kommen.
596 1263 1610 1299 Der Rauch verdichtet ſich zu 76 Millionen, die den Sack des
596 1299 815 1334 Fiskus füllen.
683 1333 1604 1368 Von dieſem Mehrverdienſt fließt ein Teil, freilich nur
596 1367 1605 1404 ein ganz ganz kleiner Bruchteil den Trafikantinnen zu. Es
594 1404 1605 1440 wäre aber weit gefehlt, wollte man annehmen, daß dadurch die
594 1439 1605 1476 Lage der Trafikantinnen weſentlich verbeſſert wird. Sie werden
595 1476 1605 1512 jetzt einheitlich zehn Prozent der Einnahmen erhalten.
596 1511 1605 1545 Bei vielen Sorten — ſo bei Sport und Memphis — haben
595 1547 1610 1582 ſie auch bisher dieſelbe Vergütung erhalten. Bei manchen
596 1577 1606 1617 anderen — ſo beſonders bei den teuren Zigarren — erhielten
595 1617 1605 1652 ſie freilich bisher nur 7 Prozent, ſo daß ſie jetzt bei
596 1652 1605 1688 dieſen mehr verdienen. Man muß jedoch bedenken, daß dieſe
596 1685 1608 1723 feinen Zigarren nur in verhältnismäßig wenigen großen
596 1723 1606 1758 Trafiken geführt werden, die in Gegenden etabliert ſind, in
597 1758 1607 1793 denen die reiche Kundſchaft verkehrt. Hier ſind aber die Koſten
596 1793 1607 1829 für die Regie, insbeſondere für Miete, in der letzten Zeit derart
595 1828 1607 1865 geſtiegen, daß das Aerar unbedingt auch hier etwas von ſeinem
597 1864 1607 1899 Profit ablaſſen mußte. Immerhin kann es nur begrüßt werden,
599 1900 1609 1936 daß von den vielen tauſenden Kronen einige wenige Heller
599 1936 1054 1971 für die Trafikanten abfallen.
684 1977 1607 2014 Die Teuerung wird in der nächſten Zeit ſicherlich eine
597 2015 1607 2052 Einſchränkung des Verbrauches zur Folge haben. So
597 2046 1610 2089 mancher wird in den teuren Tabak das billige Kaſtanienkraut
596 2085 1610 2124 miſchen und auf dieſe Weiſe die Teuerung bekämpfen.
598 2121 1607 2160 Derjenige, der ſich noch raſch „vor Abſchluß“ große Mengen
597 2158 1608 2196 einkaufen konnte, kann freilich ſagen: „A Weil' bin i no
597 2193 1611 2233 verſorgt!“ Aber nach dieſer Zeit wird er dann doch tiefer
599 2231 1611 2268 in den Sack greifen müſſen. Der einzige, dem außer dem
597 2269 1609 2304 Millionär die Preisſteigerung völlig Wurſcht iſt, bleibt der
600 2305 1610 2343 „Tſchick⸗Arretierer“. Er kann ſogar von heute an viel ſtolzer
599 2341 1610 2377 ſein und ſich bedeutend nobler fühlen als bisher. Denn der
597 2379 1608 2414 Stummel, den er aufhebt, ſtellt nunmehr ein viel koſtbareres
597 2417 1222 2451 Gut dar, als bis zum geſtrigen Tage.
759 2467 1451 2510 Der letzte Tag des billigen Rauchens.
692 2526 1609 2568 Geſtern, am letzten Tage der alten Preiſe für Zigarren
598 2570 1610 2612 und Zigaretten, herrſchte in ſämtlichen Wiener Trafiken ein
596 2616 1611 2658 förmlicher Maſſenandrang. Der größte Teil des rauchenden
600 2665 1609 2701 Publikums hat ſich auf lange Zeit mit Rauchmaterial vor⸗
600 2706 1613 2748 geſehen, ſo daß die Verteuerung der Zigarren und Zigaretten
595 2752 1613 2792 für dieſen Teil der Raucher wenigſtens nicht momentan
595 2798 896 2837 fühlbar ſein wird.
684 2843 1610 2880 In den Spezialitätentrafiken am Kohlmarkt und in
600 2880 1612 2917 der Mariahilferſtraße herrſchte ein derartiger Andrang, daß
602 2917 1612 2952 das Publikum oft über eine Stunde lang warten mußte. In
602 2952 1610 2990 den Nachmittagsſtunden waren in den Spezialitätentrafiken
604 2989 1614 3026 die meiſten Sorten der gangbarſten Spezialitätenfabrikate
597 3027 818 3061 ausgegangen.
685 3063 1612 3096 Am Abend fand in den Trafiken durch Finanzorgane
606 3100 1609 3134 eine Inventuraufnahme ſtatt. Die Trafikanten werden die
605 3136 1614 3171 Differenz von dem erhöhten Betrage auf den alten Preis für
599 3170 1613 3207 die Lagerbeſtände nachzuzahlen haben. In Trafikantenkreiſen
599 3207 1611 3244 rechnet man damit, daß den beſonderen Mehreinnahmen in
602 3243 1615 3279 den letzten Tagen naturgemäß ein bedeutender Ausfall in den
602 3280 1613 3314 Monaten Juli und Auguſt gegenüberſtehen wird. Für die
604 3316 1615 3351 Trafikanten dürfte die Preiserhöhung der Tabakfabrikate vor
603 3350 1619 3387 Ablauf von zwei bis drei Monaten daher keine Mehreinnah⸗
607 3388 822 3420 men bringen.
1745 341 2547 409 Ein Täſchchenräuber in der Stadt.
1910 420 2378 465 Aufſehen erregende Jagd.
1733 479 2662 517 Eine ſehr aufregende Jagd nach einem frechen Strolch,
1640 515 2658 552 der einem jungen Mädchen eine Handtaſche mit Geld entriſſen
1640 551 2661 589 hatte, machte geſtern nachmittags in der Innern Stadt ziem⸗
1640 587 1895 619 liches Aufſehen.
1732 620 2664 658 Die Kontoriſtin Philippine Oſer, beim Kaufmann
1640 658 2658 694 Ignaz Oſer in der Hegelgaſſe 6 angeſtellt, hat geſtern nach⸗
1641 694 2659 729 mittags bei der Poſtſparkaſſe einen Betrag von 750 K be⸗
1640 729 2662 765 hoben Sie hatte das Geld in ihr Handtäſchchen geſteckt, in
1642 765 2658 801 welchem ſich ſchon 320 K befanden. In den Anlagen der
1641 801 2658 835 Gartenbaugeſellſchaft verſpürte das Mädchen plötzlich einen
1641 838 2659 872 Stoß in den Rücken und ehe ſie ſich über die Perſon des
1641 874 2660 908 Attackierenden klar werden konnte, riß ihr Jemand das
1641 907 2659 943 Handtäſchchen mit den 1070 K aus der Hand. Fräulein
1641 942 2660 979 Oſer drehte ſich um und ſah einen jungen Burſchen durch die
1642 979 2660 1014 Liebenberggaſſe über den Ring und gegen den Stadtpark
1642 1015 2659 1048 davonlaufen. Die Beraubte lief dem Räuber mit dem gellenden
1641 1051 2658 1085 Ruf „Aufhalten! Aufhalten!“ nach. Dem Gauner
1643 1086 2660 1120 war das Handtäſchchen auf der eiligen Flucht auf den Boden
1640 1121 2664 1155 gefallen. Er bückte ſich danach, hob es auf und lief weiter.
1642 1158 2659 1192 Paſſanten verfolgten den Täſchchenräuber bis zum Stadtpark.
1735 1192 2660 1226 Dort erblickte er eine Automobil⸗Taxameterdroſchke. Er
1645 1227 2660 1264 ließ ſie raſch halten, ſprang in das Coupé und rief dem Lenker
1642 1264 2661 1299 zu, er möge eilig zum Südbahnhof fahren. Der Strolch
1643 1299 2660 1334 hoffte, der Chauffeur würde wegfahren, ehe die Verfolger
1644 1335 2660 1369 kämen. Kaum aber ſaß er im Automobil, als der erſte aus der
1643 1371 2660 1406 Verfolgerſchar daher kam und keuchend den Chauffeur anhielt.
1643 1406 2661 1441 Der Strolch wurde gepackt und einem Sicherheitswachmann
1645 1441 2661 1478 übergeben. Dieſer brachte ihn erſt zur Wachſtube Kumpfgaſſe
1643 1477 2470 1513 und dann zum Polizeikommiſſariat Innere Stadt.
1738 1512 2661 1547 Der Verhaftete iſt der 19jährige Schreiber Joſef
1643 1548 2660 1584 Plhal, Währing, Karl Beckgaſſe 17 wohnhaft. Er war in
1644 1583 2661 1618 den Dienſten eines hieſigen Advokaten geſtanden. Am 22. Juni
1643 1618 2662 1655 d. J. hatte er von dem Anwalt den Auftrag erhalten, ein
1646 1653 2662 1693 Telegramm aufzugeben. Plhal rechnete nach ſeiner Rückkehr
1647 1689 2662 1725 7 K 10h als Telegrammſpeſen auf. Den reſtlichen Betrag von
1645 1726 2662 1761 der erhaltenen 20 Kronen⸗Note, 12 K 90 h, gab er dem
1646 1761 2663 1796 Kanzleileiter. Nachträglich wurde aber feſtgeſtellt, daß er das
1646 1795 2663 1832 Telegramm gar nicht aufgegeben hatte, weshalb
1647 1828 2662 1868 er ſofort entlaſſen wurde. Plhal ſcheint auch außerdem ver⸗
1644 1866 2664 1906 dächtig, an dem Diebſtahl einer Schreibmaſchine bei dem be⸗
1645 1902 2661 1937 zeichneten Advokaten beteiligt geweſen zu ſein. Am 1. Mai
1647 1937 2663 1973 d. J. iſt nämlich die Kanzlei erbrochen aufgefunden
1646 1972 2662 2008 worden. Die Schreibmaſchine war verſchwunden. Am folgenden
1647 2009 2663 2044 Tage war Plhal nicht in die Kanzlei gekommen.
1646 2042 2663 2080 Als Entſchuldigungsgrund hatte er angeführt, daß er heiſer
1640 2082 2283 2115 war, was ſich als unwahr herausſtellte.
1730 2160 2667 2201 (Kaiſer Wilhelm — „Ehrenziegelmeiſter“.) Der Beſitz
1648 2205 2668 2246 der Gutsherrſchaft Kadinen in Oſtpreußen hat dem
1646 2250 2671 2293 Kaiſer Wilhelm eine ganz beſondere Ehrung einge⸗
1649 2294 2667 2337 tragen. Zu dem Gute gehört auch eine große Ziegelei,
1648 2338 2668 2383 für deren Betrieb der Kaiſer als ihr Eigentümer
1647 2386 2668 2427 Intereſſe bekundet und die er zur Hebung der Produktion
1648 2429 2668 2471 in den nächſten Monaten erheblich erweitern läßt. Vor
1646 2476 2667 2518 einigen Tagen hat der Monarch ſogar mehrere Stunden
1647 2520 2669 2563 hindurch praktiſche Zieglerarbeit geleiſtet, die Knet⸗
1644 2562 2670 2606 maſchine bedient und eigenhändig eine Anzahl Ziegel
1645 2607 2670 2651 hergeſtellt. In Erinnerung daran hat ihn jetzt die deutſche
1644 2653 2669 2696 Ziegelmeiſtervereinigung zum Ehrenmitgliede ernannt.
1645 2699 2673 2747 In dem Diplom wird der Kaiſer „Ehrenziegelmeiſter“
1648 2750 1808 2787 benannt.
1731 2785 2680 2832 (Auszeichnung.) Dem bekannten Alpiniſten und Ob⸗
1645 2830 2677 2881 mam: des alpinen Rettungsausſchuſſes Heinrich Krem⸗
1651 2876 2672 2925 pel in Wien iſt in Anerkennung ſeiner langjährigen
1646 2926 2676 2974 hochverdienten Tätigkeit als Anreger und Führer des
1651 2967 2681 3014 alpinen Rettungsweſens das goldene Verdienſt⸗
1645 3015 2464 3059 kreuz mit der Krone verliehen worden.
1719 3057 2677 3106 (Frau Toſelli ſchreibt ihre Memoiren.) Die ehe⸗
1644 3104 2675 3149 malige Kronprinzeſſin Luiſe von Sachſen, ſpätere
1645 3150 2675 3195 Gräfin, Montignoſo und gegenwärtige Frau
1645 3190 2675 3239 Toſelli, hat ihre Memoiren geſchrieben, die in einem
1647 3238 2672 3282 engliſchen Verlage unter dem Titel „Meine Geſchichte“
1647 3282 2676 3325 im September erſcheinen werden. In der Vorrede ſagt ſie
1647 3328 2675 3369 folgendes: „Ich bin oft aufgefordert worden, öffentlich all
1648 3370 2681 3413 die ungenauen Angaben zu wiederlegen, die ſeit ungefähr
1650 3417 2681 3457 zehn Jahren über mein Leben und meine Handlungs⸗
