1536 2321
78 12 1292 75 Extrabeilage zu den Innsbrucker Nachrichten Nr. 148.
551 196 949 255 Alle 3 Wochen
273 256 1217 323 eine Gewinn-Ziehung der vom Staate garantirten
287 322 1199 508 Geld⸗Verlooſung.
235 499 1327 562 Originallooſe für alle Ziehungen, (keine Promeſſen), womit die
151 543 1324 608 Haupttreffer von 200,000, 100,000, 50,000, 30,000, 25,000 20,000,
153 591 1322 657 15,000, 12,000, 10,000 ꝛc. binnen 4 Monate gewonnen werden müſſen,
149 637 1324 707 ſind bei einer kleinen Anzahlung von nur fl. 5. direkt zu beziehen bei
276 694 1196 788 L. Steindecker⸗Schleſinger,
201 770 1266 836 Bank⸗ und Wechſel⸗Geſchäft in Frankfurt a. M.
531 834 921 881 Pläne und Liſten gratis
1280 849 1325 898 1₆
532 982 906 1052 Anzeige.
136 1045 885 1099 Auf Martini d. Js. kommt zu verpachten:
137 1087 1397 1160 1) Der Wirthshof in Stams, wozu gehören bei 15 Jauch Bau⸗
49 1140 1396 1209 grund, bei 17 ½ Jauch ein⸗ und zweimähdiges Wiesfeld und eine Wirthsgerechtſame.
128 1181 1396 1260 2) Der Stuttenhof in Tratzberg mit ungefähr 17 Jauch Baugrund,
47 1233 1394 1302 zweimähdiges Wiesfeld, 10 Jauch einmähdiges Wiesfeld und 8 Jauch Streumoos.
129 1281 1394 1354 Pachtliebhaber wollen ſich bis Jakobi d. Js. bei der gräfl. v. Enzenberg⸗
43 1321 1395 1403 Tannenberg'ſchen Güter⸗Inſpektion in Schwaz melden, und die Be⸗
44 1374 496 1427 dingungen daſelbſt einſehen.
1355 1404 1392 1445 1₂
453 1446 981 1523 Haus⸗Verkauf.
124 1509 1387 1576 In einer der frequenteſten Straßen Innsbrucks iſt ein 4 Stock hohes Haus
41 1553 1387 1622 mit ebenerdigem großen Gewölbe, zu jedem Geſchäfte geeignet und im beſten bau⸗
39 1598 1387 1666 lichen Zuſtande, unter billigen Bedingniſſen zu verkaufen oder auf mehrere Jahre
38 1650 1224 1708 zu verpachten. Auskunft hierüber ertheilt die Expedition dieſes Blattes.
1346 1673 1389 1717 3₃
412 1714 1009 1794 Verſteigerungs⸗Edikt.
118 1780 1381 1845 Am Mittwoch, den 6. Juli 9 Uhr früh werden in der Exekutionsſache des
35 1825 1380 1892 Jakob Kirchebner von Pradl gegen die ehemalige Auskocherin Eliſabeth Meir hier
34 1874 1378 1936 pct. 190 fl in dem ehemaligen Strafhauſe hier im 2. Stock rückwärts mehrere ver⸗
35 1922 1377 1987 ſchiedene Zimmer⸗ und Kücheneinrichtungs⸗Gegenſtände, dann Betten, Matratzen
33 1968 1060 2027 und Wäſche gegen ſogleich baare Bezahlung verſteigert werden.
114 2016 673 2063 Innsbruck am 28. Juni 1864.
481 2067 910 2131 Dr. Franz Rapp,
373 2118 1027 2170 k. k. Notar als del. Gerichts⸗Kommiſſär.
1330 2136 1380 2182 2₃
