3488 5338
117 168 721 207 Redaction, Administration & Druckerei:
207 204 612 229 Kolowrat-Ring, Fichtegasse Nr. 11.
117 227 719 257 Unfrankirte Briefe werden nicht angenommen und
218 252 615 277 Manuscripte nicht zurückgesendet.
209 285 611 314 Ankündigungs-Bureau:
116 310 720 336 Stadt, Wollzeile Nr. 20. Insertionspreis nach Tarif,
117 335 720 359 Inserate übernehmen im Auslande: John F. Jones
116 358 718 382 & Co. in Paris, 31 bis, Rue du Faubourg Mont-
114 379 720 404 martre; Agence Havas in Brüssel; Rudolf
114 401 715 424 Mosse in Berlin, Frankfurt a. M., Mün-
113 422 722 447 chen, Leipzig; G. L. Daube & Co. in Frank-
115 444 719 469 furt a. M., Berlin, Cöln, Leipzig: Haa-
117 467 716 491 senstein & Vogler in Hamburg. Berlin,
115 489 721 512 Frankfurt a. M. u. Basel; Annoncen-Expe-
114 509 718 534 dition „Invalidendank“ in Berlin; Annoncen-Ex-
115 530 719 557 pedition „Invalidendank“ in Chemnitz; Bernh.
117 552 722 576 Arndt, Ann.-Exp. in Berlin; Heinrich Eisler, Adolf
114 574 717 599 Steiner und Károly & Liebmann, Ann.-Expeditionen
118 596 720 621 in Hamburg; Wilhelm Scheller u. Eduard Schlotte,
115 618 721 642 Ann.-Expeditionen in Bremen; Orell Füssli & Co.
117 638 722 665 in Zürich u. Basel; E. E. Oblieghtin Mailand,
121 662 722 688 Florenz u. Rom; Sam. Deacon & Co., London.
218 695 614 723 Abonnement für Wien:
123 719 725 747 Im Hauptverlage, Wollzeile 20: Ganzjähr. fl. 21.60,
120 741 724 768 monatl. fl. 1.80. Mit Zustellung ins Haus: Viertelj.
285 765 554 787 fl. 6.30, monatl. fl. 2.10.
160 784 693 812 Einzeln: Morgenblatt 6 kr., Abendblatt 8 kr.
1439 173 1908 277 Neue
801 289 2599 649 Freie Presse.
1467 698 1930 794 Morgenblatt.
2736 139 3229 167 Abonnement für das Inland:
2681 168 3284 195 Mit tägl. einmal. Postversendung: Ganzj. fl. 28, halbj.
2677 192 3285 217 fl. 14, viertelj, fl. 7. Mit tägl. zweimal. Postvers.: Ganzj.
2793 214 3186 237 fl. 32, halbj. fl. 18, viertelj., fl. 8.
2719 251 3258 282 Abonnement für das Ausland:
2904 283 3073 304 Vierteljährig:
2686 305 3289 331 Bei uns (Kreuzband-Versendung): Deutsch-
2683 330 3291 354 land und Serbien 10 fl., alle übrigen Staaten
2685 351 3294 375 des Weltpostvereinen 11 fl. — Bei den Post-
2686 373 3291 398 ämtern in: Deutschland 11 M. 10 Pf.,
2683 395 3293 420 Schweiz 14 Fr., Rumänien und Serbien
2685 417 3298 439 16 Fr., Bulgarien 14 Fr., Russland 6 Rubel.
2684 436 3290 462 Griechenland und europäische Türkei
2683 460 3294 483 7 fl. 42 kr., asiatische Türkei 8 fl. 20 kr.,
2684 481 3293 506 Egypten 15 Fr. 50 Ct. — Bei den Agenturen
2682 502 3289 526 in Italien: E. E. Oblieght in Mailand, Florenz und
2684 524 3295 548 Rom, Loescher & Co. in Rom 28 Fr. 50 Ct., Henry
2684 546 3294 570 Berger in Mailand. Via Meravigli 10, 28 Fr.: Frank-
2685 568 3295 591 reich: Agence Havas in Paris, 29 Fr. 50 Ct.; Eng-
2687 591 3291 613 land: A. Sierle, 30 Lime-Street E. C., London,
2687 611 3293 636 24 Sh. daselbst für die englischen Colonien
2689 634 3291 658 mit Portozuschlag; Nordamerika: E. Steiger,
2688 655 3293 677 25 Park-Place, Gustav E. Stechert, 766 Broadway,
2685 678 3294 703 Intern. Publishing Agency. 710 Broadway in Newyork,
2873 700 3103 722 6 Doll. 40 Cts. Gold.
2683 736 3296 761 Für die an Agenten, Austräger oder Verschleisser
2722 759 3266 782 bezahlten Beträge leisten wir keine Garantie.
183 846 633 926 Nr. 11085.
1294 838 2106 914 Wien, Samſtag, den 6. Juli
2966 829 3237 901 1895.
448 984 820 1050 Wien, 5. Juli.
209 1063 1153 1113 Das weſentliche Merkmal der Vorgänge, welche ſeit
119 1106 1152 1161 drei Tagen wiederum die Aufmerkſamkeit nach Belgrad
118 1151 1155 1202 lenken, beſteht nicht darin, daß abermals eine Regierungs⸗
119 1194 1151 1245 kriſe eingetreten, ſondern darin, daß die radicale Partei von
119 1234 1153 1286 neuem in den Vordergrund gerückt iſt. Seit anderthalb
119 1278 1152 1332 Jahren hat Serbien nicht weniger als vier Regierungskriſen
120 1321 1154 1374 durchgemacht, von denen eine ſogar mit einem Staatsſtreiche
120 1363 1160 1416 endete, indem ſie die Aufhebung der Verfaſſung vom 22. De⸗
123 1408 1154 1459 cember 1888 und die Octroyirung der Verfaſſung vom
125 1451 1156 1502 29. Juni 1869 zur Folge hatte. All dieſe Kriſen hatten
128 1493 1156 1545 das Gemeinſame, daß die radicale Partei förmlich effacirt
120 1536 1157 1591 ſchien, denn ſowol das liberal⸗fortſchrittliche Coalitions⸗Cabinet
121 1580 1163 1632 Simic wie das fortſchrittliche Cabinet Nikolajevic, dem
124 1624 1158 1675 ſchließlich das neutrale Cabinet Kriſtic folgte, waren
128 1665 1159 1721 nicht blos ohne, ſondern gegen die radicale Partei
124 1709 1160 1762 zu Stande gebracht. Nun ſind plötzlich wieder die
126 1751 1160 1806 Radicalen auf den Schauplatz getreten; es iſt mit
125 1793 1158 1849 ihnen wegen der Bildung eines radical⸗fortſchrittlichen
128 1836 1159 1888 Coalitions⸗Miniſteriums verhandelt worden, und dies
132 1879 1160 1932 iſt das beachtenswertheſte Moment, weil es eine Wandlung
134 1922 1161 1975 der geſammten inneren Situation in Serbien in ſich ſchließt.
129 1963 1166 2016 Ob die vorübergehende Nöthigung der Stunde ein fort⸗
134 2005 1161 2062 ſchrittliches Cabinet Novakovic oder ein fortſchrittlich⸗radicales
135 2052 1161 2104 Coalitions⸗Miniſterium Simic heraufbringt, ob das neutrale
135 2095 1163 2150 Miniſterium Kriſtic mit oder ohne Kriſtic nochmals damit
136 2137 1165 2191 betraut wird, eine Augenblicks⸗Verlegenheit zu überwinden,
134 2180 1168 2233 iſt im Grunde eine Frage zweiter Ordnung. Das Weſent⸗
138 2222 1165 2276 liche iſt, daß den Radicalen wieder die Regierungsfähigkeit
135 2266 1164 2321 zugeſtanden worden, welche den Liberalen ſeit dem Staats⸗
138 2308 1170 2363 ſtreiche vom 21. Mai 1894 definitiv abgeſprochen iſt. Aller⸗
133 2352 1166 2405 dings haben die Radicalen ſchon ſeit dem vorigen Sommer
129 2395 1165 2449 ſich bemüht, die Fühlung mit dem Hofe zu erneuern, aber
139 2437 1165 2489 es war vergebens. Die Berufung des Miniſteriums Kriſtic
139 2480 1165 2532 und die Durchführung des Proceſſes Cebinac waren nicht
135 2523 1165 2579 mißzuverſtehende Abſagen. Jetzt aber iſt die radicale Partei
133 2567 1167 2620 bei der Frage der Cabinetsbildung von neuem in Betracht
134 2610 1166 2664 gezogen worden; ſie bildet wieder eine große Ziffer auch im
135 2651 1173 2705 Konak, der ihr bis zur Ankunft der Mutter des Königs
140 2708 414 2749 verſchloſſen war.
223 2738 1167 2788 Was ergibt ſich aus dieſer Wandlung? Nichts, das
141 2779 1170 2836 nicht ſchon bekannt geweſen wäre, aber etwas, das ſehr ein⸗
137 2823 1168 2881 dringlich ins Gedächtniß zurückgerufen wird. Die Radicalen
138 2866 1168 2922 ſind die weitaus ſtärkſte Partei im Lande; der Verſuch, ohne
141 2909 1169 2964 oder gegen ſie zu regieren, iſt auf die Dauer ausſichtslos.
136 2954 1168 3007 Kommen ſie heute nicht ans Ruder, ſo geſchieht es morgen
140 2996 1169 3049 oder übermorgen, weil ſie den Volkswillen beherrſchen, der
135 3040 1174 3093 ihnen nicht abwendig zu machen iſt. Dieſe Thatſache mag
136 3079 1175 3136 für die ruhige Staatsentwicklung in Serbien verhängnißvoll
136 3121 1170 3178 ſein, aber ſie iſt vorhanden und läßt ſich durch keinen Ukas,
135 3166 1170 3219 durch keinen Staatsſtreich aus der Welt ſchaffen. Mit den
140 3209 1169 3262 Radicalen verglichen, entbehrt jede andere Partei der tieferen
142 3253 1171 3306 Wurzeln in der ſerbiſchen Bevölkerung. Die Krone konnte
139 3295 1176 3348 die ſeit dem Jahre 1888 ins Dunkel zurückgeſtoßene Fort⸗
144 3338 1171 3392 ſchrittspartei wieder an ſich heranziehen, ſie konnte den
140 3381 1176 3436 Liberalen in jener denkwürdigen Aprilnacht, in welcher der
1190 965 2230 1013 junge Monarch ſich aus eigener Machtvollkommenheit mündig
1191 1009 2230 1057 erklärte, auf eine faſt unerhört ſchroffe Weiſe den Laufpaß
1190 1053 2224 1100 geben, ohne heftige Gegenwirkungen befürchten zu müſſen.
1193 1097 2228 1143 Mit den Radicalen iſt ſie immer wieder zu rechnen ge⸗
1193 1140 2231 1187 nöthigt, auch wenn ſie zeitweilig ihnen den Stuhl vor die
1194 1182 2227 1228 Thür ſetzt. Das iſt der Sinn und die Lehre der Verhand⸗
1193 1224 2225 1271 lungen, welche geſtern und heute im Belgrader Konak wegen
1191 1266 2232 1314 eines radical⸗fortſchrittlichen Coalitions⸗Miniſteriums ge⸗
1194 1310 2226 1359 pflogen wurden. Der Moment kann andere Löſungen der
1194 1354 2227 1400 aus beſtimmten Urſachen entſtandenen Kriſe bringen, aber
1198 1396 2230 1443 dauernd iſt an der größten und rührigſten Partei des Landes
1190 1447 1572 1486 nicht vorbeizukommen.
1281 1482 2229 1529 Wenn man ſich dies gegenwärtig hält, ſo gewinnt man
1195 1525 2228 1572 leicht von der Bedeutung aller ephemeren Experimente
1197 1569 2232 1616 die richtige Vorſtellung, und man begreift auch, warum,
1195 1611 2236 1660 ſeitdem die Radicalen zurückgedrängt ſind, die Regierungs⸗
1198 1655 2231 1702 kriſen in betäubender Häufigkeit einander folgen. Simic,
1200 1696 2235 1745 Nikolajevic, Nikola Kriſtic bedeuten in Wahrheit abgenützte
1201 1741 2231 1788 Verſuche, eine Regierungsmethode ausfindig zu machen,
1201 1783 2230 1830 durch welche die Radicalen zurückgedrängt werden könnten.
1202 1826 2230 1873 Aber es gibt eine ſolche Methode ſo wenig, wie es eine
1203 1868 2231 1917 Quadratur des Cirkels gibt. Garaſchanin, Nikolajevic,
1203 1912 2231 1960 Novakovic ſind Zierden ihres Volkes, an dem alten Ivan
1204 1954 2232 2003 Riſtic haftet die nationalgeſchichtliche Tradition eines halben
1204 1998 2234 2046 Jahrhunderts; aber ſie Alle können ſich beiweitem nicht mit
1206 2041 2239 2086 der Popularität meſſen, die ihnen auf radicaler Seite gegen⸗
1207 2084 2232 2131 überſteht. Und darum bleibt trotz aller Momentbilder als
1207 2127 2233 2175 der Weisheit letzter Schluß immer nur der Recurs an die
1206 2170 2233 2218 Radicalen übrig. Augenblicklich handelt es ſich darum, ein
1205 2213 2239 2259 Miniſterium zu finden, welchem die Skupſchtina das Finanz⸗
1207 2257 2241 2301 Arrangement bewilligt. Traut ſich das Miniſterium Kriſtic zu,
1204 2298 2237 2346 dieſe Bewilligung zu erlangen, ſo muß es der Unterſtützung der
1208 2342 2239 2388 Fortſchrittspartei ſicher ſein, welche in der jetzigen neutralen
1207 2385 2242 2435 Skupſchtina über die Majorität verfügt; iſt es dieſer Unter⸗
1209 2429 2241 2474 ſtützung nicht gewiß, ſo wäre es am einfachſten, einem Mini⸗
1209 2471 2237 2517 ſterium der Fortſchrittspartei die Zügel in die Hand zu
1207 2516 2237 2561 geben, aber die Fortſchrittspartei muß, auch wenn ſie ſich
1209 2558 2238 2602 entſchließt, die Verantwortung für das höchſt unpopuläre
1207 2599 2237 2649 Finanz⸗Arrangement zu übernehmen, um in der Majorität
1204 2639 2239 2688 zu bleiben und den Radicalen die Rückkehr zur Herrſchaft
1205 2687 2238 2734 zu verſperren, ſich doch fragen, ob nicht über Nacht ein
1212 2728 2238 2773 conträrer Wind ihr Miniſterium fortfegt und ſie eines
1212 2771 2240 2817 Morgens mit einer erdrückenden Verantwortung, aber ohne
1211 2815 2238 2861 Regierungsmacht erwacht. Sie hat ſolche Kataſtrophen ſchon
1213 2856 2239 2903 erlebt. Und immer wieder waren es die Radicalen, welche
1206 2897 2241 2947 ſich an den leeren Platz ſetzten, weil ſie diejenige Partei
1209 2943 2239 2987 ſind, hinter welcher die weit überwiegende Volksmehrheit
1210 2986 2245 3032 ſteht. Der Gedanke, zwiſchen den Radicalen und der Fort⸗
1211 3029 2239 3075 ſchrittspartei eine Coalition zu Stande zu bringen, kann
1212 3070 2240 3119 deßhalb nur ein Vorwand ſein, um einen todten Punkt zu
1215 3115 2241 3161 überwinden; er entbehrt jeder realen Vorausſetzung, aber
1208 3157 2241 3204 ſeine ſymptomatiſche Bedeutung iſt nicht zu verkennen. Sie
1209 3200 2240 3247 beſteht darin, daß ſie die in der Volksſtimmung wurzelnde
1215 3243 2189 3289 Macht der Radicalen neuerdings zur Erſcheinung bringt.
1300 3286 2241 3331 Es iſt richtig, daß ein vertrauensvolles Verhältniß
1216 3328 2241 3377 zwiſchen der Krone und der radicalen Partei nach den Er⸗
1216 3368 2241 3420 fahrungen des letzten Jahrzehnts ſchwer zu denken iſt.
2268 961 3294 1006 Wenn man ſich der Antecedentien des radicalen Führers
2268 1001 3295 1049 Nikola Paſic erinnert, wenn man erwägt, daß auf der
2268 1045 3296 1091 radicalen Partei der Verdacht anti⸗dynaſtiſcher Geſinnung
2268 1087 3294 1134 laſtete und daß ſie aus ihren Beſtrebungen, die Macht der
2269 1133 3297 1179 Krone zu Gunſten ihrer Parteiherrſchaft einzuſchränken,
2268 1176 3298 1223 früher kein Hehl machte, wenn man ſich endlich das tur⸗
2266 1220 3304 1265 bulent⸗demagogiſche Verhalten der radicalen Partei gegen⸗
2271 1261 3296 1306 über den anderen Parteien ins Gedächtniß zurückruft, ſo
2270 1303 3298 1347 verſteht man, warum im Konak nur unter ganz beſtimmten
2266 1345 3298 1391 Bedingungen die Wiederheranziehung der Radicalen zur
2270 1388 3299 1436 Regierung als möglich erſcheint. Und iſt dieſe Möglichkeit
2268 1432 3301 1478 jetzt noch nicht vorhanden, ſo wird wol vorerſt die Löſung
2272 1479 3299 1520 platzgreifen, daß das im Amte verbleibende Miniſterium
2272 1520 3299 1563 Kriſtic oder ein Fortſchrittsminiſterium Novakovic morgen
2272 1560 3300 1607 die ad hoc einberufene Skupſchtina begrüßt und
2274 1607 3302 1652 die Bewilligung des Finanz⸗Arrangements von ihr
2270 1650 3300 1693 zu erlangen ſucht. Was nachher kommt, bleibt dahingeſtellt.
2271 1691 3304 1735 Immer aber bleibt, wenn die Sorge des Augenblicks beſeitigt
2273 1737 3301 1779 iſt, die Eventualität der Couliſſenverſchiebung zu Gunſten
2269 1777 3302 1823 der Radicalen beſtehen, und mit ihr bleibt die Frage offen,
2275 1822 3307 1864 ob die Radicalen, ſeitdem ſie nicht regieren, in der Einſicht
2275 1867 3312 1907 fortgeſchritten ſind, daß zur Regierungsfähigkeit auch ein ſehr
2276 1908 3311 1952 ernſtes Gefühl der Verantwortung für die Staatsnothwendig⸗
2270 1950 3304 1995 keiten gehört. An dieſer Frage hängt die Zukunft Serbiens,
2272 1994 3314 2037 ſie reicht weit über die Vorgänge der unmittelbaren Gegen⸗
2274 2035 3304 2080 wart hinaus, denn von ihrer Beantwortung hängt es ab,
2278 2082 3304 2125 ob zwiſchen der Krone und der ſtärkſten Partei des
2278 2124 3305 2169 Landes die Brücke, welche am 22. Januar 1894 ſo jäh
2278 2164 3305 2210 abgebrochen wurde, wiederhergeſtellt werden kann. So lange
2279 2206 3306 2253 dies nicht der Fall iſt, ſind alle Löſungen unſicher und
2279 2257 2503 2297 problematiſch.
2478 2337 3106 2397 Oeſterreichiſcher Reichsrath.
3036 2415 3282 2450 Wien, 5. Juli.
2366 2463 3320 2510 Das Abgeordnetenhaus brachte heute die Be⸗
2276 2508 3314 2551 rathung über den Voranſchlag des Miniſteriums des
2281 2550 3311 2595 Innern zu Ende und trat in die Verhandlung über den
2282 2594 3311 2637 Etat für die Landesvertheidigung ein. Den Hauptgegenſtand
2274 2636 3328 2679 in der Debatte über die Voranſchläge des Staatsbaudienſtes,
2278 2680 3317 2723 des Straßen⸗ und des Waſſerbaues bilden die localen und
2276 2720 3309 2767 provinzialen Wünſche und Beſchwerden. Der Abgeordnete
2277 2762 3310 2807 Rutowski hatte ſchon bei der Verhandlung über die
2279 2809 3321 2852 Central⸗Leitung die Inangriffnahme der Flußregulirungs⸗
2279 2851 3320 2895 Arbeiten in Galizien urgirt; die Abgeordneten Kaftan,
2280 2895 3318 2938 Fořt und Funke forderten die Canaliſirung der Fluß⸗
2276 2939 3322 2981 ſtrecke Prag⸗Auſſig, und der letzterwähnte Abgeordnete
2276 2979 3321 3025 trat auch für den Bau des Donau⸗Moldau⸗Elbe⸗Canals ein,
2284 3024 3310 3067 während der Abgeordnete Morre die Calamität der Stadt
2277 3066 3321 3108 Radkersburg zur Sprache brachte und die baldige Fertigſtellung
2285 3111 3324 3153 der Mur⸗Regulirung verlangte. Der Abgeordnete v. For⸗
2281 3153 3318 3196 cher befürwortete die Incamerirung der Straßenſtrecke
2284 3195 3322 3239 Eiſenerz⸗Steyr. Der Abgeordnete Schorn zeigte ſich in ſeinem
2282 3237 3323 3283 Begehren nicht ſchüchtern. Während die Tiroler Landtags⸗
2282 3282 3321 3323 majorität ſich gegen den Bau von Straßen, die touriſtiſch und
2281 3324 3315 3366 für den Verkehr wichtig ſind, oft genug ablehnend verhalten
2281 3364 3327 3416 hat, verlangte Herr Schorn heute, daß den Kaſſenbeſtänden
490 3500 836 3577 Feuilleton.
254 3613 1068 3665 Adolph Wilbrandt: „Die Oſterinſel“.
235 3675 1175 3721 Nun hat auch Adolph Wilbrandt Stellung zu dem
149 3715 1176 3764 Philoſophen genommen, mit dem ſich nach einem Ausſpruche
149 3761 1177 3809 Alfred v. Berger's die Deutſchen in den nächſten zehn
149 3802 1177 3850 Jahren werden beſchäftigen muſſen, bevor ſie zu einer andern
147 3847 1177 3894 Philoſophie werden gelangen können: zu Friedrich Nietzſche,
152 3890 1177 3937 und zwar in ſeiner eigenartigen Weiſe, indem er ihn in
152 3933 1178 3981 freieſter Nachbildung zum Helden ſeines neueſten Romans:
149 3975 1183 4025 „Die Oſterinſel“*) machte, der Alfred v. Berger ge⸗
152 4018 1179 4065 widmet iſt. Wilbrandt ſchuf damit ein geiſtvoll anregendes
154 4060 1180 4110 Buch und vom künſtleriſchen Standpunkte ſeinen vielleicht
154 4104 1179 4152 beſten Roman, weil er die geſchloſſenſte Compoſition aufweiſt.
238 4147 1186 4195 Auf Nietzſche mußte Wilbrandt aus Gründen innerer
155 4190 1180 4237 geiſtiger Verwandtſchaft und vielfach gleicher Ideale ſtoßen.
149 4233 1182 4279 Wer Wilbrandt nach ſeinen beſten Erzählungen kennt, der
154 4276 1186 4325 weiß, daß er ſich von der Mehrzahl der Dichter ſeiner Gene⸗
156 4318 1182 4368 ration, zumal der begabteſten, wie Gottfried Keller und
158 4361 1183 4410 Paul Heyſe, dadurch unterſcheidet, daß er mit Vorliebe
157 4404 1185 4452 Männer, männliche Männer zeichnet, indeß im Mittelpunkte
157 4446 1184 4496 der neueren Poeſie das Weib und der weibliche Mann ſtehen.
150 4490 1184 4537 Große ſtattliche Geſtalten mit der bekannten männlichen
159 4533 1186 4582 Sprödigkeit im Ausdruck des Gefühles, mit guten, aber
159 4576 1191 4624 nicht allzu weichen Herzen, thatkräftig, entſchloſſen, eigen⸗
159 4620 1190 4667 willig bis zum Eigenſinn, Freunde des freien, kräftigen, un⸗
160 4662 1193 4710 behinderten Sichauslebens, eiferſüchtig auf ihre geiſtige und ma⸗
159 4703 1188 4750 terielle Unabhängigkeit: das ſind Wilbrandt's Lieblinge. Er hat
161 4747 1186 4793 den Mann in den verſchiedenſten Lebensaltern geſchildert:
160 4789 1186 4837 die Knaben und Jünglinge, die aufſtrebenden Berufsmenſchen
162 4832 1191 4883 und reifen Männer auf der Höhe ihres Lebens, die Greiſe,
162 4877 1186 4927 die ſchon entſagten und ſich nur mehr als Zuſchauer zur
157 4919 1193 4971 großen Comödie der Welt fühlen. Kein Dichter hat ſo viele
159 4962 1195 5010 und ſo ſchöne Männerfreundſchaften geſchildert wie Wil⸗
158 5004 1193 5054 brandt, das Verhältniß Gleichaltriger und Wahlverwandter
153 5049 1189 5100 zu einander, das Verhältniß von Vater zu Sohn, von Lehrer
240 5113 813 5160 *) Stuttgart, Cotta Nachfolger, 1895.
1218 3468 2242 3514 zu Schüler, von Wahlbruder zu Wahlbruder. Im Roman
1217 3513 2245 3560 „Hermann Ifinger“, der wol die intimſten perſönlichen Be⸗
1219 3555 2244 3599 kenntniſſe Wilbrandt's enthält, zu deſſen Helden der Dichter
1220 3597 2245 3643 ſelbſt Modell geſtanden ſein dürfte, tritt dieſer männliche
1220 3640 2245 3685 Charakter des Erzählers beſonders auffallend hervor, aber
1221 3683 2244 3729 auch in „Adam's Söhne“, im „Dornenweg“ und in den
1221 3725 2246 3773 Novellen ſtehen die Männer im Vordergrunde unſeres
1219 3768 2247 3817 Intereſſes, ja ſogar im „Meiſter Amor“ überragt die Ge⸗
1222 3812 2247 3857 ſtalt des alten Hillmann, des großen Lehrmeiſters der
1221 3855 2248 3900 Schauſpielkunſt, die Figur des Wunderkindes Ada, die den
1222 3896 2247 3945 Mittelpunkt der Erzählung bildet, um ein Bedeutendes. Am
1223 3941 2249 3988 Schluſſe des Romans „Adam's Söhne“ nimmt Wilbrandt
1217 3984 2250 4031 ſogar geradezu Stellung gegen einen der edelſten Vertreter
1218 4028 2250 4072 der modernen Poeſie, gegen Iwan Turgenjew, der in der
1221 4071 2252 4115 beſonderen Vorliebe für die Schilderung gebrochener Men⸗
1225 4112 2250 4161 ſchen, willensſchwacher, ewig mit ſich uneiniger Männer der
1225 4156 2250 4200 ſlaviſche Antipode des ſich als eigentlich germaniſch fühlenden
1226 4199 2250 4243 Niederdeutſchen Adolph Wilbrandt iſt. Er läßt da ſeinen
1227 4241 2250 4288 männlichen Wittekind ſagen: „Aber laßt uns heute nichts
1227 4284 2252 4329 von Turgenjew hören! Nein, etwas Erfreuliches, Markiges,
1227 4327 2251 4373 Urmännliches! Mein Junge hat ſich ganz in dieſen
1227 4369 2253 4417 Ruſſen vernarrt; in allen Taſchen trägt er ihn mit
1224 4414 2252 4462 herum, er lebt jetzt förmlich mit dieſen ſlaviſchen,
1226 4456 2251 4504 elegiſchen, zartbeſaiteten, geiſtreich kraftloſen Menſchen.
1227 4499 2254 4547 Ja, ja, ich gebe es zu, das iſt ein Poet, er kennt
1229 4542 2253 4587 das menſchliche Herz, er hat die feinen beobachtenden
1229 4588 2254 4632 Augen einer Frau, er verſteht zu ſchildern — Manche ſagen,
1230 4627 2253 4675 wie kaum ein Zweiter — ich bin ein Laie und verſtehe das
1230 4670 2254 4717 nicht. Aber man fliegt nicht auf! Man kommt nicht auf den
1230 4713 2253 4759 Berg! Die Luft iſt ſo dick, das Leben wird eine Laſt. Heut'
1231 4758 2255 4803 etwas Shakeſpeare, bitt' ich! und vom Allerbeſten!“
1230 4799 2256 4846 Von den Männern am liebſten hat ein Wilbrandt die
1231 4841 2257 4890 Künſtlernaturen, die geiſtigen Arbeiter, wenigſtens ſchildert
1232 4885 2256 4932 er dieſe am ſchönſten. Die urwüchſige, von allen zimperlichen
1231 4927 2258 4976 Bedenken freie, bilderreiche und grobianiſche Sprache der
1232 4971 2258 5019 Künſtler unter einander in den Ateliers und Kneipen ſpricht
1229 5011 2257 5063 Wilbrandt mit einem Humor, wie kein Zweiter, was auch
1230 5058 2258 5103 die Leſer des „Hermann Ifinger“ oder von „Fridolin's heim⸗
1229 5099 2261 5154 licher Ehe“ beſtätigen werden. Die Pſychologie des genialen
2288 3461 3315 3511 Individuums iſt Wilbrandt am geläufigſten. Die glatten
2283 3506 3318 3552 Formen des Salonverkehrs, hinter denen ſich Gedanken⸗
2290 3548 3320 3593 armuth und Kraftloſigkeit ſo bequem verbergen können, mag
2291 3594 3319 3636 er nicht. Er iſt Mann durch und durch; auch mit ſeiner
2291 3636 3319 3679 anmuthigen Neigung für kleine Mädchen, die er ſo oft
2288 3681 3320 3721 allerliebſt ſchildert, mit ſeinem pädagogiſchen Tic, mit ſeinem
2291 3720 3320 3766 ſich überfliegenden Sinn (den er im Hermann Ifinger ſelbſt⸗
2292 3764 3319 3808 ironiſch parodirte), mit ſeiner Kraft im Haſſen und nicht
2293 3808 3323 3851 am wenigſten mit ſeiner Luſt an Romantik und Phantaſterei,
2294 3851 3155 3893 die er ſich bis auf den heutigen Tag bewahrt hat.
2380 3894 3321 3939 Ein Dichter dieſer Art müßte für Friedrich Nietzſche,
2293 3937 3319 3980 den Verkünder der Philoſophie des Uebermenſchen, den
2294 3980 3321 4025 Gegner des Peſſimismus und der allzu weichmüthigen
2293 4023 3320 4069 „Sklavenmoral“, beſondere Sympathien fühlen. Dieſer
2295 4064 3317 4110 geiſtreiche Philologe und Aeſthetiker, dieſer glänzende Sprach⸗
2295 4107 3320 4150 meiſter, dieſer kühne Freigeiſt, der ſich an die Kritik von
2295 4154 3317 4196 Begriffen wagte, die am meiſten von der Pietät und der
2295 4197 3316 4239 Tradition gehütet werden, dieſer grübleriſche Menſch, der
2296 4241 3318 4281 über den Jammer, kein ſchöpferiſcher Künſtler zu ſein, den
2296 4280 3324 4325 Verſtand verlor: dieſer Friedrich Nietzſche mußte Wilbrandt
2296 4323 3325 4367 aufs lebhafteſte anziehen. Denn auch er iſt ein Bildungs⸗
2297 4367 3323 4410 menſch, der ſich von der höchſten, aber erſchlaffenden Cultur
2292 4410 3325 4454 zur einfachen, aber thatkräftigen Natur hinausſehnt; auch er
2297 4453 3321 4495 ſteht tief, vielleicht zu tief in der Literatur, deren feinſter
2298 4495 3323 4538 Kenner er einer iſt, und auch er iſt ein zerſetzend grübleri⸗
2294 4540 3329 4583 ſcher Kopf, der ſich unabläſſig beobachtet und an den Puls
2298 4579 3324 4625 fühlt, wie ſeine lyriſchen Gedichte verrathen, denn all ſein
2296 4626 3327 4667 Denken und Streben ordnet er ſeinem künſtleriſchen Be⸗
2300 4668 3323 4710 dürfniß unter. Die ganze Welt und ſein ganzes Leben haben
2300 4710 3325 4753 ihm nur ſo viel Werth, als ſie Kunſtobjecte ſind. Das
2299 4753 3326 4796 Liebſte, was er hatte, diente ihm als Modell zu neuen
2302 4797 3327 4840 Geſtalten. Und ganz nahe an Nietzſche rückt Wilbrandt
2300 4839 3330 4883 mit dem Bekenntniſſe Ifinger's zum Individualismus heran,
2302 4883 3325 4926 welches in ſeinem Romane die ſchöne Baronin Pillnitz „die
2301 4926 3326 4969 Poeſie“ mit folgenden Worten ausſpricht: „Wir wollen nur
2302 4970 3325 5014 Menſchen ſein und ſuchen Menſchen! Sie (Ifinger)
2297 5012 3325 5054 haben mir einſt ſo ſchön geſagt, was der Geiſt und Sinn
2302 5053 3329 5100 von dieſer neuen Zeit iſt — die nicht erſt kommen ſoll,
2300 5100 3329 5144 wie die jungen Phantaſten ſagen, ſie hat ſchon begonnen —:
