3072 4831
76 131 612 181 Samstag den 1. Juli 1911.
1147 114 1691 167 Innsbrucker Nachrichten
2354 95 2744 149 Nr. 148. Seite 33.
210 225 740 289 Tiroler Volksbund.
82 311 943 358 (Aus Stumm) wird uns geſchrieben: Die erſt
38 347 937 394 im November vorigen Jahres gegründete Ortsgruppe
31 383 937 426 des Tiroler Volksbundes hielt am 25. Juni beim
36 418 935 462 Pinzgerwirt ihre erſte Jahreshauptverſammlung ab,
38 454 939 497 die mit einem Unterhaltungsabend verbunden wurde.
38 489 937 534 Die Eröffnungsanſprache und der kurze Tätigkeits⸗
41 525 944 569 bericht des Obmannes wurden allgemein beifällig
36 561 939 605 auſgenommen. Aus demſelben geht hervor, daß die
41 595 938 640 Ortsgruppe Stumm im erſten Jahre des Beſtandes
43 633 938 676 27 Mitglieder erreichte, gewiß ein ſchöner Anfang
44 667 941 711 für eine kleine ländliche Ortsgruppe. Zur großen
44 703 940 746 Freude der Mitglieder erſchien auch der Bundes⸗
44 738 944 781 wanderlehrer Ammann, von Brixlegg und Fügen
44 770 943 817 kommend, und begeiſterte die Anweſenden durch eine
46 809 943 853 Anſprache für die Ziele des Volksbundes. Kooperator
46 844 944 888 Joſef Ritter forderte in kernigen Worten auf zur
47 879 944 923 Förderung der Bundesarbeit zum Schutze unſeres hart⸗
46 915 944 958 bedrängten Volkstumes. Der alte Vorſtand, beſtehend
48 951 945 995 aus dem Obmanne Pfarrer Chriſtian Aufſchnaiter, dem
47 986 946 1029 Obmannſtellvertreter Franz Lechner, Gemeindevorſteher,
49 1022 947 1066 dem Zahlmeiſter Joſef Ritter, Kooperator, dem Schrift⸗
51 1055 948 1101 führer Alois Obegeſer, Schulleiter, und den Bei⸗
45 1092 948 1137 ſitzern Bartlmä Höllwart, Pinzgerwirt, Johann Stig⸗
44 1128 949 1171 ler, Kaufmann, und Johann Kolb, Bäckermeiſter,
47 1164 949 1207 hier, wurde einſtimmig wiedergewählt. Der unter⸗
52 1199 950 1243 haltende Teil der Veranſtaltung umfaßte einige präch⸗
53 1235 950 1278 tige Männerchöre des mitwirkenden Sängerbundes
51 1270 951 1318 „Alpenklang“ und die mit großem Beifall aufgenom⸗
54 1303 956 1349 menen Theatervorſtellungen, die, beſtens eingeſchult
55 1341 953 1385 und aufgeführt, allgemein befriedigten und große
56 1376 954 1420 Heiterkeit erregten. Allen Mitwirkenden gebührt
56 1410 955 1457 öffentlicher Dank und Anerkennung für die opfer⸗
53 1447 956 1492 willige Tätigkeit im Dienſte des Volksbundes, beſon⸗
58 1483 961 1527 ders aber dem unermüdlichen Eifer des Herrn Koope⸗
55 1516 959 1563 rators Emil Biſt als Leiter der Bühnenſtücke, den
59 1554 956 1598 Darſtellern im Stücke Michl und Barbl Luiſe und
62 1589 960 1634 Hermann Rieſer und Frau Judith Ebſter, den Herren
61 1625 961 1669 Franz Stiegler und Hauſer für die Soloſzenen und
64 1659 960 1703 Herrn Lehrer Richter für ſeine ſchwierige Aufgabe.
61 1695 962 1739 Der ſchönſte Erfolg des Abends war wohl der Zu⸗
60 1730 962 1777 wachs von 25 neuen Mitgliedern, unter denen ſich die
56 1765 962 1813 Schloßherrſchaft und Sommergäſte aus Berlin be⸗
64 1801 966 1847 finden. Möge das Verſtändnis für die Bedeutung des
62 1837 965 1882 Tiroler Volksbundes namentlich auch durch die zahl⸗
66 1871 965 1920 reich erſchienenen Frauen und Mädchen verbreitet
61 1905 969 1954 und der Ortsgruppe eine blühende Zukunft geſichert
66 1955 185 1987 werden.
293 2028 736 2101 Gerichtszeitung.
115 2122 970 2169 (Hausfriedensbruch.) Zwei wegen Körper⸗
72 2156 972 2205 verletzung und Gewalttätigkeiten ſchon oft abgeſtrafte
70 2190 973 2239 Brüder glaubten am 7. Mai in Haus, Gemeinde
74 2226 974 2272 Wörgl, ihren Übermut wieder die Zügel ſchießen laſſen
72 2263 973 2308 zu müſſen. Es ſind dies die in Hobok, Bezirk Krain⸗
74 2297 975 2345 burg (Krain) geborenen Brüder Anton und Johann
76 2333 976 2382 Rechberger. Am erwähnten Tage kam es zwiſchen
78 2370 975 2415 mehreren Burſchen und den beiden Brüdern im ge⸗
77 2405 976 2450 nannten Gaſthauſe zu einem Streite, da die letzteren
77 2438 977 2484 den anderen ein Mädel beim Tanzen wegnehmen
78 2473 981 2522 wollten. Im Verlaufe dieſes Streites benahmen ſich
81 2512 979 2555 nun die beiden Brüder derart, daß ſie aus dem
83 2547 981 2596 Gaſthauſe entfernt werden mußten. Dies war ihnen
82 2582 980 2627 aber nicht recht. Nun ging ein Kampf los mit
81 2617 981 2663 Bierkrügeln, Seſſeln und Steinen, welche die beiden
81 2653 977 2698 von der Straße aus in das Gaſthaus hineinwarfen.
76 2685 980 2734 Bei dieſem Kampfe, bei dem Martin Anker eine Ver⸗
82 2724 981 2769 letzung an der linken Hand durch ein geworfenes
82 2759 982 2808 Bierkrügel davontrug und bei dem Johann Rechberger
85 2795 983 2839 nur mit Gewalt davon abgehalten werden konnte,
84 2830 985 2877 einem ſeiner Gegner einen Zweiliterkrug auf den
84 2865 986 2912 Kopf zu ſchlagen, blieb es aber nicht. Die beiden
84 2901 985 2952 Brüder bewaffneten ſich mit Zaunlatten und dran⸗
84 2936 986 2989 gen dann mit Gewalt in das Haus ein, wobei es
84 2971 987 3022 neuerlich zu Zuſammenſtößen kam. Anton und Joh.
86 3008 986 3054 Rechberger hatten ſich nun vor dem Landesgerichte
87 3041 987 3092 Innsbruck wegen Verbrechens der öffentlichen Ge⸗
88 3079 988 3126 walttätigkeit, begangen durch Hausfriedensbruch, we⸗
86 3114 990 3164 gen Verbrechens der verſuchten ſchweren Körperver⸗
88 3147 988 3199 letzung, auch wegen gefährlicher Drohung, zu verant⸗
89 3182 991 3233 worten. Die beiden rabiaten Brüder wurden trotz
88 3221 989 3269 ihres Leugnens und Beſchönigung ihrer Tathandlung
90 3256 991 3305 ſchuldig erkannt und, da die beiden, wie ihre Vor⸗
94 3291 991 3339 ſtrafen beweiſen, unverbeſſerliche Raufbolde und Stän⸗
93 3327 993 3374 kerer ſind, zu 13 Monaten ſchweren Kerkers ver⸗
90 3376 202 3413 urteilt.
332 3397 742 3449 Den Gatten vergiftet.
142 3459 995 3508 Am 28. Juni begann in Trient bei großem In⸗
97 3495 995 3545 tereſſe des Publikums die Schwurgerichtsverhandlung
99 3531 997 3580 gegen Metilde Boſin von Cavaleſe wegen das an
96 3567 998 3617 ihrem Gatten verübten Giftmordes. Laut Anklage
99 3602 995 3653 heiratete die 25jährige Metilde Dell'Antonio am 1.
98 3638 999 3685 Auguſt 1905 den 60 jährigen Anton Boſin, der über
99 3673 998 3719 ein Vermögen von 10.000 Kronen verfügte. Die Ehe
101 3709 998 3756 der von jeher leichtſinnigen, auch wegen Diebſtahls
100 3744 999 3792 abgeſtraften Metilde Boſin wurde bald eine un⸗
98 3780 1004 3829 glückliche. Am 13. November 1908 verließ ſie unter
99 3814 1001 3863 Mitnahme von 2000 Kronen den Gatten und lebte
101 3849 1005 3899 über ein Monat in Geſellſchaft eines gewiſſen An⸗
99 3888 1007 3937 dreas Longo in der Schweiz. Nach Hauſe zurückge⸗
105 3925 1006 3970 kehrt, nahm ſie ihr Mann wieder auf. Später ge⸗
106 3958 1008 4007 lang es ihr, ihren Vetter Giuſeppe Gabrielli in das
99 3990 1008 4042 Haus zu nehmen. Am 9. Jänner 1911 ſchickte ihr
103 4030 1011 4078 Mann den Vetter jedoch fort und von dieſem Augen⸗
107 4064 1010 4112 blicke an ſann ſie auf Rache. Sie ſchrieb zunächſt
105 4100 1006 4150 an ihre Nichte Joſefine Nicli in Mezolombardo um
104 4136 1006 4187 Opium, erhielt aber keines. Nunmehr gab ſie ihrem
962 214 1866 261 Manne Borax in einer Schale ruſſiſchen Tees, aber
968 246 1871 297 ohne Erfolg. Am 18. Jänner ließ ſie von Joſefine
965 285 1865 332 Longo in der Agreiter'ſchen Apotheke in Predazzo
970 320 1866 366 um 20 Heller Acido pruſſico kaufen, von dem 0'05
970 354 1870 401 Gramm genügen, um einen Menſchen zu töten. Die⸗
970 390 1870 436 ſen Stoff löſte ſie in Branntwein auf und gab den
972 423 1871 472 „verzuckerten Schnaps“ ihrem ſeit zwei Wochen er⸗
970 462 1872 507 krankten Mann, welcher nicht nur das Glas leerte,
972 498 1873 542 ſondern auch noch die auf dem Boden gebliebenen
974 531 1875 578 Körnchen in den Mund ſchob. Gleichzeitig wollte ſie
972 568 1871 617 ihn zur Schenkung ſeines Vermögens an ſie ver⸗
975 601 1874 649 anlaſſen, und da es wegen der notariellen Förmlich⸗
974 640 1871 685 keiten zu ſpät war, verſuchte ſie die Errichtung eines
974 674 1874 720 Teſtamentes zu ihrem Gunſten zu erwirken. Allein
977 709 1874 753 das Gift wirkte bereits, ihr Mann wurde bewußtlos
973 744 1871 790 und ſtarb am 23. Jänner 1911. Er hinterließ eine
975 780 1872 826 mangels Beobachtung der geſetzlichen Förmlichkeiten
975 817 1874 861 rechtsungiltige Schenkungsurkunde. Die Autopſie der
973 852 1873 896 Leiche wies auf Vergiftung hin. Die Eingeweide
977 884 1877 931 wurden an die Univerſität nach Innsbruck geſchickt
977 922 1874 967 und die chemiſche Unterſuchung bewies die Richtigkeit
976 958 1874 1003 des Verdachtes, der ſich ſofort nach dem Tode des
976 994 1876 1040 zwar halbtauben, ſonſt aber rüſtigen Mannes er⸗
979 1029 1876 1073 hoben hatte. Die Angeklagte, welche anfangs zugab,
978 1064 1878 1108 daß ſie ihren Mann vernichten wollte, erklärte, ſie
980 1095 1877 1143 habe ihn nur ſchwächen wollen; das Verhältnis mit
983 1136 1883 1178 Gabrielli, der inzwiſchen irrſinnig wurde, gibt ſie
986 1170 1882 1214 zu. Bemerkenswert iſt, daß Gabrielli als Schloſſer
983 1206 1882 1249 die Wirkung des Giftes infolge ſeines Handwerkes
984 1242 1882 1283 ſicher kannte. Die Anklage vertritt der Staatsanwalt
987 1277 1882 1320 Tranquillim, die Beſchuldigte verteidigt Advokat Dr.
985 1312 1882 1355 Peratoner. Als Zeugen wurden Don Enrico Battiſti,
986 1343 1883 1391 Pfarrer von Predazzo, Serafine Groppa, welche die
987 1381 1886 1430 Schweizer Reiſe mitmachte, die Nichte der Angeklagten
986 1419 1884 1462 Roſina Nicli, die zwölfjährige Joſefine Longo (die
989 1454 1893 1497 um das Gift geſchickt wurde), das Dienſtmädchen Fran⸗
990 1489 1886 1534 ziska Longo, der Bruder des Ermordeten Andreas
988 1525 1887 1569 Boſin und Giacome Roſſi, Gendarmeriewachtmeiſter,
990 1559 1891 1605 vernommen. — Die Angeklagte zeigt ſich ſehr apatiſch
991 1596 1888 1640 und behauptet im Gegenſatze zu den Zeugenausſagen,
992 1632 1889 1676 ihr Mann habe ſie mißhandelt. Nach der einſtün⸗
992 1667 1890 1710 digen Rede des Staatsanwaltes und dem Plaidoyer
992 1702 1894 1745 des Verteidigers bejahten die Geſchworenen mit acht
994 1733 1892 1781 Stimmen die auf Mord geſtellte Hauptfrage; vier
994 1773 1892 1817 Stimmen bejahten die Frage mit Ausſchluß der
995 1809 1892 1852 Tötungsabſicht. Der Gerichtshof verkündete ſohin das
995 1847 1710 1889 Urteil auf Tod durch den Strang.
1161 1915 1719 1987 Volkswirtſchaftliches.
1035 1995 1900 2041 (Der Obſtbauverein von Hall und Um⸗
1001 2030 1898 2076 gebung) hält am Sonntag den 2. d. Mts. um
1001 2067 1898 2110 1 Uhr nachmittags beim „Stamſer“ eine Verſamm⸗
1000 2102 1897 2145 lung ab, bei der Herr Wanderlehrer Falch einen Vor⸗
1002 2137 1897 2181 trag über Obſtbau halten wird. Mitglieder und
1001 2173 1897 2218 Freunde des Obſtbaues ſind freundlichſt eingeladen.
1047 2208 1900 2252 (Maul⸗ und Klauenſeuche.) Wie man uns
1000 2245 1904 2291 aus Höchſt ſchreibt, wurde dort über mehrere Stal⸗
1005 2278 1904 2322 lungen wegen Verdachtes der Maul⸗ und Klauenſeuche
1004 2312 1905 2357 die Stallſperre verhängt, was bei dem Grenzverkehr
1007 2348 1904 2396 mit der Schweiz von unliebſamen Folgen begleitet ſein
1006 2394 1107 2430 dürfte.
1045 2421 1906 2464 (Der Geldbedarf des tſchechiſchen Ban⸗
1006 2455 1910 2502 kenringes.) Während ſoeben die „Zivnoſtenska
1010 2492 1907 2536 banka“ eine neue Aktienemiſſion veranſtaltet hat, um
1011 2527 1911 2571 ihren Geldbedarf zu decken, bereitet auch die Laibacher
1012 2562 1910 2606 Kreditbank eine Vermehrung ihres Aktienkapiteles von
1011 2597 1911 2642 5 auf 8 Millionen Kronen vor. Es wäre notwendig,
1012 2633 1910 2678 daß auch von ſeiten der öſterreichiſchen Regierung,
1015 2669 1912 2713 wie es kürzlich durch die ungariſche geſchah, das
1015 2703 1912 2747 Publikum auf dieſe Überlaſtung des Aktienmarktes
1015 2739 1911 2783 aufmerkſam gemacht und gewarnt würde, ſeine ma⸗
1016 2775 1914 2818 teriellen Intereſſen nicht mit ſo expanſiven Kredit⸗
1015 2811 1912 2855 inſtituten zu verknüpfen, wie es die Inſtitute des
1016 2849 1509 2890 tſchechiſchen Bankringes ſind.
1144 2923 1782 2992 Schießſtandsnachrichten.
1054 2999 1913 3043 (Erzherzog Ferdinand Karl⸗Stand⸗
1019 3032 1922 3079 ſchützen⸗Kompagnie Pradl.) Morgen Sonn⸗
1019 3069 1917 3113 tag, 2 Uhr nachmittags Kaiſergabenſchießen auf dem
1020 3111 1407 3148 Landeshauptſchießſtande.
1056 3140 1912 3184 (K. k. Gemeinde⸗Schießſtand Hötting.)
1020 3177 1916 3222 Morgen kein Schießen; dafür kommenden Sonntag
1023 3217 1338 3256 Kaiſergabenſchießen.
1057 3246 1918 3291 (Kath. Arbeiterverein, „Schützenbund“.)
1022 3281 1919 3328 Morgen Schießen am Landeshauptſchießſtande. Um
1023 3318 1920 3364 1 ¼ Uhr Zuſammenkunft beim Innſteg oder um 2 Uhr
1024 3360 1283 3397 am Schießſtand.
1084 3417 1902 3493 Auszug aus dem Amtsblatte
1106 3498 1881 3547 zum „Boten für Tirol und Vorarlberg“.
1265 3550 1683 3591 Nr. 146 vom 28. Juni.
1063 3594 1923 3638 (Ausſchreibungen.) Im Bereiche der Finanz⸗
1028 3628 1928 3674 Landesdirektion iſt eine Rechnungsoffizialsſtelle in der
1030 3663 1926 3707 10. Rangsklaſſe, event. eine Rechnungsaſſiſtentenſtelle
1029 3699 1926 3742 in der 11. Rangsklaſſe zu beſetzen. Geſuche binnen vier
1030 3734 1927 3778 Wochen. — Die Poſtmeiſterſtelle in Wenns (Direktions⸗
1031 3770 1928 3814 bezirk Innsbruck) iſt ausgeſchrieben. Geſuche binnen
1031 3813 1236 3849 drei Wochen.
1068 3840 1928 3885 (Verſteigerungen.) Am 31. Juli findet beim
1032 3875 1930 3922 Bezirksgerichte Hall die Verſteigerung der Liegenſchaft
1033 3912 1929 3956 Muſtergaſſe Nr. 39 ſamt Zubehör ſtatt. Dieſe iſt
1033 3949 1931 3992 auf 14.891 Kronen bewertet. Das geringſte Gebot
1035 3983 1930 4027 beträgt 7450 Kronen. — Am 28. Juli findet im Gaſt⸗
1036 4018 1931 4060 hauſe zum „Schwarzen Adler“ in Nauders die Ver⸗
1033 4053 1933 4097 ſteigerung der dem Ferdinand, Katharina und Aloiſia
1036 4088 1918 4136 Noggler in Nauders gehörigen Liegenſchaften ſan
1038 4133 1274 4169 Zubehör ſtatt.
2193 210 2495 277 Eingeſandt.
1943 288 2797 343 Die „Volkszeitung“ vom 20. d. M. bringt
1900 333 2798 388 aus Franzensfeſte einen Artikel, worin das
1900 378 2800 431 Brot des Lebensmittel⸗Magazines in Innsbruck
1901 422 2800 474 einer abfälligen Kritik unterzogen wird, die
1901 467 2800 519 der Wahrheit nicht entſpricht. Unverkennbar gilt
1902 511 2812 563 dieſer Artikel jenen Bäckereien, welche die Lie⸗
1904 557 2805 609 ferungen an das Lebensmittel⸗Magazin haben
1905 601 2803 652 und um im Intereſſe der Arbeiterbäckerei zu
1905 644 2804 696 handeln, ſcheut ſich der Schreiber jenes Ar⸗
1908 690 2806 741 tikels nicht, rückſichtslos die Konkurrenz der
1906 734 2802 785 Arbeiterbäckerei bloßzuſtellen und zu ſchädigen.
1903 776 2813 829 In ſolcher Weiſe für die Arbeiterbäckerei Pro⸗
1907 822 2803 874 paganda zu machen, iſt alles eher als ſchön.
1909 866 2808 917 Die unterzeichnete Bäckerei liefert nun ſchon
1909 910 2808 964 über 20 Jahre ihr Brot zur Zufriedenheit nach
1911 956 2810 1010 Innsbruck; ſie bringt jeden Tag grundſätzlich
1911 1000 2808 1050 nur friſche, tadelloſe Ware zum Verſand und
1912 1045 2819 1098 das Brot iſt ebenſo ſchmackhaft und ſo billig,
1913 1089 2811 1142 wie jenes der Arbeiterbäckerei! Wozu alſo die
1913 1136 2810 1186 übertriebene Marktſchreierei, oder glaubt man,
1915 1178 2812 1230 daß die unter dem Protektorate des Herrn
1915 1222 2813 1274 Dr. Karpeles ſtehende Arbeiterbäckerei nur immer
1915 1265 2813 1319 das große Wort zu ſprechen hat? Gewiß nicht
1917 1312 2814 1363 und es iſt ſehr fraglich, ob ſie bei einem
1920 1356 2817 1408 ſolchen Vorgehen ihr Ziel erreichen wird. Mag
1918 1400 2815 1451 man die Erzeugniſſe der Konkurrenz der Arbei⸗
1920 1446 2823 1498 terbäckerei noch ſo herabſetzen, ſo wird ſich trotz⸗
1920 1486 2817 1540 dem niemand beeinflußen laſſen und alle wer⸗
1919 1534 2818 1585 den den Brotbedarf dort decken, wo es ihnen
1920 1588 2044 1628 beliebt.
2750 1580 2824 1617 868
1919 1640 2819 1695 Münchner Schwarzbrot⸗Bäckerei Kufſtein
2156 1707 2588 1751 C. Sigler, Bäckermeiſter.
2169 1807 2557 1858 Zur Aufklärung.
1971 1871 2828 1919 Da böswillige Gerüchte behaupten, daß ein bei
1930 1907 2830 1954 mir bedienſteter Gehilfe wegen Sittlichkeitsverbrechen
1930 1946 2824 1988 verhaftet worden ſei, ſehe ich mich zur Hintanhaltung
1931 1978 2830 2025 von Geſchäftsſchädigung zur Erklärung genötigt, daß
1930 2016 2827 2058 dieſer Vorfall nicht einen bei mir, ſondern bei einem
1931 2051 2828 2094 anderen hieſigen Friſeur bedienſteten Gehilfen be⸗
1931 2086 2827 2129 trifft, und daß ich Jeden gerichtlich belangen werde,
1929 2121 2833 2167 der weiterhin dieſe unwahre Behauptung über mein
1934 2162 2247 2201 Geſchäft verbreitet.
2150 2213 2610 2263 Moriz Fritz Koſchin,
2315 2264 2446 2306 Friſeur,
2081 2307 2681 2354 Fallmerayerftraße 7 (Schärmerhaus).
2099 2393 2677 2441 Wie Bruſtkinder gedeihen
1932 2441 2841 2488 diejenigen Säuglinge, die bei Muttermilch⸗
1938 2478 2836 2523 mangel mit „Kufeke“ und Milchzuſatz ernährt wer⸗
1939 2515 2836 2560 den; ſie ſind ruhig, ſchlafen gut, haben geregelte
1940 2550 2837 2593 Verdauung, normale Gewichtszunahme und leiden
1942 2585 2836 2631 nicht an Darmkatarrh, Diarrhöe, Brechdurchfall uſw.
1942 2620 2839 2666 „Kufeke“ wird als die bekömmlichſte Säuglings⸗
1939 2656 2844 2700 nahrung von erſten ärztlichen Autoritäten empfoh⸗
1939 2692 2843 2735 len und ſchafft ſich überall, wo immer es in An⸗
1956 2728 2776 2773 wendung gezogen wird, neue bleibende Freunde.
2811 2728 2836 2765 4
2052 3426 2825 3496 Wir waschen alle unsere
2194 3509 2609 3557 Wäsche mit
2089 3563 2702 3699 Sunlight
2162 3695 2609 3801 Seife.
2809 3785 2872 3835 270
2218 3891 2591 3967 Marillen
1960 3974 2855 4024 ausgewählte, ſchönſte Exemplare, zum Einſieden oder
1960 4019 2858 4069 Delikateß, 5 Kilo⸗Poſtkorb K 3.50, Spaniſche
1961 4065 2862 4117 Weichsl K 2.50 liefert Szilagyi, Weingarten⸗
1974 4113 2259 4155 olonie Kiskörös.
2717 4109 2862 4150 12417
799 4223 2184 4381 Villa am Saggen
107 4394 2869 4479 mit hübſchem Garten, ein reizendes Heim für eine Familie, um 63.000 Kronen bei kleiner Anzahlung zu verkaufen. Koſtenloſe Aus⸗
433 4455 2379 4531 kunft erteilt das konz. Realitäten⸗Bureau Anton von Guggenberg, Innsbruck, Muſeumſtraße 33.
2747 4455 2862 4505 P3350
