1536 2323
714 8 813 50 1343
200 86 1326 211 Gegen jeden veralteten Huſten,
718 221 795 248 gegen
89 253 1434 309 Bruſtſchmerzen, langjährige Heiſerkeit, Halsbeſchwerden, Ver⸗
170 308 1394 365 ſchleimung der Lungen iſt der von mehreren Phyſikaten
669 397 867 452 approbirte
390 462 1120 588 Bruſt-Syrup
172 399 300 436 Preis:
132 442 342 474 öſt. W. Silber:
135 475 340 510 Die 1⁄1 Fl. 4 fl.
133 508 341 546 Die ½ Fl. 2 fl.
133 543 340 580 Die ¼ Fl. 1 fl.
1226 409 1353 447 Preis:
1191 451 1394 483 öſt. W. Siber:
1189 482 1395 520 Die 1⁄1 Fl. 4 fl.
1188 514 1396 552 Die ½ Fl. 2 fl.
1188 549 1396 587 Die ¼ Fl. 1 fl.
86 621 1437 672 ein Mittel, welches noch nie, und zwar in zahlreichen Fällen, ohne das befrie⸗
87 668 1436 722 digendſte Reſultat in Anwendung gebracht worden iſt. Dieſer Syrup wirkt gleich
89 716 1435 769 nach dem erſten Gebrauch auffallend wohlthätig, zumal bei Krampf⸗ und Keuch⸗
87 762 1436 817 huſten, befördert den Auswurf des zähen, ſtockenden Schleims, mildert ſofort den
88 812 1434 865 Reiz im Kehlkopfe und beſeitigt in kurzer Zeit jeden noch ſo heftigen, ſelbſt den
333 862 1185 910 ſchlimmen Schwindſuchtshuſten und das Blutſpeien.
170 910 487 953 Niederlagen ſind in
292 953 1216 1003 Innsbruck bei Herren Unterberger & Comp.,
292 1002 1028 1050 Wiltau bei Herrn Johann Erlacher,
294 1050 1063 1101 Kufſtein bei Herrn Joſeph Schirhakl,
296 1096 915 1144 Bozen bei Herrn T. S. Ebner,
293 1145 1256 1197 Feldkirch bei Herren F. J. Giſſinger & Sohn,
294 1192 952 1239 Lienz bei Herrn Ferd. v. Hibler,
294 1241 968 1291 Meran bei Herrn Fr. J. Jörger,
294 1288 1273 1340 Roveredo bei Herrn Franc. Meneſtrino, Farm.
799 1347 1431 1395 G. A. W. Mayer in Breslau.
171 1425 1433 1478 Nachdem ich mich ſo wie meine Frau längere Zeit von einem fatalen Huſten
88 1468 1434 1519 gequält ſah, brauchte ich eine Zeit lang den Mayer'ſchen Bruſt⸗Syrup, und wir
87 1508 1434 1560 erhielten dadurch nicht nur Erleichterung des Huſtens, ſondern auch ein allmäliges
88 1548 1434 1598 Verſchwinden desſelben. — Ich ſtelle dahero die Behauptung auf: „daß dieſer
88 1589 1270 1638 Syrup geeignet iſt, jeden fatalen Huſten zu mindern und zu beſeitigen.“
170 1636 613 1679 Meiſſen, 17. Juli 1863.
456 1686 1309 1732 Jährig, Wund⸗ und Entbindungsarzt, Ritter des
619 1729 1161 1772 Ehrenkreuzes zum Albrechtsorden.
167 1792 1432 1844 Nachdem ich ſeit längerer Zeit an den heftigſten Bruſtſchmerzen litt, welche
87 1834 1430 1884 mich durch öfteres und ſtarkes Blutſpeien dermaßen angriffen und ſchwächten,
85 1874 1433 1924 daß ich faſt zu der leichteſten Arbeit mich nicht kräftig genug fühlte, kam ich durch
87 1914 1431 1964 die Cronſtadter Zeitung auf den Mayer'ſchen weißen Bruſt⸗Syrup, den ich bei
87 1956 1431 2005 Herrn S. P Mailat hier kaufte, und in ſehr kurzer Zeit leiſtete mir ſelbiger das
88 1997 1430 2049 gewünſchte Reſultat. Indem ich allen ähnlich Leidenden obigen Syrup beſtens
87 2038 816 2085 empfehle, beſtätige dies der Wahrheit gemäß.
170 2084 987 2131 Cronſtadt in Siebenbürgen, 20. Februar 1863.
683 2129 1429 2178 Samuel Herter, Maler und Photograph.
