3346 5257
121 111 254 153 Seite 2
872 117 1144 160 Wien, Samstag
1421 118 1998 161 Neue Freie Presse
2244 118 2480 160 5. Juli 1873
3050 120 3219 161 Nr. 3184
76 190 1113 234 richtige politiſche Verwerthung dieſer fügſamen Menge un⸗
76 234 1112 278 umgänglich iſt: die einflußreichen Häupter. Eine wahre
75 277 1113 322 Seelenangſt durchzittert nunmehr die Feudalen, daß ihnen
75 318 1112 362 die breite Baſis dieſer nationalen Bundesgenoſſenſchaft ent⸗
75 363 1111 407 zogen werden könnte. Denn ſie haben allen Grund zur Be⸗
75 405 1111 448 ſorgniß, daß ſie ſofort vom politiſchen Schauplatze verſchwin⸗
75 449 1111 491 den, daß ſie die nach dem Staatsruder immer gierig ausge⸗
74 489 1111 535 ſtreckte Hand ſinken laſſen müſſen, wenn die theuren Bundes⸗
75 534 371 576 genoſſen abfallen.
159 576 1108 620 Dieſe Gefahr iſt, wenigſtens im Süden des Reiches,
74 618 1108 662 nahegerückt. Dort haben die Jungſlovenen mit Entſchloſſen⸗
71 662 1111 707 heit die Bundesgenoſſenſchaft der „Rechtspartei“ abgelehnt,
73 704 1111 749 und haben es unternommen, ſelbſtſtändig und im vollen
73 747 1111 792 Gegenſatze zu den rechtsparteilichen Ultramontanen in die
70 790 1112 837 Wahlbewegung einzugreifen. Es werden Namen, welche ſich
69 833 1112 880 für den Slovenismus auf Koſten des geſunden Menſchen⸗
71 876 1111 922 verſtandes ſeit mehr als einem Jahrzehnt exponirten und
71 919 1112 965 dadurch den größten Anſpruch auf die Dankbarkeit ihrer
68 961 1113 1007 Landsleute erworben zu haben glaubten, deßhalb unbarm⸗
67 1004 1112 1052 herzig preisgegeben, weil ſie ſich als leuchtende Zeichen in
68 1048 1110 1092 den Wappenſchildern der Feudal⸗Ultramontanen verwenden
69 1089 1111 1137 ließen. Die ſloveniſche Jugend — allerdings kein politiſcher
71 1132 1111 1178 Factor, weil wir Jenen, welche erſt lernen, nie und nirgends
69 1176 1111 1222 ein Recht, zu lehren und zu führen, einräumen: — hat mit
66 1218 1110 1264 jugendlichem Feuereifer den Bund mit den Ultramontanen
68 1264 1110 1306 verworfen und, vielleicht zum erſtenmale im nationalen
66 1303 1111 1351 Lager, den Accent auf die Freiheit, auf die Entwicklung der
67 1348 1111 1394 Schule, auf die Befreiung des Geiſtes gelegt. Dieſer Gegen⸗
64 1392 1110 1436 ſatz zwiſchen den nationalen und den rechtsparteilichen
67 1432 1111 1480 Parteigruppen, welcher plötzlich hervorgebrochen, beunruhigt
66 1476 1111 1523 die Feudal⸗Ultramontanen im höchſten Grade. Denn in
65 1520 1111 1568 Südſteiermark iſt es mit dem Ultramontanismus zu Ende,
68 1562 930 1607 wenn ſich von demſelben die Slovenen abwenden.
154 1607 1112 1651 Wir unſererſeits begrüßen dieſen Bruch zwiſchen Bun⸗
66 1650 1111 1696 desgenoſſen, deren Allianz doch nur eine mehr zufällige als
65 1692 1110 1737 innerlich berechtigte iſt, mit aufrichtiger Genugthuung, welche
64 1735 1108 1780 von Schadenfreude oder Parteirückſicht ſehr entfernt iſt. Die
64 1778 1108 1824 Schulgeſetze find eine koſtbare Errungenſchaft, nicht etwa nur
64 1822 1106 1867 für die Deutſchen, ſondern für jede Nation, ob dieſe in
65 1865 1104 1909 czechiſchem, ſloveniſchem oder in einem anderen Idiome
64 1907 1106 1955 ſpricht. Die Feindſchaft gegen die Schulgeſetze, dieſer Kern⸗
63 1950 1106 1996 punkt in dem Programme der Ultramontanen, macht für
63 1993 1106 2040 ſich allein eine ehrliche Bundesgenoſſenſchaft der Nationalen,
63 2037 1106 2079 ſoweit dieſe nicht ſelbſt in den Banden des Ultramontanis⸗
63 2081 1107 2124 mus gefangen ſind, mit dem letzteren unmöglich. Dagegen
61 2124 1107 2168 rauſcht in den Schulgeſetzen ein mächtig ſtrömender Quell
62 2167 1107 2209 der Einigung für die Liberalen aller Nationen. Wir begrei⸗
62 2208 1107 2253 fen und ehren jedes nationale Streben, welches den Staat
62 2253 1107 2296 zur Vorausſetzung und nicht eine ebenſo brutale als lächer⸗
62 2295 1105 2341 liche Anfeindung und Vergewaltigung des Deutſchthums zum
63 2337 1107 2383 Ziele hat. Mögen die Slaven nach Entwicklung ihrer Natio⸗
63 2381 1107 2427 nalität ſtreben; wer wird dieſes Streben auf culturellem
61 2423 1106 2469 Gebiete anfeinden, wenn es nicht in einen ſtaatlich impo⸗
61 2468 1106 2509 tenten und auch den Culturaufgaben feindlichen Größen⸗
62 2511 1107 2552 wahn ausartet! Aber wie immer weit geſteckt die nationalen
62 2553 1108 2596 Ziele ſein mögen: gewiß iſt, daß ſie die Wiſſenſchaft als mächtige
61 2594 1109 2637 Triebkraft nicht entbehren können. Ohne Schule gibt es
61 2638 1110 2682 aber keine Wiſſenſchaft. Eine Partei, welche das Volk nur
60 2682 1109 2726 zum Roſenkranz⸗Beten und zu Wallfahrten erziehen will,
62 2725 1109 2770 kann auch den nationalen Zwecken nicht förderlich ſein. Die
61 2766 1109 2814 liberale Verfaſſungspartei, welche den Unterricht pflegt und
60 2810 1109 2855 dieſen dem Volke und deſſen Lehrern ſelbſt überantwortet,
61 2852 1109 2899 iſt ein viel ernſterer, aufrichtigerer Bundesgenoſſe für die
62 2897 1110 2941 Pflege der Nationalität, als die ultramontane Rechtspartei,
62 2941 1110 2985 welche mit den Bürgſchaften für die nationale Gleichberech⸗
63 2983 1111 3027 tigung Verſchwendung treibt und darum dieſen Bürgſchaften
62 3027 1111 3069 allen realen Gehalt nimmt. Kann denn ein beſonnener Na⸗
61 3070 1111 3113 tionaler im Ernſte glauben, daß die vollſtändige Ueberant⸗
60 3114 1111 3155 wortung der Adminiſtration an den Nationalismus denſelben
60 3156 1110 3199 dauernd zu begründen vermöchte, wenn die unabweislichen
60 3198 1111 3245 culturellen Vorausſetzungen für den Machtbeſitz mangeln?
1153 191 2189 238 Bloße Thatſachen, welche mit ihrem Cultur⸗Inhalte in Wider⸗
1153 235 2190 280 ſpruch ſtehen, können keine Herrſchaft begründen. Die lei⸗
1154 279 2190 325 tende Stellung der Deutſchen innerhalb der Monarchie iſt
1154 321 2189 366 ein Beweis für die Richtigkeit dieſes Satzes. Wäre es denk⸗
1154 364 2189 410 bar, daß dieſer nur in wenigen Ländern in compacten Maſſen
1152 408 2189 454 wohnhafte, in anderen Provinzen nur oaſenförmig verbreitete
1153 450 2189 495 Volksſtamm ſeine politiſche Stellung behaupten könnte, wenn
1152 493 2190 538 nicht ſeine Culturmacht eine überwältigende wäre? Ihr
1152 537 2190 582 Nationalen, wer euch Cultur bringt, der iſt euer wahrer
1152 578 2188 625 Freund und Bundesgenoſſe, ſelbſt wenn er zunächſt eueren
1152 623 2190 668 nationalen Anſprüchen entgegentritt. Kämpft mit uns für
1154 665 2191 711 die freie Schule und ihr kämpft auch für eure eigene na⸗
1153 708 1441 754 tionale Zukunft!
1571 787 1774 847 Inland.
1227 855 2188 898 Wien, 4. Juli. (Zur Wahlbewegung.) Die Re⸗
1153 893 2189 937 gierungsorgane in den Provinzen ſind, wie der in unſerem
1154 933 2188 974 Abendblatte erwähnte Erlaß der Bezirkshauptmannſchaft von
1152 971 2188 1012 Kufſtein beweiſt, bereits beauftragt, die adminiſtrativen Vor⸗
1153 1012 2188 1051 arbeiten für die Wahlen zu erledigen, den Druck der Wahlformu⸗
1154 1050 2187 1091 larien anzuordnen und alle auf dieſen Theil der Wahlaction
1154 1087 2188 1129 bezüglichen Vorſchläge nach Wien gelangen zu laſſen. Daß die
1154 1127 2187 1167 Wahlen Anfangs October ſtattfinden ſollen, gilt nun nicht mehr
1154 1166 2188 1205 als ſo feſtſtehend wie früher, weil es ſich bei Beginn der Wahl⸗
1153 1205 2188 1243 vorbereitungen gezeigt hat, daß die Wahlen in den drei Wahl⸗
1152 1242 2190 1284 kreiſen von Landgemeinden, Städten und Handelskammern mehr
1153 1282 2188 1322 als einen Monat in Anſpruch nehmen werden. Zwiſchen den
1151 1320 2186 1361 Wahlterminen dieſer Gruppen ſoll nämlich der Zeitraum von
1151 1360 2185 1399 circa zehn Tagen für allenfalls nöthige Nachwahlen beſtimmt bleiben.
1228 1397 2188 1437 Nachrichten aus Brüx charakteriſiren den Sieg der Zwei⸗
1152 1434 2188 1477 männer⸗Partei in Ober⸗Georgenthal als das, wofür wir
1151 1475 2189 1515 ihn vom erſten Augenblicke genommen, als einen weſenloſen
1152 1512 2188 1553 Ausbruch von Redewuth. Die Vertreter von angeblich 17 Ge⸗
1152 1551 2188 1592 meinden, welche erſchienen waren, ſind ohne allen Einfluß auf die
1152 1590 2187 1632 Wahlen, und wie der Wahlbezirk in ſeiner Totalität zu dem
1151 1630 2188 1669 glorreichen Staatsſtreiche der Jungen ſteht, zeigt, daß die Sieges⸗
1151 1668 2187 1707 bulletins nur von 17 theilnehmenden Gemeinden ſprechen, wäh⸗
1152 1706 2186 1748 rend der Bezirk 362 Gemeinden umfaßt, und zwar 61 in Saaz⸗
1151 1746 2186 1785 Poſtelberg, 75 in Brüx⸗Katharinenberg, 92 in Kommotau, Se⸗
1149 1783 2032 1823 baſtianberg und Görkau und 134 in Teplitz⸗Dux⸗Bilin.
1229 1821 2186 1863 Uebrigens hat ſich die von den patentirten Vertretern der
1149 1861 2186 1902 Einigkeit unter den Deutſchen mit großem Behagen ausgeſprochene
1148 1900 2186 1939 Hoffnung, daß dieſe „bedeutſame Kundgebung“ nicht vereinzelt
1148 1938 2185 1978 bleiben werde, bereits erfüllt. Heute bereits wiſſen ſie von einer
1148 1977 2185 2017 neuen „bedeutſamen Kundgebung“ aus dem Orte Ullersdorf in
1148 2015 2186 2057 Böhmen zu berichten. In einer augenſcheinlich in usum Delphini
1147 2054 2185 2094 präparirten Zuſchrift ſprechen die ehemaligen Wahlmänner von
1148 2093 1491 2134 Ullersdorf Folgendes:
1232 2138 2185 2176 Wir proteſtiren feierlichſt gegen die Wahlcomités, welche die
1147 2174 2186 2211 Bezirksvertretungen als ſolche arrangiren, um uns in der freien
1149 2210 2187 2246 Ausübung unſeres Wahlrechtes zu beeinfluſſen, denn weder wir
1148 2245 2187 2281 noch die Urwähler haben ihnen ein Recht oder Mandat dazu er⸗
1149 2277 2185 2315 theilt. Iſt denn nicht genug daran, daß die alten Reichsraths⸗
1149 2314 2185 2350 Deputirten, als unſere Vertreter, ein Wahlgeſetz beantragt, votirt
1149 2347 2185 2383 und zu Stande gebracht haben, nach welchem wir Landgemeinden
1148 2383 2184 2419 gegen die Städte noch einmal ſo viel Steuer zahlen müſſen, dagegen
1148 2417 2184 2453 aber um die Hälfte weniger Deputirte als die Städte zur Vertre⸗
1148 2451 1902 2487 tung unſerer Intereſſen entſenden dürfen? . . . .
1234 2486 2185 2520 Wir laſſen uns daher weder von den Bezirksvertretungen,
1149 2517 2186 2554 noch vom Prager Caſino Reichsraths⸗Candidaten vorſchlagen, ſon⸗
1150 2551 2186 2586 dern wollen, daß unſere künftigen Abgeordneten ausſchließlich aus
1151 2581 2185 2620 unſerer Mitte gewählt werden. Wir proteſtiren gegen die Aufſtel⸗
1150 2616 2182 2656 lung ſolcher Candidaten, welche in einer abhängigen, dienſtlichen
1151 2651 2184 2691 Stellung ſtehen oder eine Verwaltungsrathsſtelle bekleiden; wir
1149 2688 2184 2725 proteſtiren aber auch entſchieden gegen die Aufſtellung jener Männer
1151 2722 2182 2760 als Reichsraths⸗Candidaten, welche unter dem Namen „die Alten“
1150 2759 2185 2796 bekannt ſind, gleichviel ob ſie ſich am Gründungsſchwindel betheiligt
1151 2795 2185 2830 oder Verwaltungsrathsſtellen eingenommen haben oder nicht, denn
1151 2828 2184 2865 wir wiſſen, daß ſie Alle die gegenwärtige Finanzmiſère dadurch mit
1151 2862 2185 2899 verſchuldet haben, daß unter ihren Augen der Schwindel betrieben
1151 2896 2185 2933 worden iſt und Keiner es der Mühe werth gefunden hat, ſeine
1152 2932 1758 2969 Stimme gegen dieſe Orgien zu erheben.
1238 2962 2185 3003 Wir weiſen die Anmaßung zurück, unſer Deutſchthum als Aus⸗
1153 2995 2184 3036 hängſchild eines Schwindel⸗Liberalismus zu verwenden, denn daß
1154 3030 2185 3070 wir Deutſche ſind und es auch fernerhin bleiben wollen, wiſſen wir
1152 3064 2185 3104 ſelbſt und brauchen nicht erſt daran durch die Alten, auch wenn ſie
1152 3098 2186 3140 Profeſſoren und Excellenzen ſind, erinnert zu werden; denn wir
1153 3131 2185 3173 wollen die deutſche Cultur weder durch Schwindel noch durch Blut
1154 3168 2186 3210 und Eiſen, ſondern durch Bildung und Geſittung auf andere Völker
1153 3210 1321 3244 übertragen.
2305 194 3257 239 Der Sendling, der die braven Ullersdorfer zu dieſer deutſch⸗
2228 234 3257 278 böhmiſchen Declaration gepreßt hat, muß irgendwo auf den Wiener
2228 273 3257 317 demokratiſchen Gründen gewachſen ſein. Man erkennt den Vogel
2228 313 3257 354 an den Federn. Denn zu behaupten, daß eben die „Alten“ das
2228 349 3257 392 Deutſchthum als „Aushängeſchild“ benützen, den „Profeſſoren
2229 390 3257 432 und Excellenzen“ vorzuwerfen, daß ſie die Deutſchen überflüſſiger⸗
2229 429 3257 471 weiſe an ihr Deutſchthum erinnern, während es bisher gegen die
2229 467 3257 508 nämlichen „Profeſſoren und Excellenzen“ keine herbere Anklage
2229 506 3256 547 gab, als daß ſie ſich begnügten, deutſch zu ſein, ohne es wie die
2229 543 3256 587 Wiener Parteitägler aller Welt in die Ohren zu ſchreien; gegen
2228 581 3258 624 die „Alten“ wegen ihrer angeblichen Corruption zu proteſtiren,
2230 622 3257 663 gleichviel ob ſie ſich an dem Gründungsſchwindel betheiligt oder
2228 660 3258 701 Verwaltungsrathsſtellen eingenommen haben oder nicht — das iſt
2228 699 3256 740 nur ein richtiger Confus⸗Radicaler im Stande. Auch das den
2229 736 3257 778 czechiſchen Hetzorganen abgeguckte Manöver, die Landbevölkerung
2229 776 3255 817 wider die Städte zu ſtacheln und über Bevorzugung der Städte
2229 813 3255 855 bei der Vertheilung der Abgeordnetenzahl zu winſeln, nachdem man
2228 852 3257 892 vor ein paar Monaten den Wahlreform⸗Ausſchuß des Abgeordneten⸗
2229 889 3257 932 hauſes mit Unflath beworfen hatte, weil er zu wenig ſtädtiſche Ab⸗
2229 928 3257 971 geordnete votirte, paßt genau in das Syſtem, nach welchem die jung⸗
2228 966 3257 1008 deutſch⸗demokratiſche Confuſionspartei die Einigkeit unter den
2229 1004 3255 1046 Deutſchen zu erhalten beſtrebt iſt. Der diesbezügliche Paſſus in
2229 1043 3255 1087 dem Ullersdorfer „Proteſte“ ſtellt ſich würdig dem in Marburg
2229 1082 3255 1121 prakticirten Kniffe an die Seite, wo dieſelben Leute, die den
2229 1121 3256 1161 Mund nicht voll genug von „Deutſchthum“ und „Solidarität der
2229 1160 3255 1200 Deutſchen“ nehmen können, wider den bisherigen Abgeordneten
2229 1198 3256 1239 Reuter keine ſchwerere Anklage und für ſeinen Gegner Brand⸗
2229 1236 3256 1278 ſtetter keine größere Reclame aufzutreiben wiſſen, als daß jener
2229 1275 3256 1319 ein eingewanderter Norddeutſcher, dieſer aber ein gebürtiger
2227 1313 2489 1353 Steiermärker ſei.
2306 1351 3254 1392 Glücklicherweiſe macht Eine Schwalbe noch keinen Sommer,
2228 1391 3254 1433 und die „bedeutſamen Kundgebungen“ von Ober⸗Georgenthal
2228 1429 3257 1469 und Ullersdorf ſind nichts weniger als der Ausdruck der
2227 1469 3257 1508 Geſinnung der Deutſchböhmen. Es gibt in Böhmen nicht Ein
2227 1507 3256 1547 deutſches Partei⸗Organ von nur einiger Bedeutung, das nicht
2226 1545 3255 1585 in den härteſten Ausdrücken die Putſchverſuche wider die
2227 1583 3252 1624 Teplitzer Beſchlüſſe verurtheilen würde. Der „Tagesbote aus
2227 1622 3257 1663 Böhmen“, dem allerdings der Makel des „Alters“ anhaftet, weil
2227 1660 3259 1700 er nun ins 22. Jahr das Deutſchthum in Böhmen verficht, be⸗
2230 1698 3256 1741 klagt ſich bitter über die nach Böhmen getragene Verhetzung und
2229 1739 3258 1779 Disciplinloſigkeit. Und die „Deutſche Volkszeitung“, ein Organ,
2228 1778 3257 1817 dem mindeſtens ſo viel Bedeutung zukommt, wie den Stylübun⸗
2229 1816 3258 1856 gen von Ober⸗Georgenthal und Ullersdorf, warnt die Deutſch⸗
2227 1855 3256 1897 böhmen vor den wider ihre bewährten Vertreter ausgeſtreuten
2227 1894 2472 1935 Verleumdungen.
2312 1939 3256 1978 Wir halten es für unſere Pflicht, ſchreibt die Deutſche Volks⸗
2227 1974 3256 2012 zeitung, unſere Leſer auf ein kleines Taſchenſpielerſtückchen der Jun⸗
2228 2009 3256 2044 gen aufmerkſam zu machen. Wie bekannt, verſteht man unter der
2229 2043 3255 2077 „conſervativen“ Partei gewöhnlich die Feudalen und Clericalen und
2228 2075 3256 2112 kann von einer „conſervativen Verfaſſungspartei“ nur inſofern ge⸗
2227 2111 3256 2145 ſprochen werden, als ein Theil der Clericalen (die Partei des Car⸗
2227 2145 3254 2183 dinals Rauſcher) zu wiederholtenmalen erklärt hat, die Verfaſſung
2227 2180 3253 2216 anerkennen zu wollen. In einem gewiſſen Sinne iſt wol auch die
2227 2215 3252 2251 deutſch⸗liberale Partei (Alte und Junge) conſervativ, als ſie die
2228 2250 3253 2287 Verfaſſung, das Deutſchthum und unſere freiheitlichen Errungen⸗
2226 2285 3253 2320 ſchaften den Angriffen der Gegner gegenüber erhalten will. Die
2226 2319 3255 2355 Herren Jungen aber nehmen ſich auch die Freiheit heraus, jenen
2226 2352 3255 2389 großen Theil der deutſch⸗liberalen Partei, welchen ſie „die Alten“
2225 2386 3254 2424 nennen, ſchlechtweg auch die „conſervative“ oder gar die hochcon⸗
2225 2421 3254 2458 ſervative Partei zu nennen, woran ſie nebſt anderen gutgemeinten
2225 2455 3256 2491 Verdächtigungen auch die knüpfen, als wären die „Alten“ jedem Fort⸗
2225 2491 3255 2524 ſchritte abhold. Nun, daß wir eine Verfaſſung und freiheitliche Ge⸗
2226 2522 3255 2556 ſetze haben, daß die Deutſchen in Oeſterreich die erſte Stelle einneh⸗
2227 2554 3254 2592 men, und daß wir überhaupt ſeit zwölf Jahren ſo große „Fort⸗
2227 2588 3255 2627 ſchritte“ gemacht haben, daran ſind denn doch die guten Jungen
2226 2623 3254 2659 herzlich unſchuldig, und ſie müſſen zugeſtehen, daß alles das nur die
2227 2659 3252 2695 geſchmähten „Alten“ errungen haben. Der bloße Hinweis auf dieſe
2226 2695 3253 2730 Thatſache genügt, um ſicherſtellen zu können, wer Deutſchthum und
2228 2729 3253 2766 Fortſchritt im Herzen trägt und wer ſie blos im jungen Munde führt.
2301 2770 3254 2811 Durch die in Budweis erfolgte Delegirtenwahl für das
2225 2809 3255 2850 Prager Central⸗Comité iſt nunmehr die Zahl der Ge⸗
2225 2847 3248 2887 wählten auf ſiebzehn geſtiegen. Die Conſtituirung des Central⸗
2225 2885 3156 2924 Wahlcomités in Prag ſteht ſonach in allernächſter Ausſicht.
2306 2923 3252 2964 Nach czechiſchen Blättern verlautet, daß Hohenwart's College,
2227 2960 3253 2998 der bekannte Ex⸗Miniſter Jirecek, in Hohenmauth candidirt werde.
2304 2998 3254 3038 Durch das Hervorheben der Verfaſſungstreue in dem von
2227 3038 3254 3077 uns mitgetheilten Wahlaufrufe, welchen das jüdiſche Central⸗
2227 3077 3254 3117 Wahlcomité in Lemberg an alle iſraelitiſchen Gemeindevorſtände
2228 3117 3254 3157 verſendet hat, ſind alle Verſuche, auf dem Compromißwege die
2228 3154 3254 3195 Juden Galiziens in das Schlepptau des polniſchen Wahlcomités
2227 3193 3252 3237 zu nehmen, geſcheitert. Die Juden können nun mit Ulrich Hutten
60 3295 1103 3341 ſollen; allein wir ſehen es ſchon nach fünfzig Jahren in
60 3339 1104 3383 Scene gehen. An Gründen für dieſe beſchleunigende
60 3381 1106 3426 Neuerung fehlt es keineswegs. Denn erſtlich, wer erlebt
63 3424 1106 3469 hundert Jahre und kommt alſo in die Gelegenheit, die be⸗
63 3469 1106 3512 glückenden Indulgenzen eines Jubiläums zu verdienen?
61 3511 1107 3556 Schon Petrarca hat dies dem damaligen Papſte, Cle⸗
59 3555 944 3603 mens VI., in einer verſificirten Epiſtel vorgeſtellt:
201 3612 939 3648 . . . quis ad extrema longissima tempora vitæ
199 3645 878 3682 Pervenit aut aevi centenos conficit annos?
61 3690 1107 3735 Sodann ein bibliſcher Grund: das moſaiſche Jubeljahr war
60 3735 1106 3779 auf den Wechſel von ſieben Jahrwochen angeſetzt, und es
62 3778 1106 3823 mußte recht und billig erſcheinen, daß die Erlöſten des Neuen
62 3821 1106 3864 Bundes im Vergleiche mit den Auserwählten des Alten
62 3865 1108 3908 nicht zu kurz kämen. So ward denn das zweite Jubeljahr
61 3908 1108 3951 auf 1350 verkündigt. Es eignete ſich zur Beſchwichtigung
62 3950 1108 3994 der Römer, die eben die Entfernung Cola's di Rienzi
61 3994 1109 4037 mächtig aufgeregt haben mußte, ganz vorzüglich. Sie ſelbſt
62 4036 1107 4080 ſollen, um die Luſt zur Pilgerfahrt recht zu beleben, die
62 4080 1109 4124 meiſt für unecht gehaltene päpſtliche Bulle: Cum natura
62 4122 1109 4167 humana fabricirt haben — eine Bulle, worin den Engeln
63 4165 1110 4210 befohlen wird, die Seelen der geſtorbenen Pilger ins Pa⸗
61 4209 1111 4252 radies aufzunehmen. Außerdem wurde von den edlen
62 4250 1108 4296 Quiriten, welche ihre Vorräthe den frommen Wallfahrern
61 4297 1111 4339 um den höchſten Preis aufdringen wollten, das Ver⸗
66 4338 1111 4383 bot der Einfuhr von Getreide, Wein und Fleiſch ins
61 4380 1110 4426 Römiſche für das ganze Jahr erlaſſen. Die Theuerung
60 4426 1112 4468 muß demnach eine nach damaligen Verhältniſſen unerträg⸗
61 4467 1112 4511 liche geworden ſein, und der Beſuch geſtaltete ſich demzufolge
60 4511 1112 4556 wol minder zahlreich. Immerhin ſoll die mittlere Zahl der
61 4551 1112 4598 Kommenden und Gehenden 5000 täglich betragen haben.
59 4595 1115 4641 Der Papſt hatte außer dem Beſuch der beiden Apoſtel⸗
59 4638 1114 4682 kirchen diesmal auch den von S. Giovanni Laterano vorge⸗
60 4682 1115 4727 ſchrieben. Das Schweißtuch der Veronica wurde, wie im
61 4725 1114 4769 Jahre 1300, an gewiſſen Tagen ausgeſtellt, und das Ge⸗
60 4768 1115 4811 dränge bei dieſer Ausſtellung war ſo groß, daß bald zwei,
60 4811 1116 4854 bald vier, bald ſechs, ja zwölf Leute erdrückt wurden. Als
60 4852 1115 4895 Jubiläums⸗Pilgerin war auch die heilige Seherin Brigitta
59 4896 1115 4940 aus Schweden gekommen, und ſie ward mit dem Wunder
59 4939 1118 4987 begnadet, daß der in ihrer Gegen wart von einem däniſchen
59 4982 1117 5031 Edelmann ihres Gefolges ausgeſpr ochene Zweifel, ob denn
59 5025 1117 5068 das Bildniß auf dem Schweißtuch der Veronica auch wirk⸗
56 5067 1118 5113 lich echt ſei, durch eine Stimme von Oben ſiegreich wider⸗
1145 3291 2183 3338 legt wurde. Dagegen wiſſen uns fromme Gewährsmänner
1146 3334 2182 3381 über die miraculöſe Heilung von Kranken und Austreibung
1146 3379 2181 3422 von böſen Geiſtern, die ſich im erſten Jubeljahr zugetragen
1146 3419 2183 3467 hatte, beim zweitenmale nichts zu berichten. Ueber Ver⸗
1144 3460 2183 3508 wendung des Geldes der Opfergaben haben wir in Betreff
1147 3505 2182 3552 dieſes Jubeljahres die beſtimmtere Notiz, daß es zum Theile
1147 3550 2183 3596 den Kirchen Roms zufloß, zum andern vom Papſte genom⸗
1147 3591 2182 3639 men wurde, weil er damit die Koſten ſeiner romagnoliſchen
1147 3638 1593 3685 Kriege zu beſtreiten hatte.
1234 3687 2180 3734 Nach Herabſetzung der Friſt von einem Jubiläum zum
1151 3730 2182 3779 anderen auf fünfzig Jahre wäre zu vermuthen geweſen, daß
1150 3774 2182 3820 das dritte Jubeljahr auf 1400 falle. Es fällt jedoch, über⸗
1148 3815 2183 3863 raſchend genug in doppelter Hinſicht, auf 1390. Mit dieſer
1148 3858 2182 3907 zwiefachen Ueberraſchung hat es nun die folgende Be⸗
1149 3902 2182 3948 wandtniß. Wie uns nämlich der Geſchichtſchreiber des
1149 3943 2182 3993 großen Schisma, Dietrich von Niem, berichtet, hatte ſich
1150 3988 2184 4036 Papſt Urban VI. die Anſicht Jener angeeignet, welche eine
1151 4029 2185 4078 neuerliche Reduction der Jubiläumsfriſt, und zwar auf
1151 4074 2184 4124 dreiunddreißig Jahre, als die Zeit, die der Herr auf Erden
1151 4114 2184 4165 gewandelt, verfochten. Da nun das zweite Jubeljahr 1350
1151 4160 2183 4209 gefeiert worden, hätte das dritte nach dieſer Meinung und
1153 4200 2185 4248 nach jeder arithmetiſchen Annahme unweigerlich im Jahre
1153 4245 2184 4295 1383 abgehalten werden ſollen. Sei es aber, daß die
1151 4289 2184 4338 Sache verpaßt worden und man erſt nachträglich auf den
1152 4330 2186 4382 Einfall gekommen, je das dreiunddreißigſte Jahr zu feiern,
1153 4375 2184 4422 oder was immer der Grund ſein mag — kurz, wir werden
1153 4418 2185 4465 durch ein drittes Jubeljahr mit der Zahl 1390 überraſcht.
1153 4460 2184 4509 Die Sache iſt ſo auffällig, daß Corio, der treffliche Ge⸗
1153 4506 2185 4553 ſchichtſchreiber der Stadt Mailand, ſchon im ſechzehnten
1155 4547 2184 4595 Jahrhundert durchblicken ließ, ſie könne nur auf eine
1155 4587 2186 4639 Aeußerung der päpſtlichen Willkür hinauslaufen, und die
1155 4631 2186 4682 reſpectwidrige Bemerkung macht, Urban VI. habe dies
1156 4674 2187 4723 Jubiläum mehr zu ſeinem Vortheil, als zum Nutzen der
1157 4716 2188 4766 chriſtlichen Religion angeordnet. Die feſtliche Begehung des
1157 4758 2188 4810 Jubeljahres erfolgte, nach Urban's VI. Tod, durch Papſt
1157 4802 2189 4853 Bonifaz IX. Es fanden ſich, des großen Schisma wegen,
1157 4843 2190 4894 nur aus Deutſchland, Ungarn, Böhmen, Polen und England
1157 4885 2190 4937 Pilger ein, und es ward, um bei alſo beſchränkter Theil⸗
1158 4928 2191 4981 nahme doch die möglich größte Rentabilität zu erzielen, die
1158 4972 2190 5023 Einrichtung getroffen, daß man ſämmtliche, den Romfahrern
1158 5014 2190 5068 zugeſprochene Indulgenzen gegen Entrichtung der Reiſe⸗
1157 5057 2188 5110 koſten an die päpſtliche Kammer erlangen konnte, ohne den
2223 3282 3251 3329 heimiſchen Herd zu verlaſſen. Welche Summen dies einge⸗
2223 3327 3253 3372 bracht haben mag, läßt ſich daraus ermeſſen, daß von Be⸗
2222 3367 3253 3416 trügern, die mit gefälſchten Abläſſen von Haus zu Haus
2223 3410 3254 3461 gingen, in einer einzigen Kirchenprovinz 100,000 fl. zu⸗
2222 3459 2696 3505 ſammengeſchwindelt wurden.
2306 3503 3252 3552 Das vierte Jubeljahr (1400) eröffnete ſchon nach einem
2221 3549 3251 3594 Decennium derſelbe Papſt Bonifaz IX., der das dritte ge⸗
2221 3594 3254 3641 feiert hatte. Den Wechſel des Jahrhunderts unbenützt vor⸗
2221 3635 3252 3683 übergehen zu laſſen, wäre von Seiten des Papſtes eine
2223 3677 3252 3728 offenbare Feindſeligkeit gegen die Römer geweſen, die gierig
2223 3721 3255 3769 nach Pilgern ausblickten und deren nie genug rupfen konn⸗
2223 3763 3252 3811 ten. Die Zeit war jedoch wenig geeignet, für kirchliche Feſte
2224 3804 3253 3855 Begeiſterung zu erwecken; auch wenn man aller und der
2223 3845 3253 3898 ſchwerſten Sünden Ablaß mit ihnen verknüpfte. Die große
2224 3889 3253 3939 Kirchenſpaltung zu ihrer ganzen Schärfe gediehen; Frank⸗
2224 3931 3251 3982 reich völlig erſchöpft und ſich der ausdrücklichen Anerkennung
2224 3975 3254 4026 Bonifaz' IX. als des rechtmäßigen Papſtes entziehend; Eng⸗
2224 4017 3253 4067 land auf die langen Roſenkriege rüſtend; Deutſchland von
2225 4060 3253 4114 wüſtem Parteihader zerfleiſcht; der Oſten Europas durch
2225 4104 3255 4158 bange Furcht vor den immer ſiegreicher vordringenden Os⸗
2224 4148 3254 4200 manen wie gelähmt; Italien trotz der ein Jahr vorher graſ⸗
2222 4190 3251 4244 ſirenden Volkskrankheit der „weißen Büßer“ arg verweltlicht
2225 4234 3253 4287 und auf ganz andere Dinge ſinnend, als das Schweißtuch
2225 4277 3251 4326 der Veronica oder die Apoſtelhäupter in San Giovanni
2223 4318 3253 4373 Laterano; römiſche Adelsfractionen mit dem Papſte im wil⸗
2226 4361 3253 4409 den Kampfe und das Schisma ſelbſt in campaniſchen Städ⸗
2225 4403 3250 4454 ten und Ortſchaften noch nicht völlig überwunden: ſo ſah es
2227 4447 3253 4497 in der Welt aus, die der Papſt aufforderte, durch fleißigen
2228 4491 3253 4542 Beſuch der römiſchen Hauptkirchen ſich den Himmel zu ver⸗
2228 4535 3252 4583 dienen. Das Jubiläum ſcheint denn auch, ungeachtet des,
2227 4575 3252 4626 wie es heißt, keineswegs ſpärlichen Zulaufs ſehr froſtig aus⸗
2229 4618 3253 4671 gefallen zu ſein. Man hielt es auf kirchlicher Seite für
2229 4663 3252 4714 beſſer, davon zu ſchweigen, als viel Weſens aus der Sache
2225 4705 3253 4756 zu machen, und dieſem guten Beiſpiele wollen auch wir fol⸗
2228 4746 3253 4797 gen. Zu erwähnen iſt nur, daß der Papſt jenem Wenzel
2230 4790 3252 4840 dem Faulen, der in Deutſchland während des Jubeljahres
2231 4833 3251 4885 ſchimpflich abgeſetzt wurde, die Ermächtigung ertheilte, für
2228 4875 3252 4928 Pilger nach Prag dieſelben Indulgenzen verkündigen zu
2228 4918 3252 4970 laſſen, welche durch die Wallfahrt nach Rom zu erlangen
2229 4959 3253 5010 waren. Wie viel das dem König, dem Prager Erzbiſchof
2228 5004 3252 5057 und Domcapitel eingetragen hat, würde heute, wenn es Einer
2228 5048 2992 5104 weiß, Herr Franz Palacky anzugeben wiſſen.
