3607 5387
317 209 499 259 Nr. 178
870 213 1207 267 Wien, Samstag
1598 218 2025 272 Arbeiter-Zeitung.
2453 224 2741 273 1. Juli 1911
3143 226 3303 277 Seite 5
345 2659 1256 2698 * Ueber ein Meteor berichtet uns folgender Brief:
255 314 1270 351 ſeminar und ein Internat für Mädchen befinden und daß in
257 357 1270 396 einer ſolchen Umgebung die Errichtung einer Nervenheilanſtalt
256 401 1271 441 nicht angezeigt wäre. (Warum nicht? Anm. d. Red.) Das
251 441 1269 483 Kuratorium könne genug andere Plätze in Döbling haben. Der
253 486 1268 527 Gemeinderat wird ſich alſo abermals mit dieſer Angelegenheit
258 531 540 565 zu befaſſen haben.
357 573 1271 614 * Gegen den Detailverkauf von Obſt auf dem
252 617 1271 658 Naſchmarkt. Wir berichteten vor einiger Zeit, daß ſechzehn
252 658 1269 701 Detailhändler von Obſt auf dem Naſchmarkt auf den rückwärts ge⸗
251 702 1270 744 legenen Teil nächſt dem Verkaufsſtand des Approviſionierungs⸗
251 746 1270 786 vereines unter die Engroſſiſten eingereiht und ihnen der Detail⸗
248 791 1269 831 handel in Obſt verboten wurde. Die Urſache dieſer Maßnahme
250 834 1268 873 iſt auf eine Beſchwerde der Detailhändler zurückzuführen, die
247 878 1268 917 ihren Standort gegen die Wiedener Hauptſtraße zu haben und
248 921 1266 960 nicht leiden wollten, daß Obſt im Kleinverkauf billiger abgeben werde,
249 964 1267 1003 als ſie es abgeben. Für die minderbemittelte Bevölkerung war
249 1004 1268 1046 dieſer Detailverkauf eine wahre Wohltat, aber der Magiſtrat
250 1048 1268 1088 ſtellte ab, was ſeit dem Jahre 1903, alſo länger als ſieben Jahre
251 1094 1268 1133 geſtattet war. Die ſechzehn Händler, die davon betroffen waren,
245 1137 1266 1175 machten nun eine Eingabe an den Magiſtrat, damit ihnen
248 1179 1267 1219 wieder das Recht gewährt werde, im Detail Obſt zu verkaufen,
246 1223 1269 1261 und mit dieſer Eingabe beſchäftigte ſich geſtern der Appro⸗
252 1266 1262 1304 viſionierungsausſchuß. Gemeinderat Reumann ſprach für
249 1309 1265 1347 die Aufhebung des Verbotes und Stadtrat Knoll ſchloß ſich
249 1350 1267 1392 ihm an. Auch der Vorſtand der Approviſionierungsabteilung
250 1397 1267 1432 des Magiſtrats Dr. Konſtantin Maier erklärte, das
249 1438 1267 1477 Verbot liege nicht im Intereſſe der Kon⸗
247 1483 1266 1520 ſumenten und laſſe ſich praktiſch ſchwer
245 1523 1264 1563 durchführen. Stadtrat Weſſely beantragte die Beibehaltung
247 1567 1265 1606 des Verbotes, weil ſich die Genoſſenſchaft der Detailhändler aus⸗
248 1612 1265 1650 geſprochen habe. Gemeinderat Dechant war für das Verbot, weil
246 1655 1268 1693 die ſechzehn vom Detailhandel ausgeſchloſſenen Händler auslän⸗
245 1698 1272 1736 diſche Groſſiſten wären! Daraufhin wurde die Aufrechterhaltung
244 1738 1266 1779 des Detailverkaufsverbotes mit fünf gegen zwei Stimmen be⸗
245 1784 1266 1823 ſchloſſen. Daß der Approviſionierungsausſchuß mit dieſem
245 1827 1263 1866 Beſchluß, der ſich obendrein auf die falſche Behauptung
251 1870 1263 1908 ſtützt, daß dieſe Händler Ausländer ſind, direkt gegen
245 1912 1264 1951 die Intereſſen der Konſumenten, und zwar
245 1955 1262 1994 der minderbemittelten handelte, liegt auf der Hand. Aus purem
243 1999 1261 2038 Brotneid haben die Detailhändler auf dem Naſchmarkt gegen die
245 2043 1266 2081 ſechzehn Detailverkäufer ein wahres Keſſeltreiben veranſtaltet
245 2087 1265 2125 und es gereicht der Majorität des Approviſionierungsausſchuſſes
244 2130 1261 2169 nicht zur Ehre, daß ſie dem Brotneid Vorſchub leiſteten und die
241 2171 1262 2212 Konſumenten ſchädigten. In der Sache iſt freilich noch nicht
245 2213 1263 2255 das letzte Wort geſprochen worden. Die Teilung des Marktes
241 2261 1264 2299 war vor dem Jahre 1903 in der Weiſe durchgeführt, wie ſie
240 2300 1261 2342 jetzt wieder eintrat. Sie erwies ſich nicht praktiſch und als man
241 2347 1260 2385 von ihr abging, hatte man den Konſumenten, welche nur klein⸗
241 2390 1263 2428 weiſe kaufen können, einen Dienſt erwieſen. Jetzt hat man das
242 2431 1260 2470 Verbot des Detailverkaufes für ſechzehn Obſthändler wieder
245 2477 1260 2515 erlaſſen und den kleinen Konſumenten einen Schaden zugefügt.
246 2520 1258 2558 Das wird ſich an denen rächen, die die Konſumenten vor der
246 2559 1260 2600 Verteuerung der Lebensmittel ſchützen ſollen, die aber das
248 2607 476 2641 Gegenteil tun.
242 2703 1260 2740 Geſtatten Sie, daß ich Ihnen als Abonnent von einem Meteor
243 2745 1257 2783 berichte, das ich am Donnerstag um etwa 8 Uhr 38 Minuten
244 2789 1263 2827 geſehen habe. Ich ging gerade auf der Thaliaſtraße in der Höhe
244 2830 1259 2870 des Richard Wagnerplatzes. Plötzlich flammte über den Häuſern
244 2875 1261 2915 ſcheinbar zwiſchen dem Gürtel und dem genannten Platze, etwa
245 2918 1262 2956 einhalbmal ſo hoch wie die Dächer, von Süd nach Nord (gleich⸗
243 2962 1260 3002 laufend mit dem Gürtel) ein Meteor auf. Es neigte ſich ſchwach
245 3005 1256 3044 gegen die Häuſer und hatte die Größe eines großen Sternes,
246 3048 1260 3086 jedoch mit einem flammenden Strahl nach hinten, welcher ſich
246 3092 1260 3130 in eine Spitze zu verlaufen ſchien. Die Farbe des Meteors war
245 3135 1261 3173 glänzend dunkelgelb, ebenſo der nachziehende Schweif, nur hatte
243 3178 1255 3217 dieſer rote feurige Ränder. Das Phänomen war nur von kurzer
241 3222 1256 3261 Dauer (10 bis 12 Sekunden) und die Länge des Weges nicht
240 3263 1258 3304 größer zu ſehen als die Breite der Thaliaſtraße. Eintritt und
240 3309 1265 3349 Erlöſchen konnte man deutlich ſehen. Zuerſt verlor ſich der Kopf
242 3352 1260 3390 und allmählich der nachziehende Strahl. Es dürften dies viele
238 3396 1259 3434 Perſonen geſehen haben, da ſich gerade der Menſchenſtrom vom
240 3438 1262 3476 Liebhartstal herein ergoß. Es war noch ziemlich klar und hell
236 3481 1265 3520 um dieſe Zeit. Es war gewiß ein ſeltenes Naturſchauſpiel. Hoch⸗
241 3527 1014 3564 achtend F. Czettel, XVI. Thaliaſtraße Nr. 51.
347 3570 1261 3607 * Humanität der Humanitären. Zu der am Dienstag
240 3612 1258 3649 erſchienenen Zuſchrift aus Kirchaach teilt uns die Leitung des
225 3652 1255 3692 humanitären Vereines „Die Waldviertler“ mit, es ſei unrichtig,
237 3699 1260 3737 daß die Vereinsmitglieder den greiſen Kutſcher, der von einem
237 3742 1262 3780 Wagen abgeſtürzt iſt, ſeinem Schickſal überlaſſen haben. Die
235 3783 1261 3824 Vereinsmitglieder hätten veranlaßt, daß ſofort an den Fuhr⸗
237 3829 1259 3867 werksbeſitzer Leopold Wollner nach Wien telephoniert werde
241 3872 1261 3910 und daß ein Wagen in den Ort fahre, damit jede mögliche
240 3915 1262 3954 Hilfe geleiſtet werde. Der Kutſcher habe die wiederholte Frage,
241 3960 1259 3998 ob ihm etwas geſchehen ſei, verneint und habe geſagt, er warte,
242 4001 1262 4041 bis Hilfe komme. Am nächſten Tage habe ſich die Vereins⸗
242 4044 1261 4086 leitung auch beim Fuhrwerksbeſitzer nach dem Befinden des
242 4088 1262 4127 Kutſchers erkundigt und es ſei ihr geſagt worden, daß er
240 4130 1261 4170 ſchon wieder ſeiner Arbeit nachgehe; von einer irgendwie
242 4175 1259 4212 erheblichen Verletzung könne alſo keine Rede ſein. — Jedenfalls
238 4218 1261 4258 wäre es aber beſſer geweſen, daß der Verein den alten Mann
237 4262 1262 4300 nach Wien transportiert und dies nicht den Kirchbachern über⸗
239 4306 1263 4344 laſſen hätte, ſo daß dieſe die in ihrer Zuſchrift wieder⸗
236 4350 891 4387 gegebenen Empfindungen haben mußten.
348 4388 1259 4429 * Jugendſchutz. Der Verein der Gehilfenvertreter hat
241 4427 1257 4462 eine Unterſuchungs⸗ und Beratungsſtelle geſchaffen, in der
236 4460 1260 4494 vor der Berufswahl (Eintritt in die Meiſterlehre) ſtehenden
237 4494 1258 4531 Knaben und Mädchen und deren Eltern nach vor⸗
240 4528 1258 4565 genommener ärztlicher Unterſuchung Rat darüber erteilt wird,
240 4565 1257 4600 ob ſie körperlich für den gewünſchten Beruf geeignet oder für
242 4597 1258 4634 welche Berufe ſie nach ihrer körperlichen Beſchaffenheit geeignet
239 4631 1259 4670 oder ungeeignet ſind. Die Unterſuchungsſtelle iſt nur Un⸗
242 4665 1263 4704 bemittelten zugänglich, der Rat iſt unentgeltlich. Aerzt⸗
240 4700 1260 4743 liche Behandlung findet nicht ſtatt. Die Unterſuchung findet
242 4735 1264 4781 jeden Donnerstag von 6 bis 7 Uhr Abends IX. Türkenſtraße
250 4782 441 4815 Nr. 23 ſtatt.
349 4813 1264 4864 * Verunglückt. Im Wohnhauſe Kleine Schiffgaſſe
242 4860 1264 4913 Nr. 20 erlitt geſtern Nachmittags der achtjährige Schüler Franz
242 4899 1269 4961 Buczik durch Sturz eine Verrenkung des rechten Ellbogen⸗
245 4950 1140 5007 gelenkes. Die Rettungsgeſellſchaft leiſtete ihm erſte Hilfe.
350 4992 1269 5049 * Arbeiterriſiko. Der 16jährige Hilfsarbeiter Johann
244 5037 1270 5098 Arnold, Frauenfeldergaſſe Nr. 12 wohnhaft, wurde geſtern
250 5079 1270 5141 auf dem Neubau des Hauſes Weihburggaſſe Nr. 9 bei der Ziegel⸗
1311 319 2327 361 rutſche von einem Ziegel getroffen und erlitt einen offenen
1313 361 2328 406 Bruch des Endgliedes des rechten Daumens. Die Rettungs⸗
1310 407 1688 444 geſellſchaft verband ihn.
1411 451 2323 492 Der 28jährige Gärtner Sylveſter Vogler, Breitenlee
1310 490 2325 535 Nr. 54 wohnhaft, wurde geſtern Mittags in Hirſchſtetten von
1306 536 2324 579 dem Hufſchlag ſeines Pferdes getroffen und erlitt zwei tiefe
1312 574 2323 622 Wunden beim rechten Ohr mit wahrſcheinlichem Bruch des
1308 620 2323 665 Oberkie fers. Die Rettungsgeſellſchaft brachte ihn in das Spital
1307 666 1734 702 der Barmherzigen Brüder.
1403 711 2323 751 In der Fabrik Schnabel in der Kreindlgaſſe Nr. 1 in
1305 752 2322 795 Döbling geriet geſtern Nachmittags die 19jährige Hilfsarbeiterin
1305 796 2323 838 Anna Tomaſchek, XVII. Syringgaſſe Nr. 13 wohnhaft, in
1305 839 2320 882 eine Stanzmaſchine und erlitt eine Abkappung des rechten
1304 880 2323 925 Daumens. Die Rettungsgeſellſchaft brachte ſie in die Unfall⸗
1307 922 1427 963 ſtation.
1406 969 2321 1010 * Brände. Geſtern Vormittags kam im Geſchäft des Hut⸗
1304 1012 2325 1054 machers Joſef Hepner, XVII. Hernalſer Hauptſtraße Nr. 103,
1303 1054 2320 1097 ein Brand zum Ausbruch, welcher Waren im Werte von zwei⸗
1302 1098 2320 1141 tauſend Kronen beſchädigte. Entſtanden dürfte das Feuer durch
1303 1141 1961 1180 die Schadhaftigkeit eines Ofenrohres ſein.
1401 1185 2321 1225 Durch ein brennendes Zündhölzchen, das ein Arbeits⸗
1301 1224 2314 1269 kollege wegwarf, entzündete ſich in der Werkſtätte II. Untere
1303 1271 2317 1313 Donauſtraße Nr. 41 auf den Boden gegoſſenes Benzin. Die
1301 1314 2314 1356 Flamme traf den 27jährigen Metallſchleifer Karl Stimmer,
1302 1358 2318 1398 Thaliaſtraße Nr. 91 wohnhaft. Er erlitt Brandwunden
1303 1403 2317 1442 an den beiden Unterarmen. Die Rettungsgeſellſchaft leiſtete
1300 1444 1463 1481 ihm Hilfe.
1403 1489 2315 1527 * Beim Schwimmen in der Donau ertrunken. Die
1301 1531 2318 1571 Leitung des Erſten Neulerchenfelder Turnvereines teilt uns
1302 1575 2314 1615 folgenden tragiſchen Fall mit: Ein Mitglied unſeres Vereines,
1300 1618 2314 1659 der 20jährige Lederarbeiter Richard Pfeiffer, XIII. Wern⸗
1300 1660 2315 1702 hardtſtraße Nr. 5 wohnhaft, unternahm Samstag den 24. Juni
1301 1703 2313 1745 Abends mit mehreren Kollegen eine Nachtpartie nach Kritzendorf.
1301 1745 2310 1789 Am Sonntagmorgen kamen ſeine Eltern nach. Richard Pfeiffer
1300 1792 2310 1830 war Schwimmer und nahm allein ein Bad in der Donau. Sein
1299 1834 2309 1875 Vater rief ihm noch warnend zu: „Richard, ſchwimm' nicht zu
1300 1879 2308 1918 weit!“ Er ſchüttelte den Kopf und ſchwamm weiter in den Strom
1298 1921 2307 1961 hinein. Plötzlich ſah man ihn mit den Wellen kämpfen und
1299 1965 2307 2006 hörte den: Ruf „Otto!“ Man rief auch ſeinen am Ufer weilenden
1299 2008 2307 2048 Freund Otto Hafenrichter herbei, der raſch entſchloſſen
1298 2051 2307 2090 ſeinem Turnfreund nachſchwamm und ihn auch erreichte. Leider
1299 2094 2306 2133 konnte er ihn nicht retten, denn der Ertrinkende umklammerte
1298 2138 2305 2178 ihn in ſeiner Todesangſt mit Händen und Füßen und brachte
1301 2180 2305 2221 ihn ſelbſt in Ertrinkungsgefahr. Als es ihm in fürchterlichem
1299 2224 2304 2264 Kampfe gelang, ſich von ſeinem Freunde zu befreien, verſchwand
1298 2264 2307 2307 Richard Pfeiffer in den Wellen. Der brave Retter Otto Hafen⸗
1298 2312 2307 2350 richter, der ſchon einigemal Kollegen in ſolchen Situationen ge⸗
1298 2355 2304 2394 rettet hat, verdankt es nur ſeiner Schwimmtüchtigkeit, daß er
1296 2398 2303 2437 diesmal wieder heil ans Ufer kam. Pfeiffer war ein tüchtiges
1297 2442 2303 2481 Mitglied unſeres Vereines. Auch der Verein „Wohlfahrt“ in den
1299 2485 2303 2524 Jubiläumshäuſern verliert an ihm einen tüchtigen Förderer des
1297 2528 2304 2566 Jugendturnens. Herb iſt der Schmerz der Eltern über den Verluſt
1298 2571 2306 2610 ihres hoffnungsvollen Sohnes. Die Leiche iſt noch nicht ge⸗
1298 2615 2301 2654 borgen. Pfeiffer hat ſeinen Wagemut trotz Warnung ſeiner
1298 2658 2304 2698 Eltern und Turnkollegen mit dem Leben bezahlt. Er war von
1299 2702 2303 2740 mittlerer Größe, ſehr kräftig entwickelt, muskulös, hatte volles
1298 2744 2304 2783 Geſicht, etwas dunkelblondes Haar und gute Zähne. Auf der
1298 2787 2305 2825 rechten Hand hatte er eine Rißwunde, über dem rechten Auge
1297 2830 2305 2868 und Naſenrücken je ein kleines Wundmal. Die Eltern erbitten
1297 2873 1946 2912 Nachricht über die Auffindung der Leiche.
1400 2918 2305 2955 * Ein Täſchchenräuber in der Stadt. Eine ſehr auf⸗
1298 2952 2304 2989 regende Jagd nach einem frechen Strolch, der einem jungen
1298 2987 2305 3024 Mädchen eine Handtaſche mit Geld entriſſen hatte, machte
1299 3021 2302 3058 geſtern Nachmittags in der Innern Stadt ziemliches Aufſehen.
1299 3057 2299 3093 Die Comptoiriſtin Philippine Oſer, beim Kaufmann Ignaz
1297 3092 2306 3127 Oſer in der Hegelgaſſe Nr. 6 angeſtellt, hat geſtern Nach⸗
1298 3124 2302 3163 mittags bei der Poſtſparkaſſe einen Betrag von 750 Kronen
1298 3159 2303 3195 behoben. Sie hatte das Geld in ihr Handtäſchchen geſteckt, in
1298 3194 2306 3231 dem ſich 320 Kronen befanden. Fräulein Oſer ſchlug den Rück⸗
1298 3228 2304 3266 weg ein und war bis in die Anlagen der Gartenbaugeſellſchaft
1298 3265 2302 3300 gelangt. Als ſie dieſe paſſierte, verſpürte ſie plötzlich einen Stoß
1300 3300 2303 3335 in der Mitte des Rückens und ehe ſie ſich über die Perſon des
1299 3333 2303 3370 Attackierenden klar werden konnte, riß ihr jemand das Hand⸗
1298 3367 2299 3405 täſchchen aus der Hand. Fräulein Oſer drehte ſich um und ſah einen
1297 3404 2303 3440 jungen Burſchen davonlaufen. Er ſchlug den Weg durch die
1299 3439 2300 3475 Liebenberggaſſe über den Ring und gegen den Stadtpark ein.
1298 3474 2304 3507 Fräulein Oſer hatte ſich bald gefaßt und lief dem Räuber mit
1298 3508 2301 3543 den gellend gerufenen Worten: „Aufhalten! Aufhalten!“ nach.
1299 3540 2305 3578 Dem Gauner war das Handtäſchchen auf der eiligen Flucht auf
1299 3575 2304 3613 den Boden gefallen. Er bückte ſich danach und hob es auf.
1299 3610 2300 3644 Noch hatte er ſo viel Vorſprung, daß er wieder forteilen konnte.
1299 3645 2304 3680 Paſſanten hatten die Rufe der Comptoiriſtin gehört. Sie ver⸗
1301 3679 2302 3716 folgten den Täſchchenräuber, der auch den Stadtpark erreichen
1298 3715 2305 3749 konnte. Dort erſah er eine Automobiltaxameterdroſchke. Er ließ
1298 3747 2304 3785 ſie raſch halten, ſprang in das Coupé und rief dem Kutſcher
1296 3782 2303 3820 zu, er möge eilig zum Südbahnhof fahren. Der Strolch hoffte, der
1301 3818 2307 3853 Chauffeur würde wegfahren, ehe die Verfolger kämen. Kaum aber
1299 3851 2305 3887 ſaß er im Automobil, als der erſte aus der Verfolgerſchar daher⸗
1298 3887 2304 3923 kam und keuchend den Chauffeur halten hieß. Der Chauffeur
1297 3921 2306 3959 ſchaltete wirklich aus, und ſo war der Strolch gefangen. Der
1300 3958 2305 3992 Burſche wurde einem Sicherheitswachmann übergeben. Dieſer
1299 3991 2306 4026 brachte ihn erſt zur Wachtſtube Kumpfgaſſe und dann zum
1299 4026 2304 4061 Polizeikommiſſariat Innere Stadt. Der Verhaftete iſt der 19jährige
1300 4062 2300 4097 Schreiber Joſef P., Währing, Karl Beckgaſſe Nr. 17 wohnhaft.
1299 4095 2304 4130 P. war in den Dienſten eines hieſigen Advokaten geſtanden.
1299 4128 2302 4164 Am 22. Juni hatte er von dem Anwalt den Auftrag erhalten,
1300 4162 2305 4200 ein Telegramm nach Liebau in Rußland aufzugeben. Es wurde
1298 4196 2304 4235 ihm eine Zwanzigkronennote eingehändigt. P. verließ die Kanzlei
1299 4231 2303 4270 und rechnete nach ſeiner Rückkehr 7 Kronen 10 Heller als Tele⸗
1298 4270 2304 4303 grammſpeſen auf. Den reſtlichen Betrag von 12 Kronen 90 Heller
1298 4302 2302 4338 erlegte er beim Kanzleileiter. Nachträglich wurde aber feſtgeſtellt,
1297 4337 2301 4372 daß er das Telegramm gar nicht aufgegeben hat. Er hat die
1298 4370 2305 4406 7 Kronen 10 Heller unterſchlagen; deshalb iſt auch ſeine ſofortige
1299 4404 2304 4441 Entlaſſung gefolgt. P. ſcheint auch außerdem verdächtig, an
1298 4439 2305 4473 dem Diebſtahl einer Schreibmaſchine bei dem beteiligten Adpo⸗
1296 4472 2305 4507 katen beteiligt geweſen zu ſein. Am 1. Mai iſt nämlich die
1297 4506 2303 4542 Kanzlei erbrochen aufgefunden worden. Die Schreibmaſchine war
1297 4542 2307 4577 verſchwunden. Am folgenden Tage war P. nicht in die Kanzlei
1299 4576 2302 4612 gekommen. Als Entſchuldigungsgrund hatte er angeführt, daß
1299 4611 2304 4647 er heiſer ſei. Aufgefordert, ſich in der Kanzlei einzufinden, iſt er
1297 4646 2304 4679 auch damals Nachmittags erſchienen, doch war ſeine Stimme
1297 4679 2303 4716 ſo rein wie kaum zuvor — von Heiſerkeit nicht die mindeſte
1299 4715 2303 4753 Spur. Er wollte augenſcheinlich bei Entdeckung des Diebſtahls
1297 4749 1590 4786 nicht zugegen ſein.
1394 4791 2301 4830 * Wagenunfall. Der 49jährige Bindergehilfe Anton
1303 4828 2296 4864 Swoboda, XVI. Ganſterergaſſe Nr. 7 wohnhaft, hatte
1300 4859 2302 4899 Donnerstag Nachmittags mit einigen Perſonen einen Wagen⸗
1301 4892 2299 4935 ausflug gemacht. Auf dem Heimweg iſt das Pferd in der
1304 4925 2299 4970 Ottakringerſtraße geſcheut und durchgegangen. Der Wagen fiel
1304 4961 2303 5006 vor dem Hauſe Nr. 266 um und ſämtliche Inſaſſen wurden auf
1305 4994 2296 5043 das Pflaſter geſchleudert. Swoboda ſelbſt erlitt einen Beinbruch,
1302 5031 2300 5077 der 51jährige Perlmutterdrechſler Ferdinand Behringer
1303 5066 2293 5113 Brüche der mittleren Schneidezähne und Wunden an der Naſe
2362 329 3373 366 und am Kinn, der vierjährige Schuhmachersſohn Hans Dreger
2361 362 3373 402 eine Kopfwunde und die achtjährige Wilhelmine Dettich eine
2358 398 2640 434 Wunde am Kinn.
2467 442 3375 479 * Da fahr'n mer halt nach Nußdorf 'naus! Geſtern
2361 477 3373 514 vor Mitternacht iſt in Nußdorf ein großer Straßenexzeß ent⸗
2359 513 3372 550 ſtanden. Während der Rauferei wurde der 25jährige Private
2361 546 3369 585 Franz Stoiber, XIX. Heiligenſtädterſtraße Nr. 81 wohnhaft,
2360 580 3370 620 durch drei Meſſerſtiche ſchwer verletzt. Ein
2359 612 3370 655 Schnitt durchtrennte ihm die Naſe. Die Rettungsgefellſchaft
2362 650 3157 688 verband ihn und brachte ihn auf die Unfallſtation.
2465 694 3368 732 * Einſpänner und Automobil. In der Brigittenau,
2357 725 3372 766 Kunzgaſſe, iſt am Donnerstag nach 9 Uhr Abends ein Auto⸗
2360 762 3369 801 mobil mit einem Einſpänner zuſammengeſtoßen. Der 33jährige
2359 793 3373 833 Einſpänner Karl Schoberlechner, Beckmanngaſſe Nr. 38
2356 831 3371 870 wohnhaft, wurde vom Bocke geſchleudert und erlitt eine Kontuſion
2356 866 2617 902 des Kreuzbeines.
2462 910 3368 948 * Die Straße als Kinderſpielplatz. Der 2 ½jährige
2356 944 3367 982 Johann Langer wurde am Donnerstag um 8 Uhr Abends,
2355 978 3368 1015 als er nächſt dem Wohnhauſe, Brünnerſtraße Nr. 136, die
2357 1011 3371 1050 Fahrbahn überſetzen wollte, von einem Dampftramwayzug
2356 1048 3367 1084 niedergeſtoßen. Das Kind erlitt eine Skalpierung am Schädel⸗
2355 1082 3077 1121 dach und eine Abtrennung des rechten Ohres.
2458 1124 3367 1161 * Lebensmüde. Geſtern Früh vor 7 Uhr wurde der
2355 1158 3375 1198 28jährige Goldarbeitergehilfe Johann Anders im Kloſett
2358 1193 3372 1232 ſeiner Wohnung, Märzſtraße, mit einer Rebſchnur erhängt auf⸗
2357 1228 3372 1267 gefunden. Man ſchnitt ihn ſofort ab und berief die Filiale der
2356 1262 3365 1300 Rettungsgeſellſchaft, doch konnte der Arzt bloß den Eintritt
2353 1297 3365 1334 des Todes feſtſtellen. Das Motiv der Tat iſt Arbeits⸗
2352 1331 2575 1366 loſigkeit.
2453 1366 3365 1405 Die vierzehnjährige Federnſchmückerin Marie H.,
2352 1399 3365 1438 Maderspergerſtraße wohnhaft, iſt geſtern Nachts um ¾ 12 Uhr
2353 1436 3363 1472 von der Gſtettermayerbrücke etwa vier Meter tief geſprungen
2352 1470 3362 1508 und hat ſich Kontuſionen an beiden Sprunggelenken zugezogen.
2352 1503 3359 1542 Die Filiale der Rettungsgeſellſchaft brachte ſie in ihre Wohnung.
2349 1539 3360 1577 Das Motiv der Tat iſt Streit mit Freundinnen.
2456 1574 3360 1612 Der 20jährige Hilfsarbeiter Johann S., Floridsdorf,
2352 1606 3363 1644 Bismarckplatz wohnhaft, ſprang vorgeſtern Abends in das alte
2353 1643 3363 1680 Donaubett in Floridsdorf. Er wurde lebend aus dem Waſſer
2352 1677 3365 1715 gezogen und wegen Verdachtes der Geiſtesſtörung der pſychia⸗
2351 1713 2746 1749 triſchen Klinik übergeben.
2452 1747 3359 1783 Am 20. Juni wurde im Gemeindegebiet Zeillern ein
2347 1781 3361 1818 Mann von etwa fünfzig Jahren mit durchſchoſſener Schläfe
2349 1817 3360 1852 tot aufgefunden. Er war mittelgroß, unterſetzt, trug ſchwarzen
2345 1851 3362 1889 weichen Hut, bläulichen ſchwarzgeſtreiften Saccoanzug, faſt neue
2347 1884 3359 1922 Schnürſchuhe, braune Socken mit gelben Streifen, weiße Unter⸗
2348 1919 3358 1955 hoſe, weißes Hemd der Firma Eduard Fiſcher in Linz. Neben
2346 1953 3358 1991 der Leiche lag ein brauner Stock mit Hirſchhorngriff und ein
2346 1987 3358 2024 fünfläufiger Revolver. Er hatte eine Remontoiruhr aus Silber
2349 2022 3360 2060 mit Doppelmantel bei ſich; der vordere Mantel trägt den
2343 2056 3360 2093 Namen Franz Leibetzeder. Ein Sacktuch hat die Märke F. L.
2347 2091 3360 2128 In einem ſchwarzledernen Geldtäſchchen hatte er 11 Kronen
2346 2126 3356 2163 41 Heller. Der Tote dürſte den beſſeren Ständen angehört haben.
2445 2169 3359 2206 * Selbſtmord auf den Schienen. Donnerstag um 3 Uhr
2344 2205 3363 2237 Nachmittags hat ſich ein ungefähr vierzigjähriger, der Arbeiter⸗
2342 2238 3361 2272 klaſſe angehöriger Mann auf der Nordweſtbahnſtrecke nächſt dem
2343 2271 3358 2309 Gasbehälter vor dem fahrenden Perſonenzug auf das Geleiſe
2341 2307 3357 2344 geworfen und wurde überfahren. Der Unglückliche blieb
2340 2341 2504 2378 ſofort tot.
2444 2384 3353 2420 * Die Gefahren der Verkehrsarbeit. Der 18jährige
2345 2418 3357 2458 Cabskutſcher Karl Strobl, Sonnwendgaſſe Nr. 26 wohnhaft,
2344 2456 3361 2492 wurde Donnerstag Abends um ½ 8 Uhr in der Inzersdorfer⸗
2342 2490 3357 2527 ſtraße vom eigenen Wagen überfahren und erlitt einen Ver⸗
2341 2522 3356 2560 renkungsbruch am Bein. Die Filiale der Rettungsgeſellſchaft
2342 2559 2917 2596 brachte ihn ins Franz Joſefs⸗Spital.
2446 2600 3357 2638 * Selbſtmord im Walde. Am 26. Juni um 4 Uhr Nach⸗
2343 2636 3358 2673 mittags wurde beim Ortseingang nach Dürnbach im Gemeinde⸗
2342 2669 3358 2705 gebiet von Peiſching im Walde die Leiche eines dreißig⸗ bis
2341 2706 3351 2741 vierzigjährigen Mannes an einem Baume hängend aufgefunden.
2342 2738 3360 2772 Der Tod dürfte vor etwa drei Wochen eingetreten ſein. Vor drei
2340 2770 3359 2808 Wochen iſt auch ein kleiner ſchwächlicher Mann, blond, angeblich
2340 2806 3359 2843 aus Wien nach Dürnbach gekommen und erzählte in den
2338 2842 3358 2876 Arbeiterhäuſern des Fabrikanten Zugmayer der Frau Pottner,
2341 2876 3359 2913 daß er weder Arbeit noch Unterkunft beſitze, auch kein Geld
2338 2910 3358 2948 habe, aus dem Spital komme und ledig ſei. Frau Pottner
2340 2946 3357 2982 erkannte in dem Selbſtmörder jenen Mann. Er hatte keine
2340 2980 3356 3016 Dokumente bei ſich, trug graugeſtreiften Stoffanzug, ſchwarzen
2339 3014 3359 3050 weichen Hut, Stiefeletten und weiße Wäſche ohne Märke. Er war
2339 3049 3361 3086 klein und hatte eine Geldbörſe mit 90 Heller, ein altes Taſchen⸗
2337 3083 3354 3121 meſſer und einen Wäſchezettel der Feinputzerei Erneſtine Geher,
2337 3120 3356 3154 II. Aſperngaſſe Nr. 5, bei ſich. Die Schuhe ſind von der Firma
2341 3153 3009 3190 Anton Scharz, Wien, IX. Nußdorferſtraße.
2436 3204 3357 3242 * Abgeſtürztes Lowry. Zum Kohlenofen des Hüttel⸗
2341 3239 3357 3277 dorfer Gaswerkes wird die erforderliche Kohle mit Lowries über
2341 3274 3355 3311 eine geländerloſe eiſerne Brücke geführt. Geſtern Nachmittags
2340 3308 3357 3345 iſt ein ſolches Lowry von der Brücke geſtürzt und hat einen
2339 3342 3359 3381 Arbeiter, den 46jährigen Philipp Lang, St. Veitgaſſe Nr. 47
2338 3379 3358 3416 wohnhaft, mitgeriſſen. Das Lowry fiel auf ihn und brach ihm
2339 3411 3357 3451 den linken Fußknöchel. Die Unter⸗St. Veiter Freiwillige
2339 3448 3113 3486 Rettungsgeſellſchaft brachte ihn ins Rochusſpital.
2437 3501 3356 3538 * Unter der Schutzvorrichtung. Der 60jährige Hotelier
2338 3536 3355 3571 Hermann Löwy, II. Caſtellezgaſſe Nr. 1 wohnhaft, iſt geſtern
2341 3569 3357 3607 Vormittags auf dem Franz Joſefs⸗Kai auf einen fahrenden
2339 3606 3356 3641 Motorwagen der ſtädtiſchen Straßenbahnen, Linie L, auf⸗
2341 3638 3357 3675 geſprungen und abgeſtürzt. Er geriet unter die Schutzvorrichtuug
2338 3676 3358 3709 und erlitt eine ſchwere Quetſchung des rechten Bruſtkorbes mit
2342 3706 3356 3742 Rippenbruch, eine Kopfwunde, Wunden an der rechten Hand
2341 3743 3358 3778 und am linken Ellbogen ſowie andere Quetſchungen. Die
2344 3774 3355 3812 Rettungsgeſellſchaft brachte den Hotelier auf die Unfallſtation
2344 3812 2565 3846 im II. Bezirk.
2446 3859 3351 3897 * Verunglückte Kinder. Der zehnjährige Volksſchüler
2339 3896 3353 3934 Rudolf Menſchik, Sohn des Eiſendrehers Heinrich Menſchik,
2341 3932 3354 3969 Mariahilf, Kaſernengaſſe Nr. 22 wohnhaft, geriet Donnerstag
2341 3968 3352 4003 in der Stadtbahnſtation Pilgramgaſſe beim Abſpringen von der
2339 4002 3355 4039 Plattform eines Waggons des fahrenden Zuges zwiſchen Tritt⸗
2343 4036 3352 4072 brett und Randſtein des Perrons. Er erlitt eine ſchwere Quetſch⸗
2342 4070 3355 4107 wunde am rechten Oberſchenkel. Das Kind wurde der häuslichen
2346 4106 2620 4141 Pflege übergeben.
2443 4138 3356 4177 Der zehnjährige Schulknabe Karl Heisler, Franzens⸗
2343 4173 3355 4210 brückenſtraße wohnhaft, hat ſich am 29. Juni um 9 Uhr Abends
2344 4207 3356 4244 in dieſer Straße an einen zweiſpännigen Streifwagen angehängt
2341 4243 3357 4280 und iſt zu Boden geſtürzt. Er wurde am rechten Fuße ſchwer
2339 4278 3305 4315 verletzt. Das Kind wurde ins Rudolfs⸗Kinderſpital gebracht.
2446 4328 3355 4365 * Verhaftete Koſaken. Am 24. Juni Nachts wurde
2343 4363 3358 4399 einem in Ottakring in der Neulerchenfelderſtraße wohnhaften
2341 4398 3356 4434 Kaufmann in einem Café in Hernals von drei Betrügern im
2342 4430 3356 4467 Ecartéſpiel ein Betrag von 350 Kronen abgenommen. Einer der
2340 4466 3356 4504 Betrüger war im Café als Tierarzt Müller bezeichnet worden.
2341 4500 3357 4538 Er iſt am 29. Juni in der Perſon des 33jährigen Karl
2340 4532 3358 4575 Bartunek, Fünfhaus, Goldſchlagſtraße Nr. 15 wohnhaft,
2339 4569 3357 4610 verhaftet worden. Bald nachher war auch einer der Komplizen
2341 4603 3355 4642 in der Perſon des 34jährigen Ludwig Holec dingfeſt gemacht.
2339 4637 3358 4679 Beide ſind Profeſſionalſpieler. Gegen Holec liegt auch die An⸗
2340 4674 3352 4715 zeige vor, daß er mit markierten Karten geſpielt hat. Beide
2340 4709 2956 4751 wurden dem Landesgericht eingeliefert.
2608 4809 3078 4891 Aus aller Welt.
2362 4895 3324 4962 Ein neuer choleraverdächtiger Fall an Bord des
2624 4947 3060 5000 Dampfers „Oceania“.
2986 5007 3320 5052 Trieſt, 30. Juni.
2430 5035 3349 5100 Am Bord des Dampfers „Oceania“ der Auſtro⸗Americana
2331 5075 3351 5143 iſt ein neuer choleraverdächtiger Fall kon⸗
