3488 5358
233 114 449 161 Nr. 16830
810 118 1094 167 Wien, Samstag
1515 121 2109 167 Neue Freie Presse.
2506 126 2755 175 1. Juli 1911
3171 129 3349 177 Seite 23
1046 201 2535 334 INTERNATIONALE
541 379 3044 542 HYGIENE-AUSSTELLUNG
1364 602 2212 698 DRESDEN 1911.
157 736 3402 1190 Weltausstellung für Gesundheitspflege
1368 1207 2201 1291 MAI — OKTOBER.
329 1430 690 1551 Dresden,
717 1437 3236 1504 Sachsens herrliche Residenz, das Wallfahrtsziel vieler Tausende von Besuchern, birgt in diesem Jahre die Welt-
717 1499 3228 1566 ausstellung für Gesundheitspflege in seinen Mauern. Im Herzen der Stadt, in einem prachtvollen Park, dem König-
337 1558 3231 1623 lichen Grossen Garten, erhebt sich ein Komplex von za. 100 Gebäuden in grossartiger architektonischer Einheitlichkeit, weisschimmernd
326 1620 2903 1686 mit grünen Dächern, eine Stadt für sich, Belehrung, Anregung, Zerstreuung und Erholung in gleichem Masse bietend.
493 1701 3226 1763 Der Ausstellung ist die Lösung der Aufgabe gelungen, den Menschen in leicht fasslicher Art über alle Fragen der Gesundheit
325 1761 3227 1826 zu belehren. In einem Palast, „Der Mensch“, etwa 6000 qm bedeckend, wird der Besucher mit ganz neuartigen Methoden und An-
325 1819 3234 1887 schauungsmittel spielend unterrichtet über die Beschaffenheit des menschlichen Körpers in allen seinen Teilen, über seine Lebens-
335 1884 3232 1948 vorgänge, über die Krankheiten und Schädigungen des Körpers und die Möglichkeit ihrer Verhütung; über alles, was mit dem
327 1946 3228 2010 menschlichen Leben zusammenhängt: Arbeit und Erholung, Wohnung und Kleidung; über die Grundsätze einer richtigen Ernährung
321 2003 1896 2066 wird in besonderen grossen Abteilungen das Wissenswerteste dargestellt.
488 2081 3227 2150 So werden jedem Besucher gewissermassen in Unterhaltungsform Schätze an Kenntnissen geboten, die ihm für sein ganzes
323 2144 1479 2206 späteres Leben von ungeahntem Nutzen sein können.
487 2223 3236 2289 In einer Historischen Abteilung bekommt der Beschauer in Tausenden von Gegenständen Kunde von den Anschauungen, die
328 2284 3233 2352 unsere Vorfahren und die alten Völker über den Körper des Menschen und die Gesundheitspflege gehabt haben. In hochinteressanten
329 2346 3221 2412 Vorführungen werden die verschiedenen Sitten und Gewohnheiten, die sich für die Leibespflege herausgebildet hatten, die Ernährungs-
324 2409 1317 2464 weise, die Art des Wohnens u. s. w. gezeigt.
485 2485 3234 2550 In einer grossartigen wissenschaftlichen Abteilung mit 44 Untergruppen findet der Fachmann wie in einem grossen plastischen
323 2546 3224 2612 Lehrbuch und seinen einzelnen Kapiteln, von den hervorragendsten Gelehrten in jahrelanger Arbeit geschaffen, alle wissen-
327 2609 3227 2674 schaftlichen Errungenschaften auf dem Gebiete der modernen Gesundheitspflege streng systematisch und übersichtlich
325 2669 3227 2736 vorgeführt. Eine Sammlung, etwa 12 000 qm bedeckend, wie sie in dieser Vollendung nach dem Ausspruch von Fachleuten kaum
329 2732 3222 2798 in Jahrzehnten wieder zusammenzubringen ist, eine Fundstätte für jeden Hygieniker, für jeden Arzt und Teehniker, Verwaltungs-
321 2790 770 2846 beamten und Lehrer.
480 2868 3219 2936 Eine Sportabteilung zeigt in wissenschaftlicher Darlegung, wie in zahlreichen praktischen Vorführungen auf allen Sportgebieten,
320 2930 3217 2996 welche segensreiche Wirkung eine richtige von Uebertreibungen freie körperliche Betätigung auf den Menschen und jedes Lebens-
311 2992 607 3045 alter ausübt.
478 3069 3219 3136 Umrahmt und ergänzt wird jede dieser Abteilungen von zahlreichen Darbietungen der gewaltig entwickelten Industrie, (zirka
329 3132 3216 3194 56.000 qm umfassend), die die praktischen Beispiele zu den wissenschaftlichen Ausstellungen vorführt, die zeigt, wie weit die moderne
320 3195 3218 3256 Industrie heute schon die hygienischen Erkenntnisse nutzbar gemacht hat und Anregungen für das gibt, was von ihr noch gefördert
320 3254 619 3308 werden muss.
477 3327 3219 3394 In der Herkulesallee (der Völkerstrasse), an deren beiden Seiten die Paläste der fremden Staaten, grossartige hygienische Museen
323 3392 3210 3456 bergend, sich erheben und die das ganze Gebiet als Hauptverkehrsader durchzieht, flutet ständig ein gewaltiger Menschenstrom, hört
319 3457 3222 3517 man alle Kultursprachen der Erde. Die Ausstellung bietet ein Leben und Treiben, wie man es sonst nur in einem grossen Weltkurort
319 3518 599 3568 finden kann.
478 3590 3222 3657 Neben dem internationalen Besucherpublikum finden sich auch zahlreiche Vertreter fremder Völker, die in nationaler Eigenart
328 3657 3209 3718 ihre Sitten und Gebräuche vorführen. So sieht man in der Abteilung Ostasien japanische Kunsthandwerker; japanische Geishas, die
319 3714 3215 3779 Tänze und Weisen aus ihrer Heimat vortragen, indische Tanzmädchen (Nautchgirls) und Zauberer; ein äthiopisches Dorf gewährt
323 3775 3214 3834 Einblick in die Lebensweise der Bewohner des nordafrikanischen Hochlandes und ihrer Nachbarvölker. Im arabischen Café finden sich
315 3837 3209 3900 echte Derwische, Allmeh's Bauchtänzerinnen und arabische Musik, und chinesische Rikshas vermitteln den Verkehr auf dem weit-
318 3898 929 3954 läufigen Ausstellungsterrain.
547 4100 2990 4162 Die Beurteilung iſt eine ſelten einmütige, wie ſie eine Ausſtellung ſeit Menſchengedenken nicht gefunden hat!
250 4187 1205 4226 . . . Es iſt nicht daran zu zweifeln, daß die Internationale
166 4222 1213 4260 Hygiene⸗Ausſtellung nach Inhalt und äußerer Ausgeſtaltung die
166 4259 1148 4298 bedeutendſte aller bisherigen deutſchen Ausſtellungen ſein wird.
715 4300 1204 4344 (Frankfurter Zeitung.)
254 4383 1211 4426 Die Dresdner Hygiene⸗Ausſtellung. . . iſt wohl die groß⸗
168 4421 1208 4459 artigſte Unternehmung auf dem Gebiete der Hygiene, die je die
163 4458 1210 4497 Welt geſehen hat. (Neues Wiener Journal.)
247 4544 1208 4583 . . . Dieſe überwältigende Anteilnahme iſt ſchon ein Beweis,
167 4578 1209 4617 daß die Internationale Hygiene⸗Ausſtellung weit über Dresden und
162 4614 1208 4653 Sachſen hinaus eine Bedeutung gewonnen hat, wie ſie Veran⸗
166 4649 1208 4691 ſtaltungen auf dieſem Gebiet bisher kaum zukamen. (Der Tag.)
251 4745 1206 4782 . . . Die große Schau iſt weit mehr und bedeutet etwas viel
165 4778 1206 4819 Wichtigeres, als der beſcheidene Name „Hygiene⸗Ausſtellung“ ver⸗
161 4815 1204 4853 muten läßt. . . Die berühmteſten Mediziner aus allen Ländern
164 4849 1205 4888 der Erde haben ſich zu einem erlauchten Areopag zuſammengetan,
167 4885 1205 4923 um in einem imponierenden und geſchloſſenen Ganzen die Größe
162 4919 1205 4959 und ungeheure Mannigfaltigkeit der Aufwendungen darzuſtellen,
163 4955 1205 4992 die heute für das höchſte Gut der Menſchheit, die Geſundheit,
164 4988 1206 5031 überall gemacht werden. (Berliner Tageblatt.)
249 5072 1207 5113 . . . Eine Stadt, eine Stätte der Geſundheit iſt dieſe Aus⸗
166 5108 1210 5148 ſtellung. . . . Ein Werk, wie es großartiger bisher nicht dem
167 5145 1207 5190 Gedanken der Hygiene diente, einer Kulturtat, auf die wir ſtolz
1247 4187 2283 4229 ſein können. Und nicht nur wir, die geſamte, ziviliſierte Welt
1245 4227 2287 4265 mit uns. . . . (Neue Freie Preſſe, Wien.)
1330 4294 2289 4335 . . . Die Internationale Hygiene⸗Ausſtellung in Dresden be⸗
1243 4331 1803 4367 deutet eine Kulturtat erſten Ranges.
1605 4375 2282 4418 (Leipziger Neueſte Nachrichten.)
1334 4441 2293 4481 . . . In dieſer Wirkung und in der Durchdringung der breiten
1244 4479 2295 4516 Maſſe mit hygieniſcher Erkenntnis liegt die Bedeutung der Aus⸗
1246 4514 2061 4550 ſtellung. Sie will namentlich der Aufklärung dienen.
1861 4559 2281 4595 (Kölniſche Zeitung.)
1331 4624 2286 4665 So wie dieſe Ausſtellung aufgebaut iſt, wo alles darauf abzielt,
1243 4662 2287 4700 Laien und Fachleuten Wiſſen und Belehrung in der leichteſten,
1247 4697 2287 4736 anſchaulichen Form darzubieten, darf man ſicher ſein, daß ſie
1246 4732 2290 4771 nutzbringend ſein werde für Millionen von Menſchen. Jeder wird
1240 4766 2285 4806 belehrt und bereichert in ſeinem Wiſſen um die menſchliche Geſund⸗
1244 4801 2286 4842 heit und die Gefahren, die ihr gerade in unſerer Zeit drohen, . . .
1480 4841 2281 4885 (Königsberger Hartungſche Zeitung.)
1329 4914 2282 4954 . . . Ihre ſegensreiche, nutzbringende Ausſtrahlung wird unſer
1237 4949 2285 4990 Volk und Vaterland noch ſpüren, wenn ſich ſchon längſt die
1239 4985 2281 5023 Pforten zum Ausſtellungsplatze in Dresden wieder geſchloſſen
1244 5019 2281 5059 haben werden. (Leipziger Tageblatt.)
1331 5081 2276 5119 . . . Eines ſteht heute ſchon feſt: Die Internationale Hygiene⸗
1236 5115 2280 5154 Ausſtellung zu Dresden wird die deutſche Ausſtellung des
1235 5150 2278 5194 Jahres 1911 ſein. (Rheiniſch⸗Weſtfäliſche Zeitung, Eſſen.)
2410 4191 3364 4232 . . ein epochemachendes Unternehmen iſt, wohl geeignet,
2324 4227 3278 4267 die Gewohnheiten vieler Menſchen in neue Bahnen zu lenken.
2917 4272 3359 4311 (Dresdner Anzeiger.)
2408 4326 3364 4371 Mit der in Dresden eröffneten Hygiene⸗Ausſtellung iſt ein
2321 4366 3369 4403 großartiges, in der Geſchichte einzig daſtehendes Werk vollendet
2323 4403 3366 4448 worden. (La Plata⸗Zeitung, Buenos Aires.)
2398 4461 3370 4499 . . . Die Ausſtellung ſtellt eine plaſtiſche Geſchichte der menſch⸗
2318 4496 3366 4540 lichen Kultur dar. (Bohemia.)
2403 4557 3365 4597 . . . Die Internationale Hygiene⸗Ausſtellung bedeutet eine
2323 4592 3363 4630 gewaltige Tat, zu deren Ausführung ſich Wiſſenſchaft, Technik
2322 4628 3359 4668 Induſtrie und Kunſt aus aller Herren Länder die Hand gereicht
2321 4662 3361 4704 haben. (Hamburger Nachrichten.)
2410 4723 3358 4761 . . . Die Ausſtellung ſtellt einen Triumph deutſcher Organi⸗
2324 4756 3356 4797 ſationskunſt, deutſcher gründlicher Arbeit und Wiſſenſchaft dar.
2314 4790 3356 4831 Sie iſt ſo lehrreich und ſo reichhaltig, wie man dies von einer
2316 4826 3358 4867 ſolchen Ausſtellung auch bei hoch geſtellten Anſprüchen kaum hätte
2317 4860 3353 4905 erwarten können. (Tägliche Rundſchau.)
2401 4922 3355 4962 . . . Es iſt wohl das erſte Mal, daß ein Problem von ſolchem
2320 4956 3358 4995 Ernſt einem internationalen Maſſenpublikum vorgelegt wird, und
2321 4989 3357 5032 man kann nur hoffen, daß der Reſpekt, der damit den Beſuchern
2317 5026 3356 5067 gezeigt wird, gerechtfertigt wird. Das ſtille Dresden iſt eine
2316 5063 3357 5104 Weltſtadt geworden. (Schleſiſche Zeitung.)
2403 5121 3353 5159 . . . Die Ausſtellung darf als eine der großartigſten Leiſtungen
2317 5154 3355 5201 auf dieſem Gebiete betrachtet werden. (Mediziniſche Klinik.)
