3168 4834
206 121 732 174 Samstag den 1. Juli 1911.
1273 113 1824 165 Innsbrucker Nachrichten
2491 97 2877 147 Nr. 148. Seite 17
461 218 764 314 Aufruf!
200 326 1069 376 Als Theodor Chriſtomannos am 30. Jänner
161 372 1071 421 ſtarb, lag der Roſengarten in ein weißes Bahr⸗
161 415 1071 468 tuch gehüllt. Schweigſame Trauer überall auf
160 463 1072 511 den hohen Felſen, und als man ihn zu Grabe
159 505 1072 559 trug, leuchtete es im Widerſchein der ſinken⸗
162 549 1072 601 den Sonne wie ein Abſchiedsgrüßen ringsum
161 596 1072 646 von den beſchneiten Felshäuptern. Die Abend⸗
162 637 1072 691 ſchatten ſtiegen höher, nur die Spitze des Roſen⸗
162 687 1074 735 gartens ſtand noch in letzter Glut wie eine
161 735 382 779 Totenfackel.
201 774 1074 823 Dort oben, wo der Tag am längſten iſt,
162 820 1075 868 wo ihn Tauſende abends mit ſtummer Andacht
164 864 1074 914 verlöſchen ſehen, wollen Freunde ein einſames
165 908 1077 958 Erinnerungszeichen errichten. Theodor Chriſto⸗
166 953 1078 1001 mannos hatte den Roſengarten und das ſtille
167 999 1078 1044 Gartl lieb, und immer wieder, von Jugend
168 1045 1079 1092 an, zog es ihn hinauf. Dort oben hatte er
167 1088 1079 1138 als junger Mann geſtanden, ehe die Forſte
167 1134 1079 1181 von Kar und Latemar gelichtet waren, ehe
167 1180 1081 1227 Hütten ſtanden und Straßen über die Päſſe
168 1224 1080 1272 führten, erfüllt von Bergesfreude und Zukunfts⸗
169 1268 1082 1314 plänen. Dort oben ſtand er wieder, viele Jahre
170 1309 1083 1360 ſpäter, und ſah das Aufblühen und das Er⸗
172 1354 1082 1407 wachen der Täler, erfüllt von Dank und Freude
169 1406 519 1449 an ſeiner Arbeit.
198 1447 1083 1494 Dort oben ſoll ein bleibendes Zeichen ſeinen
165 1491 1084 1540 Namen lebendig erhalten, den Bergſteigern ein
167 1536 1083 1584 ſichtbarer Gruß, denen unten im Tale ein dank⸗
166 1581 972 1627 bares Erinnern, ſo oft ſie hinaufſehen.
217 1624 1084 1675 Am Felshang des Weſtgrates, unweit der
172 1669 1086 1719 Spitze, ſoll ohne künſtliches Mauerwerk ein
171 1716 1086 1764 großer, etwa 1.20 Meter hoher Adler aus
171 1762 1086 1808 dunkler Bronze angebracht werden, wie er, von
172 1805 1086 1852 hohem Fluge kommend, ſich an die Felswand,
174 1851 1087 1896 noch halb ſchwebend, ankrallt, die Schwingen
172 1894 1087 1942 in letzter Bewegung, den Kopf erhoben, nach
174 1942 481 1983 Süden ſpähend.
221 1980 1089 2029 Ein ſchmales Bronzeband am Geſtein dar⸗
175 2030 796 2076 unter ſoll die Inſchrift tragen:
328 2090 943 2137 Theodor Chriſtomannos
445 2142 823 2190 zum Andenken.
224 2202 1091 2253 Wer Theodor Chriſtomannos nahe ſtand und
180 2250 1091 2297 weiß, was er ſeinen Freunden und ſeiner Heimat
181 2297 957 2346 war, wird um einen Beitrag gebeten.
179 2354 1095 2408 Dr Georg Hirzel, Leipzig. Dr. Hermann Mu⸗
180 2409 1091 2462 melter, Bozen. Dr. Otto v. Sölder, Meran.
226 2468 1094 2520 Beiträge werden erbeten in Oſterreich an die
184 2518 1094 2566 Sektion Bozen des D. u. O. Alpenverein oder
181 2565 1095 2612 an die Verwaltung der „Innsbrucker Nachrich⸗
182 2609 1096 2655 ten“, in Deutſchland an Dr. Georg Hirzel,
183 2651 1096 2700 Leipzig, Königſtr. 2. Auch die kleinſte Gabe
183 2699 493 2743 iſt willkommen.
262 2785 1013 2862 Inſekten als Bücherfeinde.
231 2880 1102 2926 Die ſeinerzeit durch die Preſſe gegangene
189 2925 1101 2970 Nachricht, daß in Buenos⸗Aires eine Biblio⸗
189 2970 1103 3016 thek in einer Nacht von Ameiſen zerſtört wor⸗
189 3014 1101 3060 den ſein ſoll, gab dem Buchhändler⸗Börſen⸗
190 3059 1103 3105 blatte Veranlaſſung zu einem ſehr hübſchen und
191 3104 1103 3153 inhaltsreichen Aufſatze über die Tätigkeit von
191 3149 1104 3196 Inſekten als Bücherfeinde, aus dem einige be⸗
191 3196 1104 3238 ſonders anziehende Einzelheiten mitgeteilt ſein
191 3239 331 3281 mögen.
237 3282 1105 3328 Daß manche Inſekten in heißen und feuch⸗
190 3327 1105 3371 ten Ländern, z. B. auf den Antillen, den
192 3372 1106 3420 Philippinen, in Südamerika uſw. außerordent⸗
192 3418 1106 3462 liche Verheerungen unter Büchern anrichten
191 3461 1106 3505 können, iſt Tatſache; Houlbert berichtet von
192 3505 1106 3552 einem Falle, wo eine Sammlung von mehreren
192 3551 1107 3596 tauſend Büchern in der Zeit von zwei Jahren
193 3594 1107 3641 der Tätigkeit von Inſekten völlig zum Opfer
194 3639 1107 3683 gefallen iſt. Unter dieſen bücherfeindlichen In⸗
195 3683 1108 3727 ſekten iſt ja nun der altberühmte oder viel⸗
196 3725 1108 3772 mehr altberüchtigte Bücherwurm die klaſ⸗
198 3772 1109 3817 ſiſche Geſtalt. Der Bücherwurm wird von den
198 3816 1110 3862 Bücherfreunden ſchon ſeit Jahrhunderten mit
199 3860 1110 3904 ihrem vollen Haſſe beehrt. Bereits Lucian und
200 3905 1110 3951 andere antike Schriftſteller ſprechen von ihm,
200 3949 1112 3995 Parnell hat ihm eine nicht gerade wohlwol⸗
199 3995 1111 4040 lende Ode, Pierre Petit 1683 ein langes latei⸗
200 4037 1111 4085 niſches Schmähgedicht gewidmet. Um ſo merk⸗
201 4083 1111 4129 würdiger, daß beſagter Bücherwurm im gan⸗
200 4128 1113 4173 zen ſehr lange, ja bis in die allerjüngſte Zeit
201 4172 1112 4216 hinein eine recht rätſelhafte und chamäleon⸗
199 4216 703 4260 artige Figur geblieben iſt.
247 4261 1113 4304 Die früheſte Beſchreibung des Bücherwurms
199 4304 1114 4349 findet ſich in Hookes 1665 zu London auf
199 4346 1113 4398 Koſten der Royal Society gedruckter „Micro⸗
1092 213 2005 265 graphia“, aber dieſe Beſchreibung iſt wunder⸗
1094 256 2009 309 lich durch ihren Reichtum an Gegenſätzen. Sie
1095 302 2008 354 vereinigt nämlich die genaueſte mikroſkopiſche
1094 346 2009 397 Beobachtung mit den derbſten Schnitzern und
1095 390 2009 441 im ganzen ſcheint das Tier, das Hooke be⸗
1096 433 2009 481 ſchreibt, dem Silberfriſchchen oder Zuckergaſt
1097 477 2009 528 (Lepisma zaccharina) nahe zu ſtehen. Die En⸗
1097 523 2009 575 tomologen haben der Naturgeſchichte des Bücher⸗
1099 565 2009 618 wurms anſcheinend nicht viel Aufmerkſamkeit
1098 610 2011 664 geſchenkt und ſelbſt über die ihm zukommende
1096 656 2012 708 zoologiſche Bezeichnung hat noch bis in die
1096 702 2012 751 neueſte Zeit hinein Meinungsverſchiedenheit ge⸗
1098 744 2012 795 herrſcht. Den wiſſenſchaftlichen Ausgangspunkt
1099 790 2014 837 der Kenntnis dieſes Bücherfeindes bildete der
1099 833 2015 884 Kampf, den die Univerſitätsbibliothek Göttin⸗
1100 876 2015 927 gen 1775 gegen die Bücherwürmer unternahm,
1100 921 2015 972 als ſie ihre Schätze von ihnen bedroht ſah.
1099 966 2014 1015 Sie eröffnete nämlich ein Preisausſchreiben für
1102 1006 2015 1063 die beſte Beantwortung folgender Fragen: „Wie⸗
1103 1054 2015 1106 viel Arten Inſekten gibt es, die den Biblio⸗
1103 1098 2017 1148 theken und Archiven ſchädlich ſind? Welchen
1102 1145 2017 1194 Teil der Bücher greift jedes Inſekt vorzugs⸗
1104 1188 2017 1239 weiſe an? Welches ſind die beſten Mittel zur
1104 1232 2019 1284 Vertilgung der Inſekten?“ Die drei in die⸗
1105 1276 2018 1328 ſem Wettbewerbe ſiegreichen Preisſchriften
1105 1322 2019 1372 wurden 1775 zuſammen veröffentlicht und bil⸗
1105 1364 2016 1414 den die erſte ſolide Unterſuchung unſerer Frage.
1108 1410 2020 1458 Weitere Preisausſchreiben darüber ſind 1842
1107 1453 2020 1504 und im Anſchluß an den Kongreß der Biblio⸗
1106 1498 2020 1548 thekare in Paris im Jahre 1900 erlaſſen wor⸗
1106 1543 2022 1593 den; die erfolgreichſten neueren Unterſuchungen
1106 1588 2021 1639 ſtammen von dem bereits erwähnten Houlbert.
1149 1633 2024 1683 Es ſteht heute feſt, daß wir es nicht mit
1108 1677 2024 1729 einem Bücherwurme, ſondern mit einer gan⸗
1108 1723 2022 1772 zen Anzahl von Bücherſchädlingen zu tun haben.
1110 1767 2024 1815 Die Mehrzahl davon, beſonders die Koleop⸗
1112 1809 2023 1858 teren und Lepidopteren, leben im Zuſtande der
1111 1854 2028 1905 Larve viel länger, als in dem des ausgebil⸗
1113 1897 2026 1947 deten Inſektes und richten daher ihre Hauptver⸗
1111 1944 2024 1994 wüſtungsarbeit während ihrer Larvenperiode an.
1113 1987 2025 2037 Mit beſonderer Vorliebe werden Holzgeſtelle und
1115 2033 2027 2083 Holzmöbel in alten Bibliotheken zur Ablage
1116 2079 2028 2126 der Eier ſolcher Inſekten gewählt, und nach dem
1115 2121 2026 2172 Auskriechen nähren ſich die Larven von Zel⸗
1118 2165 2030 2219 luloſe, freſſen in den Trägern, Pfoſten, Wän⸗
1115 2210 2029 2261 den uſw. gewundene Galerien, und wenn ſie
1117 2256 2025 2304 auf ihrem Wege an Bücher kommen, ſo freſſen
1117 2301 1723 2347 ſie ſich auch durch dieſe durch.
1161 2342 2032 2390 Einer der Hauptübeltäter iſt der Brot⸗ oder
1118 2389 2031 2438 Bücherkäfer (Anobium paniceum) alſo ge⸗
1118 2431 2030 2480 nannt, weil er 1721 von dem Paſtor Friſch
1119 2477 2031 2524 in Berlin zum erſtenmale in einem Stücke ver⸗
1123 2521 2031 2574 trockneten Roggenbrotes gefunden worden iſt.
1121 2565 2032 2614 Die Larven dieſer Käfer haben einen beſon⸗
1121 2610 2033 2658 deren Appetit auf ſtärkehaltige Stoffe, als wie
1121 2655 2031 2703 Mehlkleiſter, geleimtes Papier, Oblaten uſw.,
1123 2697 2033 2747 und um dieſe Leckerbiſſen zu erlangen, boh⸗
1123 2745 2036 2792 ren ſie zuweilen ſehr lange Stollen durch harte
1126 2786 2037 2838 Körper, die ihnen ſonſt gar keinen Nährwert
1124 2832 2038 2881 bieten. Dr. Hagen hat ein ganzes Fach von
1124 2878 2037 2925 mehr als 200 Jahre alten Büchern geſehen,
1126 2922 2037 2969 die ihrer ganzen Breite nach von der Larve
1125 2964 2036 3014 dieſes Käfers durchbohrt waren. Eine ſehr hübſche
1126 3008 2038 3059 Erzählung von der Tätigkeit der Larven von
1127 3056 2036 3103 Oecophora pseudosperetella und von Anobium
1129 3101 2038 3148 pertinax als Bücherſchädlinge hat Blades ge⸗
1127 3146 2039 3192 geben: er hat nämlich einen Schöfferdruck vom
1127 3191 2038 3240 Jahre 1475 geſehen, wo eine ganze Brutſippe
1128 3237 2038 3286 dieſer Würmer ein richtiges Wettfreſſen ange⸗
1128 3283 2039 3334 ſtellt hat. Es iſt genau zu beobachten, wie
1131 3326 2043 3377 ſchon in den erſten zehn Blättern die 153 ſchwäch⸗
1130 3371 2041 3420 ſten Würmer kläglich zurückbleiben, dann die
1129 3415 2042 3465 Freſſer ſich immer mehr vermindern, ſchließ⸗
1131 3460 2042 3508 lich ein Kopf⸗an⸗Kopf⸗Wettfreſſen zwiſchen den
1130 3503 2043 3553 beiden Hauptmalefikanten ſtattfindet, bis am
1131 3549 2044 3599 Ende der leiſtungsfähigſte allein noch weiter⸗
1132 3598 1285 3636 arbeitet.
1176 3635 2044 3684 Der Bücherwurm hat aber heute keine guten
1131 3680 2044 3730 Zeiten mehr. Alte Drucke werden doch heute
1132 3725 2045 3774 ſehr gut aufbewahrt und gepflegt und moderne
1132 3768 2045 3818 Bücher mit ihrem Kaolin⸗, Gips⸗ und Scherpa⸗
1134 3814 2044 3865 gehalte ſind ihm unappetittlich. Anderes Unge⸗
1136 3860 2045 3909 ziefer iſt aber im ganzen den Büchern weniger
1134 3902 2046 3954 gefährlich. Das bereits erwähnte Silberfiſchchen
1135 3947 2046 3996 iſt ziemlich harmlos. Auch ein paar andere
1132 3990 2045 4040 Schädlinge kommen erſt in zweiter Linie in
1133 4041 1301 4083 Betracht.
1183 4078 2047 4127 Gelegentliche Bücherfeinde ſind auch Ratten
1133 4124 2046 4172 und Mäuſe. Bei einer Ausbeſſerung der Dom⸗
1135 4166 2047 4214 kapitelsbibliothek von Weſtminſter machte ſich
1139 4213 2046 4260 ein Rattenpaar ein Neſt, das es mit abgenagten
1136 4256 2047 4304 Blättern aus den Büchern der Sammlung ſehr
1139 4300 2049 4351 mollig austapezierte. Dem glücklichen Fami⸗
1135 4344 2047 4392 lienleben wurde dadurch ein tragiſches Ende
2028 196 2938 254 geſetzt, daß die Maurer das Loch eines Tages
2030 242 2941 298 zumachten. Bei einer neuerlichen Ausbeſſerung
2029 285 2941 343 vor einigen Jahren fand man auch das Neſt
2031 330 2946 387 wieder, und jetzt ſind die Knochen dieſer bücher⸗
2032 374 2940 428 feindlichen Ratten und die Papierſtücke, mit
2030 418 2943 471 denen ſie einſt ihre Wohnung möbliert haben,
2031 460 2941 516 in einem Glaskaſten im Kapitelshauſe von Weſt⸗
2031 513 2384 562 minſter zu ſehen.
2293 605 2672 668 Neue Bücher.
2032 684 2904 732 Charlotte Lady Blennerhaſſett, Streiflichter, K 6.—.
2034 719 2939 766 Prof. Dr. Baron Cay v. Brockdorff, Die wiſſenſchaft⸗
2066 757 2880 803 liche Selbſterkenntnis, K 4.20, geb. K 4.80.
2034 791 2944 839 J. C. E. Falis, Drei Jahre in der Libyſchen Wüſtee,
2072 838 2230 873 K 10.20.
2036 854 2943 911 Fiſcher's Bibliothek zeitgenöſſiſcher Romane, III. Jahr⸗
2073 896 2949 945 gang, Band 10. Felix Hollaender, Das letzte Glück.
2069 944 2209 979 K 1.20.
2037 966 2946 1016 Juliane Karwath, Die drei Thedenbrinks. Ein Klein⸗
2068 1009 2678 1050 ſtadtroman. K 4.80, geb. K 6.—.
2037 1038 2948 1089 Moltke, Brieſe aus der Türkei 1835 bis 1839.
2075 1087 2232 1117 K 10.80.
2038 1110 2948 1159 Prof. Dr. J. W. Otto Richter, Für's Vaterland. Jahr⸗
2075 1151 2646 1193 hundert⸗Erinnerungen. K 7.20.
2039 1180 2950 1226 Otto Soyka, Das Herbarium der Ehe. Roman. K 4.80.
2038 1217 2946 1262 Baron Woldemar Uxkull, Die Schwurbrüder. K 3.—,
2075 1263 2296 1301 geb. K 4.20.
2039 1286 2949 1336 Fedor v. Zobeltitz, Ein Schlagwort der Zeit. Roman.
2080 1331 2463 1372 K 3.60, geb. K 4.80.
2041 1359 2945 1406 Kate Douglas Wiggin, Robinetta (Tauchnitz ed.) K 1.92
2047 1414 2941 1484 Vorrätig in der Wagner'ſchen Univ.⸗
2192 1476 2799 1544 Buchhandlung, Innsbruck.
2085 1580 2904 1652 Detailfleiſchpreiſe in Innsbruck
2192 1659 2810 1705 vom 25. Juni bis 1. Juli 1911.
2100 1713 2893 1758 Laut Erhebung des ſtädt. Marktkommiſſariates.
2827 1764 2936 1804 K h
2045 1819 2803 1872 Rindfleiſch: Vorderes mit 25 % Zuwage
2377 1864 2816 1909 „ ohne Zuwage
2816 1820 2882 1862 1
2816 1863 2882 1902 2
2903 1819 2955 1861 80
2902 1872 2953 1899 —
2323 1908 2802 1958 Hinteres mit 25 % Zuwage
2395 1953 2803 2001 „ ohne Zuwage
2816 1909 2885 1951 2
2816 1953 2890 1998 2
2890 1908 2955 1948 —
2903 1953 2956 1991 40
2323 2000 2705 2046 Roſtbeef und Beiried
2822 2000 2887 2043 2
2907 1998 2956 2037 20
2326 2043 2581 2093 Lungenbraten
2820 2043 2884 2089 2
2900 2042 2957 2086 20
2049 2099 2806 2156 Kalbfleiſch: Vorderes mit 25 % Zuwage
2398 2146 2805 2191 „ ohne Zuwage
2822 2100 2887 2141 2
2822 2145 2888 2185 2
2905 2107 2959 2141 —
2906 2144 2957 2181 40
2328 2189 2806 2241 Hinteres mit 25 % Zuwage
2396 2236 2808 2280 „ ohne Zuwage
2327 2278 2524 2325 Ausgelöst
2822 2191 2892 2223 2
2819 2236 2891 2267 2
2815 2279 2897 2317 4
2907 2189 2958 2230 40
2908 2230 2959 2270 80
2897 2278 2959 2316 —
2329 2325 2576 2371 Einmachfleiſch
2822 2323 2889 2357 1
2909 2321 2957 2364 80
2052 2379 2807 2433 Schaffleiſch: Vorderes mit 25 % Zuwage
2414 2424 2808 2470 „ ohne Zuwage
2821 2380 2890 2414 1
2818 2423 2891 2458 1
2902 2380 2958 2413 32
2905 2422 2957 2457 56
2331 2471 2807 2519 Hinteres mit 25 % Zuwage
2405 2515 2807 2559 „ ohne Zuwage
2823 2467 2892 2503 1
2819 2512 2892 2547 1
2905 2467 2956 2501 56
2906 2511 2966 2545 80
2056 2558 2808 2607 Schweinefleiſch: Jung mit 25 % Zu⸗
2465 2610 2547 2649 wage
2837 2599 2881 2638 2
2904 2603 2965 2633 —
2427 2651 2775 2695 Jung ohne Zuwage
2424 2692 2808 2740 Abgezogen m. 25 % Zu⸗
2475 2742 2564 2781 wage
2829 2648 2883 2681 2
2837 2733 2881 2771 2
2893 2645 2965 2680 20
2902 2739 2960 2775 20
2430 2783 2813 2828 Abgezog. ohne Zuwage
2427 2827 2604 2870 Teilſames
2832 2781 2883 2814 2
2834 2825 2883 2858 2
2908 2782 2963 2812 40
2906 2827 2964 2858 10
2427 2873 2660 2915 Geräuchertes
2765 2871 2888 2907 2—2
2913 2871 2962 2904 20
2059 2962 2969 3032 En-gros-Preiſe in der Innsbrucker
2264 3032 2752 3105 Fleiſchmarkt-Halle
2183 3112 2827 3161 vom 25 Juni bis 1. Juli 1911.
2201 3169 2780 3220 Preiſe in Kronen per Kilogramm:
2059 3223 2481 3271 Rindfleisch, vorderes
2773 3220 2969 3262 1·52—1·64
2164 3268 2474 3316 „ hinteres
2770 3266 2973 3307 1·62—1·70
2061 3314 2537 3362 Kälber ausgeweidet
2766 3310 2972 3351 1·72—1·84
2062 3360 2441 3406 Lämmer „
2768 3354 2971 3397 1·16—1·28
2064 3404 2444 3449 Schafe „
2769 3399 2972 3440 1·52—1·56
2066 3449 2444 3493 Schweine „
2769 3441 2974 3486 1·60—1·76
2064 3493 2447 3539 Kitze „
2770 3489 2974 3527 1·54—1.68
2104 3540 2883 3585 Jeden Samstag iſt Schweine⸗ und Ferkelmarkt.
2064 3584 2969 3629 Auftrieb bezw. die Zufuhr betrug am letzten Samstag
2065 3621 2971 3663 (24. Juni) Ferkel und Schweine, lebend, 92 Stück,
2063 3661 2401 3700 ausgeweidet 36 Stück.
2108 3729 2929 3799 Auszug aus dem Amtsblatte
2131 3804 2910 3852 zum „Boten für Tirol und Vorarlberg“.
2307 3853 2739 3891 Nr. 139 vom 20. Juni.
2102 3904 2977 3947 (Stellenausſchreibung.) Zu beſetzen ſind:
2068 3939 2981 3983 Eine Amtsdienerſtelle im Bereiche der Finanzlandes⸗
2070 3976 2976 4016 direktion Innsbruck; Geſuche binnen vier Wochen.
2069 4011 2975 4053 Ferner eine Dienerſtelle bei der Bezirkshauptmann⸗
2069 4053 2312 4090 ſchaft Landeck.
2101 4092 2976 4134 (Klageverfahren.) Wider Alois Smertnig,
2071 4127 2976 4167 Tiſchlermeiſter, zuletzt in Franzensfeſte, deſſen Auf⸗
2073 4162 2978 4204 enthalt unbekannt iſt, wurde beim Bezirksgerichte in
2072 4197 2978 4241 Sterzing wegen 78 Kronen eine Klage angebracht und
2071 4232 2979 4274 auf Grund derſelben Tagſatzung für 26. Juni bei die⸗
2073 4274 2502 4309 ſem Gerichte anberaumt.
2104 4312 2973 4353 (Verſteigerung.) Am 15. Juli findet im Rei⸗
2073 4346 2980 4390 fergaſthauſe in Franzensfeſte die Verſteigerung der
