3488 5345
201 205 325 238 Seite 8
956 200 1235 244 Wien, Samstag
1489 203 2066 238 Neue Freie Presse.
2321 201 2552 239 6. Juli 1895
3092 202 3276 240 Nr. 11085
157 279 1178 323 Woeſte, den Bericht über das neue Schulgeſetz vor, welches
156 317 1180 359 durch die Einführung des obligatoriſchen Religions⸗Unterrichtes
156 356 1179 398 in der Volksſchule, wovon Kinder nur auf förmlichen Antrag
155 394 1180 439 ihrer Eltern und Vormünder dispenſirt werden können, nicht nur
156 434 1181 477 die Schullehrer, ſondern auch gleichzeitig die Eltern unter die
155 471 1180 517 Aufſicht der Geiſtlichkeit ſtellt. Trotz der hochgradigen Aufregung,
154 510 1180 556 welche das zu Parteizwecken erſonnene neue Schulgeſetz im Lande
153 548 1179 594 hervorruft, iſt die zerklüftete liberale Partei ohne anerkannte
155 586 1184 633 Führer zu ſchwach, um deſſen Annahme, ja ſogar deſſen Ver⸗
155 625 1182 672 ſchärfung durch die erdrückende clericale Majorität zu verhindern.
229 671 1183 717 London, 5. Juli. Geſtern wurde zu Ehren der Delegirten
155 709 1182 752 des internationalen Eiſenbahn⸗Congreſſes im
155 748 1181 795 Imperial Inſtitute von den engliſchen Eiſenbahn⸗Geſellſchaften ein
155 787 1181 833 Diner gegeben. Lord Stalbridge präſidirte. Oeſterreich⸗
154 826 1182 873 Ungarn war an der Ehrentafel durch den Präſidenten der Un⸗
154 864 1182 913 gariſchen Staatsbahnen, Miniſterialrath Ludvigh und Hofrath
153 905 1183 948 Jeitteles vertreten; ferner waren aus Oeſterreich noch an⸗
154 941 1182 990 weſend Regierungsrath Rimböck und General⸗Inſpector Pauer
154 980 1182 1024 von der Staatseiſenbahn⸗Geſellſchaft, Ober⸗Inſpector Schüler
155 1018 1184 1062 von der Südbahn, der Präſident der Lemberg⸗Czernowitzer Bahn,
154 1058 1183 1106 Ingenieur Ziffer, der Vice⸗Präſident der Aſpangbahn, Franz
154 1095 1184 1141 Grünebaum, endlich der Ober⸗Inſpector der Ferdinands⸗
154 1135 1181 1182 Nordbahn, Löhr. Lord Stalbridge hielt die Begrüßungsrede,
156 1174 1183 1222 ihm antwortete Präſident Ludvigh mit einem ſehr beifällig auf⸗
156 1213 1183 1261 genommenen Toaſt auf die engliſche Nation. Montag findet ein
157 1250 1182 1300 großes Diner ſämmtlicher Delegirten der Eiſenbahn⸗Geſellſchaften
155 1292 881 1336 im Kryſtallpalaſte mit einem Feuerwerke ſtatt.
242 1338 1184 1384 Boſton, 5. Juli. (Depeſche der Central News of
156 1380 1183 1430 Germany.) Ein Aufzug proteſtantiſcher Irländer
156 1424 1183 1470 wurde von iriſchen Nationaliſten der katholiſchen
156 1465 1183 1515 Partei angegriffen und trotz polizeilicher Hilfe geſprengt.
157 1511 1184 1556 Von den Proteſtanten wurden mehrere getödtet
153 1551 1183 1597 und viele verwundet. Die Stadt iſt in unbeſchreiblicher
155 1596 1181 1644 Aufregung. Der Gouverneur erließ eine Proclamation, und
155 1638 1182 1683 der Staatsanwalt erhob die Anklage gegen die Häupter
157 1684 1184 1730 der katholiſchen Partei, welche die Vertrauensmänner der
155 1730 369 1772 Diöceſe ſind.
233 1774 1183 1821 Belgrad, 5. Juli. Wie hier verlautet, hätte zwiſchen
154 1815 1184 1861 ſerbiſchen Bauern aus Veliko Selo und ungariſchen
156 1853 1183 1898 Finanzwachmännern auf der ungariſchen Donau⸗Inſel
154 1890 1185 1938 nächſt Semendria ein Zuſammenſtoß ſtattgefunden und wäre
156 1931 1184 1973 dabei ein Bauer, Namens Peter Koſtic, erſchoſſen worden.
241 1976 1184 2024 Buenos⸗Ayres, 5. Juli. (Depeſche der Central
157 2021 1184 2069 News of Germany.) Der italieniſche Geſandte ver⸗
155 2064 1185 2113 läßt heute die Stadt, nachdem die politiſchen Be⸗
155 2107 1183 2157 ziehungen mit Argentinien und den verbündeten Ländern
162 2153 673 2200 officiell abgebrochen ſind.
243 2234 1181 2278 Wie der Pol. Corr. aus Petersburg unter dem
157 2278 1184 2328 Heutigen gemeldet wird, wird die Convention in Be⸗
158 2321 1183 2367 treff der chineſiſchen Anleihe morgen dortſelbſt
157 2367 598 2411 unterzeichnet werden.
362 2450 981 2498 Der Stapellauf der „Wien“.
410 2500 919 2529 (Telegramme der „Neuen Freien Preſſe“.)
232 2536 1184 2579 Trieſt, 5. Juli. Die Stadt zeigt heute eine lebhafte Be⸗
156 2574 1185 2618 wegung, welche die Nähe des morgigen maritimen Feſtes an⸗
157 2614 1189 2657 kündigt. Das Leben und Treiben in den Straßen, das ſonſt einen
157 2649 1184 2694 dem alltäglichen Handelsgetriebe angemeſſenen Charakter trägt,
157 2689 1184 2734 hat ein ganz ungewohntes Gepräge angenommen. Auf den Straßen
157 2728 1184 2770 und in öffentlichen Localen ſieht man viele Fremde, welche ſonſt
157 2766 1182 2810 den glühend heißen Kuß unſerer Juli⸗Sonne ſcheuen; namentlich
158 2803 1184 2848 die ſchmucke Marine⸗Uniform iſt zahlreich vertreten und verleiht
157 2844 1185 2885 dem Stadtbilde ihr charakteriſtiſches Gepräge. Die Stadt Trieſt
157 2884 1183 2925 präſentirt ſich in ihrem Sommerkleide auf das vortheilhafteſte,
156 2922 1184 2963 und der italieniſche Charakter der Stadt tritt in dieſer Jahreszeit
158 2962 1184 3002 noch mehr hervor als gewöhnlich. Dazu tragen auch die weiten
159 2997 1186 3041 lichtfarbigen Leinwandplachen und Gardinen bei, welche über faſt
156 3037 1185 3079 alle Kaufläden und Gewölbe zum Schutze gegen die Sonne auf⸗
156 3076 1184 3118 geſpannt ſind, ſo daß man in den Hauptſtraßen wie unter einem
157 3115 1185 3156 fortlaufenden Zeltdache dahinwandelt. Die liebliche Bucht von
154 3154 1184 3195 Muggia, ſonſt nur von friedlichen Fiſcherbarken und den Renn⸗
156 3192 1187 3232 booten unſerer Rudervereine befahren, gleicht einem von Eiſen⸗
156 3231 1185 3271 ſchiffen und Kanonen ſtarrenden Kriegshafen. Hier haben die
155 3270 1186 3313 mächtigen Panzercoloſſe der Evolutions⸗Escadre, „Kronprinz
154 3309 1188 3350 Rudolph“, „Kronprinzeſſin Stephanie“, „Tegett⸗
156 3348 1184 3389 hoff“ und „Pelikan“, ihre Aufſtellung genommen. Die Hitze,
155 3386 1187 3426 welche in den letzten Tagen einen tropiſchen Charakter ange⸗
154 3425 1182 3465 nommen hatte, iſt heute weniger fühlbar, da ein kühler Wind
157 3462 1187 3504 weht, der Erquickung ſpendet. Die Fremden halten denſelben für
158 3500 1188 3543 die legendäre kühle Meeresbriſe, von der in Romanen ſo ſchön zu
157 3538 1186 3582 leſen iſt, von welcher wir Trieſtiner im Sommer jedoch nur ſelten
156 3578 1188 3622 etwas zu fühlen bekommen. Der herrliche, glühend rothe Sonnen⸗
157 3617 981 3660 untergang verſpricht für morgen günſtiges Feſtwetter.
234 3663 1185 3705 Trieſt, 5. Juli. Heute Vormittags kam die von der Stadt
156 3702 1190 3746 Wien zur Feier des Stapellaufes des Küſtenvertheidigungsſchiffes
161 3741 1187 3782 „Wien“ entſendete Deputation, beſtehend aus den Herren Graf
156 3781 1186 3822 Hanns Wilczek, Magiſtrats⸗Secretär Rosner und den
156 3820 1186 3861 Beiräthen Dr. Vogler, Wurm, Dr. Kupka und Stro⸗
155 3859 388 3899 bach, hier an.
435 3895 926 3925 (Telegramm des Correſpondenz⸗Bureau.)
234 3928 1185 3973 Trieſt, 5. Juli. Die Gemalin des Vorſitzenden im Mi⸗
156 3969 1185 4012 niſterrathe und Miniſters des Innern, Gräfin Kielmansegg,
157 4008 1184 4051 iſt in Begleitung des Miniſterialrathes R. v. Fraydenegg
156 4046 1185 4089 und deſſen Gemalin zur Stapellaſſung des Küſtenvertheidigungs⸗
157 4085 1188 4127 ſchiffes „Wien“ heute Abends angekommen und wurde auf dem
157 4124 1186 4166 Bahnhofe vom Statthalter Ritter v. Rinaldini und deſſen
157 4163 1186 4204 Gemalin, dem Marine⸗Commandanten Admiral Freiherrn
158 4201 1186 4241 v. Sterneck und dem Bürgermeiſter Dr. Pitteri ſowie von
159 4240 1187 4281 den bereits hier eingetroffenen Herren der Wiener Deputation
159 4279 1189 4320 empfangen. Mit demſelben Zuge ſind nebſt anderen Perſönlich⸗
160 4317 1187 4360 keiten der Landmarſchall von Niederöſterreich, Graf Abens⸗
159 4356 1189 4399 perg⸗Traun, mit ſeiner Gemalin und Graf Hanns Wilczek
156 4395 339 4438 eingetroffen.
340 4467 1008 4512 Preußiſches Abgeordnetenhaus.
422 4517 920 4546 (Telegramm des Correſpondenz⸗Bureau.)
234 4551 1193 4596 Berlin, 5. Juli. Abg. Rintelen begründete in der
159 4593 1191 4633 heutigen Sitzung des Abgeordnetenhauſes ſeine Interpellation,
159 4629 1189 4672 betreffend den katholiſchen Religions⸗Unterricht in
159 4667 1192 4708 den Volksſchulen. Die Katholiken, bemerkte Redner, können
160 4706 1188 4750 nicht zugeben, daß ein evangeliſcher Cultusminiſter in letzter
160 4745 1188 4786 Inſtanz über den katholiſchen Religions⸗Unterricht an den Volks⸗
159 4783 1188 4824 ſchulen entſcheide. Nur die Kirche allein könne den
161 4822 1188 4865 Religions⸗Unterricht leiten. Der für die gegenwärtige
161 4863 1187 4903 Regelung des Religions⸗Unterrichtes maßgebende Erlaß des
161 4899 1187 4944 früheren Cultusminiſters Falk ſei verfaſſungswidrig,
159 4940 1187 4983 geſetzwidrig und vernunftwidrig; derſelbe müſſe daher auf⸗
163 4977 1186 5020 gehoben werden. Die Kirche müſſe Freiheit haben,
162 5015 1186 5057 wenn ſie die Religion fördern und den Umſturz bekämpfen ſoll.
164 5054 1187 5096 Die Eingabe der Fuldaer Biſchofsconferenz vom Jahre 1893
165 5092 1187 5135 um Aufhebung des erwähnten Erlaſſes des
165 5130 1187 5171 früheren Cultusminiſters ſei bisher noch immer nicht beantwortet
165 5169 1189 5217 worden. Redner ſchloß mit den Worten: „Der Zedlitz'ſche
1222 278 2250 318 Schulgeſetz⸗Entwurf desavouire den Falk'ſchen
1222 316 2249 359 Erlaß vollkommen; warum ſoll letzterer noch aufrecht erhalten
1222 357 1362 390 werden?“
1300 394 2247 435 Der Cultusminiſter erklärte namens der Regierung,
1223 433 2249 475 der Falk'ſche Erlaß beziehe ſich nicht auf den dogmatiſchen In⸗
1221 472 2249 513 halt des Religions⸗Unterrichtes.; derſelbe wollte nur das Recht
1222 509 2249 551 des Staates bezüglich der Aufſicht über das ge⸗
1222 547 2248 588 ſammte Unterrichtsweſen, alſo auch über den Re⸗
1223 586 2248 625 ligions⸗Unterricht, wahren. In einer faſt 20 jährigen Erfahrung fanden
1223 627 2248 664 ſich Staat und Kirche zuſammen in dem wohlverſtandenen
1221 664 2250 705 beiderſeitigen Intereſſe zu gemeinſamer Thätigkeit auf
1224 703 2248 741 dem Gebiete des Religions⸗Unterrichtes. Die
1225 740 2249 780 Erörterung principieller Gegenſätze werde vermieden; der Staat
1223 781 2249 821 zeige das größte Entgegenkommen, ſo daß ein ganz erträglicher
1222 818 2250 860 Modus vivendi geſchaffen wurde. Der Staat glaube ſich damit
1224 854 2250 898 im Einverſtändniſſe mit den Anſchauungen der zur Leitung der
1220 894 2250 936 Intereſſen der Kirche berufenen Stellen unter Wahrung der beider⸗
1225 935 2249 973 ſeitigen principiellen Standpunkte. Die Regierung vermeide daher
1223 972 2250 1013 principiell, in eine Erörterung anläßlich der Interpellation einzu⸗
1223 1010 2249 1050 treten, und könne die Frage, ob der Falk'ſche Erlaß aufgehoben
1220 1048 2250 1088 werde, nur verneinend beantworten, damit nicht durch einen
1222 1086 2249 1126 neuen Erlaß die principiellen Gegenſätze neu aufleben. Wir glauben,
1224 1127 2251 1167 ſchloß der Miniſter, dadurch in gleicher Weiſe zum Beſten des
1226 1166 1788 1204 Staates und der Kirche zu handeln.
1302 1205 2248 1245 In der Beſprechung der Interpellation erklärte Abg. Dr.
1222 1242 2252 1283 Lieber, er erkenne dankbar die wohlwollende Haltung des gegen⸗
1223 1279 2252 1322 wärtigen Cultusminiſters an, aber zur Ertheilung des Religions⸗
1226 1320 2250 1359 Unterrichtes an die katholiſchen Kinder ſei nur die katholiſche
1225 1359 2251 1400 Kirche berechtigt. Die Zeiten des Weißglühens des
1224 1397 2249 1438 Culturkampfes ſeien ja verſchwunden, die Katho⸗
1224 1437 2249 1475 liken können aber die grundſätzlichen Forderungen
1225 1473 2250 1514 nicht aufgeben. Das Centrum ſei bisher in ſeinen For⸗
1226 1513 2250 1552 derungen beſcheidener geweſen, als es den Wünſchen der weiteren
1224 1553 2250 1592 Kreiſe des katholiſchen Volkes entſpricht. Im Weſen ſei
1224 1589 2250 1631 obiger Erlaß doch bereits aufgegeben. Das Falk'ſche
1225 1629 2117 1668 Princip ſollte auch formell aufgehoben werden.
1304 1668 2251 1707 Die Abgeordneten Kropatſchek, Rickert, Eynern
1221 1705 2252 1746 und Zedlitz erklärten kurz im Namen ihrer Parteien, ſie ſähen
1226 1745 2254 1787 keinen Anlaß, in die Erörterung der principiellen Frage einzu⸗
1221 1782 2252 1823 treten. Die Abgeordneten Eynern und Zedlitz dankten noch dem
1226 1817 2251 1863 Cultusminiſter für ſeine Erklärung. — Abg. Motty ſagte, daß
1225 1861 2249 1901 die Polen den Standpunkt des Interpellanten
1226 1900 2252 1942 einnehmen. — Abg. Bachem bemerkte, die Parteien flüchten
1225 1938 2252 1979 ſich, um die Erörterung zu vermeiden, hinter den breiten Rücken
1226 1978 2251 2016 des Cultusminiſters. So kommen wir nicht weiter! (Heiterkeit.)
1223 2015 2251 2054 Den Religions⸗Unterricht habe nicht der Staat mit ſeinen wandel⸗
1225 2055 2251 2094 baren Anſchauungen zu ertheilen, ſondern die unwandelbare
1224 2093 2252 2134 Inſtanz der Kirche. „Unſere Zeit verlangt völlige
1223 2131 2252 2171 Klarheit auf allen Gebieten. Soll im Trüben ge⸗
1225 2170 2252 2210 fiſcht werden? Will man in das Kirchendogma eindringen?“ Die
1225 2209 2251 2250 Nichtbeantwortung des Erſuchens der Fuldaer Biſchofsconferenz,
1225 2247 2252 2290 ſchloß Redner, ſei für das katholiſche Volk empörend. Hierauf
1225 2287 2254 2328 führte der Cultusminiſter aus, daß die Nichtbeantwortung
1225 2325 2251 2364 jenes Anſuchens aus Gründen des confeſſionellen Friedens
1224 2364 2252 2404 geſchah. Die Sache liege allein zwiſchen der Regierung und den
1225 2402 2254 2446 Biſchöfen. — Hiemit war die Interpellation erledigt. Nächſte
1226 2442 1537 2481 Sitzung unbeſtimmt.
1386 2514 2090 2559 Der Cabinetswechſel in Serbien.
1487 2564 1990 2593 (Telegramm der „Neuen Freien Preſſe“.)
1308 2595 2252 2643 Belgrad, 5. Juli. Novakovic konnte die Miſſion
1225 2640 2252 2685 zur Bildung eines rein fortſchrittliche Cabinets
1226 2685 2251 2729 nicht vollführen, verſprach jedoch dem Könige, ſeine
1225 2726 2253 2772 Bemühungen zur Bildung eines Cabinets im
1225 2772 2252 2814 Vereine mit außerhalb der Fortſchrittspartei
1224 2813 2252 2859 ſtehenden Mitgliedern der Skupſchtina fort⸗
1223 2858 2251 2900 zuſetzen. Die Skupſchtina wird demnach morgen
1225 2900 2251 2944 durch das demiſſionirte Cabinet Kriſtic er⸗
1225 2942 2251 2985 öffnet werden. Der Geſetzentwurf über das neue
1222 2984 2249 3033 Finanz⸗Arrangement wird morgen nebſt einem
1226 3029 2250 3071 kurzen Motivenberichte der Skupſchtina vorgelegt werden.
1225 3071 2252 3115 Das neue Finanz⸗Arrangement gilt als unbedingt ver⸗
1224 3114 2252 3158 loren; eine Majorität in der Skupſchtina für dasſelbe iſt
1226 3156 2253 3201 unter gar keinen Umſtänden zu erwarten. Miniſter⸗Präſident
1225 3200 2255 3245 Kriſtic will um keinen Preis mehr an der Spitze der Re⸗
1224 3242 2254 3289 gierung bleiben. In ſeinem Demiſſions⸗Geſuche beklagt ſich
1228 3287 2252 3330 das Miniſterium Kriſtic über Mangel an Vertrauen ſeitens
1228 3329 2253 3373 der Krone, über fortwährende Berufung radicaler Führer
1226 3370 2254 3418 an den Hof und über die von Simic geführten Unter⸗
1224 3416 2253 3460 handlungen mit den Radicalen zur Bildung eines Coalitions⸗
1227 3456 2256 3503 Cabinets. Das fortſchrittliche Organ Videlo veröffentlicht
1227 3503 2256 3547 einen Artikel, worin die Krone vor der Berufung
1228 3542 2255 3588 der Radicalen zur Regierung gewarnt wird, da
1228 3586 2256 3632 ſie ſonſt in einer künftigen kritiſchen Lage Niemanden finden
1228 3629 2254 3674 wird, der ſie gegen die Radicalen ſchütze. Gerüchtweiſe
1228 3672 2256 3716 verlautet, das morgige Amtsblatt werde ein
1227 3713 2254 3760 königliches Handſchreiben mit einer warmen
1227 3757 2254 3803 Vertrauens⸗Kundgebung für Nikola Kriſtic
1226 3802 2256 3848 enthalten, um denſelben zu beſtimmen, an der Spitze
1228 3844 1937 3889 der Regierung zu verbleiben.
1486 3903 1990 3932 (Telegramme des Correſpondenz⸗Bureau.)
1313 3935 2256 3983 Belgrad, 5. Juli. Die Meldung der Kölniſchen
1226 3983 2255 4025 Zeitung, daß der Finanzbeirath die in Karlsbad
1227 4024 2256 4071 getroffenen finanziellen Vereinbarungen ver⸗
1226 4066 2255 4108 worfen hätte, wird von competenter Seite als voll⸗
1226 4108 1784 4152 ſtändig unrichtig bezeichnet.
1314 4160 2256 4205 Belgrad, 5. Juli. Die außerordentliche
1227 4205 2256 4249 Seſſion der Skupſchtina wird morgen um 8 Uhr
1228 4245 2136 4290 Früh durch das Miniſterium Kriſtic eröffnet werden.
1308 4339 2255 4380 [Telegr. der „N. Fr. Pr.“] Prag, 8. Juli. Die
1229 4377 2255 4419 Buſchtiehrader Eiſenbahn vereinnahmte im Juni auf
1229 4418 2253 4459 der A-Linie 270,798 fl. (+ 6200 fl.) auf der B-Linie 435,657 fl.
1230 4454 2258 4496 (+ 17,400 fl.). Die Mehreinnahme rührt aus dem Perſonen⸗
1229 4492 2255 4535 verkehre in Folge der Pfingſtfeiertage her. Dagegen hatte der
1230 4532 2255 4573 Güterverkehr einen Ausfall. Die Regulirung für den Februar
1229 4571 2254 4610 ergab auf der A-Linie ein Plus von 4691 fl., auf der B-Linie
1230 4609 2255 4651 ein Plus von 16,104 fl. Die Einnahme des erſten Semeſters
1228 4645 2253 4690 ſtellte ſich auf der A-Linie auf 1.694,511 fl. (+ 110.187 fl.),
1229 4686 2040 4727 bei der B-Linie auf 2.669,788 fl. (+ 156,018 fl.)
1308 4732 2254 4774 [Telegr.] Lemberg, 5. Juli. Statthalter Graf Badeni
1228 4772 2255 4813 hat geſtattet, daß die behufs gründlicher Desinficirung geſchloſſene
1229 4810 2256 4850 Confinirungs⸗Anſtalt in Biala am 8. d. M. wieder
1229 4848 1519 4887 eröffnet werde.
1307 4893 2254 4939 [Telegr.] Paris, 5. Juli. Durch Beſchluß der hieſigen
1229 4933 2253 4978 Chambre Syndicale ſind die Actien und Obligationen der Tri⸗
1229 4973 2254 5015 failer Kohlenwerksgeſellſchaft, ſowie auch die Actien
1228 5011 2254 5052 der Oeſterreichiſchen Central⸗Bodencredit⸗
1229 5051 2254 5092 bank in Wien von heute ab zur officiellen Cote an der
1228 5090 1796 5131 Pariſer Börſe zugelaſſen.
1304 5136 2252 5179 [Telegr.] Glasgow, 5. Juli. Roheiſen Mixed Numbers
1226 5173 1583 5207 Warrants 44 sh. 6 d.
2513 279 3091 367 Der Economiſt.
2371 399 3233 462 Das Betriebsreglement im Lichte der
2640 462 2969 522 Gerichtspraxis.
2676 533 2904 562 (Dritter Artikel.*)
3042 562 3285 600 Wien, 5. Juli.
2377 609 3312 655 Für eine in einer ungariſchen Station an die Adreſſe
2291 653 3315 702 eines Wiener Kaufmannes expedirte Waggonladung Roheiſen
2291 696 3318 742 wurde am 28. Juli 1891 von einer hieſigen Bahn irr⸗
2291 737 3318 787 thümlich eine Mehrgebühr von 1 fl. eingehoben und die
2291 780 3318 828 Rückſtellung dieſer Mehrgebühr mittelſt Klage vom 8. Juli 1894
2292 823 3319 870 verlangt. Da eine ungariſche Bahn an dieſem Transporte
2293 865 3321 917 betheiligt war, wurde entgegen dem ſonſt gepflogenen Ge⸗
2292 913 3317 959 brauche von der geklagten hieſigen Bahn die Einwendung
2294 953 3318 1000 erhoben, daß die Klageforderung gemäß §. 61, Abſatz 4 des
2292 994 3318 1041 jetzigen Betriebsreglements mit Ablauf des Jahres 1893
2293 1038 3320 1086 verjährt ſei. Dem gegenüber berief ſich der Kläger darauf,
2294 1083 3320 1131 daß ſeine Forderung auf Rückſtellung der gezahlten Mehr⸗
2292 1124 3319 1171 gebühr ſchon vor Einführung des neuen Betriebsreglements
2295 1166 3319 1215 entſtanden ſei und deßhalb das neue Betriebsreglement auf
2294 1208 3320 1258 ſeine Forderung gar nicht angewendet werden könne, weil
2294 1254 3322 1303 nach §. 5 A. B. G. B. Geſetze nicht zurückwirken können;
2296 1296 3321 1343 vielmehr habe er gemäß §. 1487 A. B. G. B. das Recht
2294 1340 3322 1388 erworben, durch drei Jahre lang ſeine Forderung geltend
2294 1382 3323 1431 zu machen. Das Gericht erkannte auf Abweiſung des Klage⸗
2295 1428 3318 1472 begehrens, weil die klägeriſche Forderung verjährt ſei. Denn
2294 1469 3320 1516 §. 61 des Betriebsreglements beſtimmt ganz allgemein, daß
2294 1513 3320 1559 Forderungen, welche durch unrichtige Anwendung der Tarife
2293 1554 3320 1601 oder durch Rechnungsfehler entſtanden ſind, in einem Jahre
2294 1597 3322 1645 nach erfolgter Zahlung verjähren, ohne daß dieſe Beſtim⸗
2295 1642 3323 1689 mung auf jene Fälle eingeſchränkt wird, welche ſich ſeit Ein⸗
2295 1685 3321 1729 führung des neuen Betriebsreglements ergeben. Es werden
2295 1729 3321 1775 ſomit durch dieſe Beſtimmung alle durch unrichtige Anwen⸗
2295 1771 3321 1816 dung des Tarifs oder durch Rechnungsfehler entſtandenen,
2295 1813 3321 1861 zur Zeit der Giltigkeit des jetzigen Betriebsreglements be⸗
2294 1856 3320 1904 ſtehenden Forderungen getroffen. Da jedoch ein Geſetz nicht
2294 1899 3319 1946 zurückwirkt, ſo kann die Verjährungs⸗Beſtimmung des §. 61
2296 1944 3322 1990 des Betriebsreglements erſt vom Zeitpunkte ihrer Giltigkeit,
2295 1985 3320 2033 hier alſo vom 1. Januar 1893, ihre Wirkung auf die er⸗
2295 2028 3321 2074 wähnten Forderungen beginnen. Demgemäß iſt die Ver⸗
2293 2070 3323 2117 jährung ſolcher vor dem Jahre 1893 entſtandenen Forde⸗
2293 2115 3321 2161 rungen erſt mit Ablauf des Jahres 1893 eingetreten, wenn
2296 2159 3325 2207 nicht die nach dem früheren Geſetze angeordnete Verjährungs⸗
2295 2201 3320 2247 friſt für denjenigen, der ſich darauf beruft, günſtiger iſt.
2295 2244 3324 2292 Dieſe Anſicht wird unterſtützt durch den Abſatz 6 des Kund⸗
2296 2286 3323 2333 machungspatentes zum Allgemeinen Bürgerlichen Geſetzbuche,
2297 2331 3320 2377 der beſtimmt, daß, wenn vor Einführung dieſes Geſetzes
2296 2373 3320 2416 (das iſt des Allgemeinen Bürgerlichen Geſetzbuches) eine Ver⸗
2295 2416 3322 2465 jährung begonnen wurde, dieſe nach dem alten Geſetze voll⸗
2297 2460 3321 2506 endet werden müſſe. Wollte ſich aber Jemand auf die kürzere
2296 2502 3321 2550 Verjährungsfriſt des neu einzuführenden Bürgerlichen Geſetz⸗
2297 2543 3320 2592 buches berufen, ſo müßte er die Verjährung von dem Tage der
2297 2588 3321 2636 Giltigkeit des neuen Geſetzes neu beginnen. Dieſe Beſtim⸗
2297 2631 3323 2678 mung wird unter der ausdrücklichen Begründung, daß Ge⸗
2294 2672 3323 2720 ſetze nicht zurückwirken, getroffen. Wenn nun auch das Kund⸗
2296 2715 3322 2766 machungspatent nur für den Fall der Einführung des All⸗
2296 2758 3323 2806 gemeinen Bürgerlichen Geſetzbuches gilt, ſo iſt doch die Be⸗
2296 2803 3323 2848 ſtimmung des Abſatzes 6 mit Rückſicht auf die darin aus⸗
2296 2845 3320 2892 geſprochene Rechtsanſchauung auch hier von Wichtigkeit. Da
2295 2888 3321 2936 nämlich unter ausdrücklichem Hinweis auf den im Geſetze
2296 2932 3320 2979 (§. 5 A. B. G. B.) ausgeſprochenen Grundſatz, daß Geſetze
2294 2975 3320 3022 nicht zurückwirken, eine kürzere Verjährungsfriſt des
2295 3017 3320 3066 neu eingeführten Geſetzes für den Fall, als die Ver⸗
2295 3059 3318 3108 jährung neu begonnen wird, als zuläſſig erklärt
2296 3103 3321 3150 wird, ſo iſt es klar, daß es dem Geiſte des von
2296 3145 3320 3191 dem Kläger citirten §. 5 A. B. G. B. vollkommen
2295 3191 3319 3241 entſpricht, wenn auch im Eiſenbahnfrachtrecht die kürzere
2295 3232 3319 3281 Verjährungsfriſt des §. 61 des Betriebsreglements auf
2296 3275 3320 3324 die vor der Giltigkeit des neuen Betriebsreglements ent⸗
2295 3316 3318 3365 ſtandenen Rechtsverhältniſſe Anwendung findet, natürlich
2295 3362 3319 3409 unter der Vorausſetzung, daß die Verjährung mit dem
2295 3404 3320 3451 Beginne des neuen Betriebsreglements neu begonnen
2297 3447 3319 3493 wird. Von einer Rückwirkung des §. 61 des Betriebs⸗
2294 3492 3319 3538 reglements kann hiebei nicht geſprochen werden. Eine ſolche
2295 3534 3321 3582 fände nur dann ſtatt, wenn die vor dem Jahre 1893 ab⸗
2296 3577 3319 3625 gelaufene Zeit in die Verjährungsfriſt eingerechnet würde,
2295 3620 3319 3669 z. B. wenn gegen die am 1. Juli 1893 eingebrachte Klage
2297 3663 3321 3714 auf Rückforderung einer am 30. Juni 1892 geleiſteten
2296 3706 3321 3750 Zahlung die Verjährung eingewendet würde. Die weitere
2297 3751 3319 3795 Anſicht des Klägers, daß er gemäß §. 1487 A. B. G. B.
2296 3792 3321 3840 das Recht erworben habe, die Klagsforderung drei Jahre von
2298 3837 3320 3883 der Zahlung an zu begehren, iſt aber deßhalb unrichtig, weil in
2298 3878 3322 3925 dem alten Betriebsreglement eine Beſtimmung darüber, unter
2297 3921 3322 3971 welchen Bedingungen oder in welcher beſtimmten Friſt (Präju⸗
2298 3962 3321 4011 dicialfriſt) eine ſolche Forderung geſtellt werden kann, nicht ent⸗
2298 4009 3319 4056 halten iſt. Daher war der Kläger nicht blos drei Jahre hin⸗
2298 4049 3320 4097 durch und überhaupt nicht während einer im vorhinein
2299 4093 3320 4145 genau beſtimmten Friſt, ſondern eine unbegrenzte Zeit lang
2300 4136 3319 4183 berechtigt, ſeine Forderung geltend zu machen, nur mußte
2299 4179 3322 4228 er alle erforderlichen Schritte unternehmen, damit ſein An⸗
2297 4222 3322 4267 ſpruch nicht verjährte. Unter welchen Umſtänden und in
2300 4265 3322 4313 welcher Zeit aber die Verjährung eintritt, beſtimmen die für
2299 4308 3325 4356 dieſes Rechtsverhältniß zur Zeit beſtehenden Geſetze, im vor⸗
2299 4353 3320 4400 liegenden Falle früher §. 1487 A. B. G. B., jetzt §. 61
2299 4393 2700 4435 des Betriebsreglements.
2384 4438 3323 4480 Gegen dieſe richterliche Deduction wurde von anderer
2298 4479 3321 4527 Seite der Einwurf erhoben, daß das Betriebsreglement nicht
2299 4521 3319 4573 an ſich als Geſetz, ſondern nur zufolge Frachtvertrages,
2297 4565 3321 4615 ſomit kraft des Vertragswillens der Partei für das fracht⸗
2297 4607 3320 4657 führende Publicum gelte. Darauf weiſe ſchon der Umſtand
2298 4650 3322 4700 hin, daß in den gedruckten Frachtbrief⸗Formularen aus⸗
2297 4695 3321 4743 drücklich der Hinweis auf das Betriebsreglement enthalten
2298 4736 3322 4785 iſt. Wenn nun die Parteien im Juli 1891 zufolge Fracht⸗
2299 4778 3322 4828 briefes die Beſtimmungen des alten Betriebsreglements ver⸗
2298 4824 3322 4870 einbart hätten, ſo könnten die Beſtimmungen des neuen Be⸗
2299 4866 3323 4917 triebsreglements auf dieſes Rechtsverhältniß unmöglich An⸗
2297 4909 3320 4960 wendung finden, da das neue Betriebsreglement nur für
2299 4950 3322 4999 den Fall gelten könne, als Parteien ſeit dem 1. Januar
2296 4995 3321 5043 1893 mit der Bahn einen Frachtvertrag, welcher mit den
2296 5040 3322 5087 früheren Frachtverträgen gar nichts gemein haben
2295 5081 3322 5130 kann, abgeſchloſſen hätten. Die hier vorgeführte Schluß⸗
2381 5146 3321 5190 *) Siehe Nr. 10894 der „Neuen Freien Preſſe“ vom 21. Decem⸗
2295 5184 3320 5229 ber 1894 und Nr. 10908 der „Neuen Freien Preſſe“ vom 5. Januar 1895.
