3607 5387
321 225 488 287 Seite 6
880 240 1219 296 Wien, Samstag
1617 229 2041 299 Arbeiter-Zeitung.
2473 227 2762 290 1. Juli 1911
3122 230 3314 284 Nr. 178
267 340 1284 378 ſtatiert worden. Wie bekannt, war der Dampfer am 24. d. in
266 381 1284 422 Trieſt angekommen und kurz nach Ankunft des Dampfers war
266 426 1285 463 an Bord die Frau Marie Brenner aus Gottſchee unter
268 470 1284 508 verdächtigen Symptomen geſtorben. Es wurde feſtgeſtellt, daß
268 510 1284 550 es ſich um aſiatiſche Cholera handelte. Der Dampfer
267 556 1283 594 wurde nach dem Seelazarett geſchickt, wo alle Paſſagiere und die
265 599 1285 636 Beſatzung unter ärztliche Beobachtung geſtellt und an Bord und
267 641 1282 679 Ladung die notwendigen Desinfektionen vorgenommen wurden.
376 690 1284 733 Geſtern Nachmittags ſollte der Dampfer libera pratica er⸗
269 732 1285 774 halten, aber als Sanitätsinſpektor Dr. Markhl in Sankt
268 778 1281 819 Bartholomä eintraf, wurde ihm gemeldet, daß eine Frau
266 824 1281 859 heftig fieberte und an Brechdurchfall litt.
272 865 1277 903 Die Kranke wurde ausgeſchifft und ins Hoſpital des Lazaretts
272 908 1125 946 gebracht. Ihr Zuſtand ſoll ſehr ſchwer ſein.
370 952 1280 990 Indeſſen wurde dem Dampfer die Gewährung der libera
268 996 1283 1033 pratica auf 24 Stunden ſiſtiert, und falls bei den weiteren bak⸗
265 1038 1285 1076 teriologiſchen Unterſuchungen der Choleraverdacht ſich beſtätigen
268 1078 1284 1118 ſollte, ſo müßte der Dampfer für weieere fünf Tage im See⸗
268 1121 1285 1161 lazarett bleiben. Auf Grund der gemachten Recherchen muß die
264 1167 1281 1205 Cholerainfektion an Bord der „Oceania“, die im Hafen
265 1211 1279 1247 von Neapel nicht die libera pratica erhielt,
263 1254 1281 1289 weil dort Cholera herrſchte, durch Fliegen geſchehen ſein.
288 1347 1244 1423 In öſterreichiſchen Gefängniſſen.
370 1436 1278 1477 Eine Periode der Romantik war die Zeit des
268 1474 1281 1514 Sozialiſtengeſetzes für die deutſche Sozialdemokratie. All⸗
267 1513 1277 1554 wöchentlich kam der in Zürich und ſpäter in London,
266 1551 1280 1588 freilich hie und da ſelbſt in Deutſchland gedruckte „Sozial⸗
267 1591 1279 1631 demokrat“ in die Hände ſeiner Abnehmer. Gerichte,
267 1629 1281 1670 Polizei⸗, Poſt⸗ und Zollbehörden führten ununterbrochen
268 1667 1279 1707 eine Jagd auf die mutigen Männer, die den „Sozial⸗
269 1707 1279 1748 demokraten“ und manche andere ſozialiſtiſche Kontrebande
269 1746 1280 1786 aus der Schweiz über die deutſche Grenze führten. Die
270 1783 1280 1825 trefflich geübten Männer, die dieſe ſchwere und gefährliche
272 1822 1279 1863 Arbeit verrichteten, waren auch bereit, polniſchen und
267 1860 1278 1901 ruſſiſchen Genoſſen beim Transport der Schriften aus der
269 1899 1282 1939 Schweiz behilflich zu ſein. Hie und da wurde auch der
266 1937 1278 1979 Weg über Oeſterreich verſucht. Bei einer dieſer
270 1977 1281 2018 Expeditionen fiel der trefflichſte der roten Poſtillone, der
270 2015 1279 2057 mit Motteler den ganzen Vertrieb unſerer Schriften aus
264 2054 1279 2094 der Schweiz organiſiert, der Genoſſe J. Belli, in die
267 2093 1279 2134 Hände der öſterreichiſchen Behörden. Wie es ihm in den
267 2130 1280 2174 Vorarlberger Gefängniſſen erging, ſchildert er in ſeinen
269 2171 1280 2211 Erinnerungen aus der Zeit des Sozialiſtengeſetzes, die er
268 2208 1280 2251 die „rote Feldpoſt“ betitelt. Wir laſſen die beiden
273 2248 1276 2288 Kapitel, die auch ein Stück öſterreichiſcher Geſchichte ſind,
273 2287 468 2325 hier folgen:
627 2328 922 2363 St. Margareten.
371 2369 1281 2410 Unſere Verbindungen nach Oeſterreich waren nie
268 2407 1280 2448 gefeſtigt. Es waren willige und mutige
268 2447 1280 2487 Genoſſen an der Grenze vorhanden, doch waren
267 2485 1277 2528 nur wenige zum ruhigen, ſtillen und ungekannten Arbeiten
266 2524 1280 2564 geneigt. Sie hatten manchmal romantiſche Neigungen und
265 2564 1281 2604 ließen zu viel an die Oeffentlichkeit kommen. Ich beſorgte
267 2602 1280 2643 deshalb unter Mithilfe eines oder zwei Genoſſen, die an
269 2640 1281 2681 der Schweizer Grenze wohnten, den Polen mehrere
269 2679 1286 2719 Expeditionen ſelbſt. So im September 1882. Zwei Genoſſen,
268 2717 1281 2758 Bluch und Remlinger, die mir früher ſchon ge⸗
267 2755 1280 2795 holfen hatten, erwarteten mich in Rheineck. Als ich
268 2794 1279 2833 hinkam, war nur Bluch da. Ich holte noch zwei Geſellen
267 2833 1281 2875 eines mir bekannten Malermeiſters, wir packten die Ware
269 2872 1281 2913 zwiſchen die Kleider und fuhren mit der Bahn zur
273 2914 1280 2949 Schweizer Grenzſtation St. Margareten. Die öſter⸗
271 2950 1281 2991 reichiſche Zollreviſion findet auf dieſer
267 2989 1280 3030 Station ſtatt, ehe der Zug über die Rheinbrücke nach
268 3028 1280 3069 Oeſterreich fährt. Mein Genoſſe und ich wurden aus dem
270 3067 1277 3107 Coupé geholt, auf dem Zollamt feſtgehalten und unterſucht,
268 3105 1281 3146 wobei der Braten zum Vorſchein kam. Die beiden Maler
268 3145 1281 3185 blieben unbehelligt, da unſer Denunziant, von dem
264 3183 1280 3226 wir noch erfahren ſollten, von dieſen nichts wiſſen konnte.
265 3224 1281 3264 Ich proteſtierte gegen die Verhaftung, da die Oeſterreicher
268 3264 1280 3303 auf Schweizer Gebiet Verhaftungen nur mit Zuſtimmung
263 3303 1283 3342 der ſchweizeriſchen Behörden, und in politiſchen Angelegen⸗
264 3343 1280 3381 heiten überhaupt nicht vornehmen dürfen. Jedoch ver⸗
266 3381 1281 3420 gebens. Man depeſchierte nach Innsbruck. Wir mußten
267 3419 1280 3459 warten, bis die Ordre kam, uns nach Feldkirch zu bringen.
373 3466 1280 3507 Mittlerweile verlangte ich, auf den Abort zu gehen.
270 3504 1281 3546 Da fand ich, daß ein ſchmales Fenſterchen ins Freie
269 3544 1280 3582 führte. Ich zwängte mich durch, aber das ging langſam
264 3581 1281 3620 und mühevoll. Als ich endlich den Sprung wagen wollte,
264 3619 1278 3659 ſtieß der außen wachthabende Grenzer die Tür ein und
268 3657 1281 3698 erhaſchte mich noch. Jetzt holten ſich die „Zwoggel“ einen
265 3696 1278 3735 Schweizer Landjäger und brachten uns über die Brücke.
268 3738 1279 3775 Dort nahm uns ein öſterreichiſcher Gendarm in Empfang
270 3774 1242 3816 und ſperrte uns in den Keller des Gemeindeſchulhauſes.
372 3824 1281 3864 In St. Margareten hatten Genoſſen unſere
267 3862 1280 3902 Verhaftung erfahren. Sie wollten uns in der Nacht aus
266 3902 1280 3941 dem Keller befreien, müſſen aber unſere Rettung zu laut
265 3939 1279 3978 geplant haben, denn um 11 Uhr Nachts holte uns die
265 3978 1278 4015 Polizei ſelbſt aus dem Kellerloch und transportierte uns
264 4015 1277 4056 gefeſſelt und bei ſtrömendem Regen nach Dornbirn.
263 4054 1280 4093 Anderen Tages ging es nach Feldkirch, wo wir in dem
258 4092 965 4137 alten Kreisgefängnis eingelocht wurden.
365 4139 1283 4180 Trotz meines Proteſtes gegen die ungeſetzliche Ver⸗
262 4179 1280 4218 haftung wurde die Unterſuchung eingeleitet. Auf alle meine
265 4219 1283 4256 Einwendungen erklärte der Unterſuchungsrichter ſtets: „Das
261 4255 1278 4295 alles geht mich nichts an. Sie ſind nun einmal hier und
261 4293 1277 4334 bleiben auch hier.“ Ich ſchrieb nun an meine Frau nach
260 4335 1280 4372 Zürich, ſie möchte die nötigen Schritte einleiten, damit die
264 4371 1279 4410 Sache unterſucht und klargeſtellt werde. Der Brief wurde,
261 4409 1278 4451 wie mir der Kerkermeiſter erzählte, nicht abgeſchickt. Als
264 4450 1279 4489 ich dann den Unterſuchungsrichter bat, er möchte mich
262 4491 1282 4530 doch in die Schweiz ſchreiben laſſen, da antwortete er
262 4528 1283 4571 mir: „Sie haben ja doch ſchon geſchrieben.“ Ich ſagte:
270 4565 1282 4614 „Ja, aber der Brief iſt nicht abgeſchickt worden.“ Darauf
265 4606 1283 4656 gab er keine Antwort. Später meinte er dann: „Sie
268 4646 1285 4697 können meinetwegen ſchreiben, aber das nützt Sie gar
267 4688 1285 4739 nichts. In der Preſſe wird es etwas Rumor machen, aber
269 4726 1285 4782 die Schweizer Behörden werden ſich um Sie, als Deutſchen,
272 4762 1287 4821 nicht kümmern.“ Als ich ihm nun erwiderte, daß die
269 4800 1289 4864 Sache laut Niederlaſſungsvertrag doch anders liege, meinte
280 4852 835 4906 er: „Davon verſtehe ich nichts.“
381 4880 1290 4943 Mein zweiter Brief kam in Zürich an. Genoſſe
282 4922 1289 4986 Conzett wurde von meinen Freunden über den Fall
279 4958 1289 5025 unterrichtet und er unternahm ſofort die nötigen Schritte
284 4999 1286 5066 bei der Regierung des Kantons St. Gallen. Conzett und
280 5038 1291 5100 der St. Galler Regierungsrat Curti begaben ſich nach
287 5079 1296 5144 St. Margareten, um an Ort und Stelle Erhebungen zu
1320 340 2329 383 machen. Sie fanden meine Angaben beſtätigt. Curti kam
1320 380 2327 421 nach Feldkirch und teilte mir mit, daß die Verhaftung
1320 419 2329 460 ungeſetzlich ſei und meine Freilaſſung erfolgen müſſe.
1319 457 2328 498 Leider könne das aber noch längere Zeit anſtehen. Die
1318 494 2330 536 Angelegenheit müſſe durch die Geſandtſchaft in
1320 534 2330 577 Wien geregelt werden und der Geſandte von Tſchudi
1320 576 1655 616 ſei noch in Urlaub.
1421 610 2329 653 Dieſe Verzögerung machten ſich die Oeſterreicher
1320 652 2327 692 zunutze, ſie führten den Prozeß gegen die zwei Verhafteten
1318 690 2328 731 ruhig weiter. Da wir in Oeſterreich überhaupt nichts ver⸗
1320 729 2330 771 brochen hatten, war zu einer Verurteilung gar keine
1320 767 2326 810 Unterlage vorhanden. Wir wurden dennoch vor das Gericht
1316 807 2329 848 verwieſen. Es wurde feſtgeſtellt, daß eine Depeſche von
1320 844 2328 883 St. Gallen nach Luſtenau gekommen ſei. Durch dieſe
1319 884 2332 924 Depeſche ſei der Verhaftete — Bluch war ſein Name —
1318 923 2331 961 nach Rheineck beſtellt worden. Der Abſender der Depeſche
1318 960 2329 1003 ſei zweifellos der Angeklagte Bluch. Mit dieſer Depeſche
1319 999 2329 1040 nun ſei ein Teil der Handlung auf öſterreichiſches Gebiet
1317 1038 2329 1079 verlegt, und darum ſeien wir zu beſtrafen. Wir wurden
1321 1076 2329 1119 denn auch wegen Preßvergehens zu drei Wochen Gefängnis
1320 1118 1480 1155 verknurrt.
1421 1153 2331 1196 Einige Tage vor Ablauf dieſer drei Wochen kam
1318 1194 2329 1234 dann von Wien der Beſcheid, daß wir zu Unrecht
1318 1230 2329 1274 verhaftet und frei zu laſſen ſeien. Die
1317 1270 2327 1313 ganze Geſchichte hatte vier Monate gedauert. Für mich
1319 1310 2327 1349 hatte der Entſcheid von Wien das Gute, daß ich nicht an
1318 1349 2328 1389 Deutſchland ausgeliefert werden durfte; denn kaum hatten
1317 1386 2329 1429 die deutſchen Behörden durch die Zeitung meine Verhaftung
1319 1425 2330 1467 erfahren, ſo ſtellten ſie an Oeſterreich das Verlangen auf
1317 1463 2330 1506 Auslieferung. Zu ihrer Begründung hatten die Deutſchen
1316 1503 2225 1544 eine Räuberlegende verfaßt und nach Wien geſendet.
1421 1540 2331 1583 Als der Unterſuchungsrichter ſah, daß die Schweizer
1318 1579 2328 1620 ſich der Sache ernſtlich annahmen, wurde er viel höflicher
1317 1618 2330 1659 und zugänglicher. Wenn er nicht viel zu tun hatte, ließ
1317 1656 2329 1698 er mich zu ſich holen und unterhielt ſich ſtundenlang mit
1318 1695 2331 1738 mir über — den Sozialismus. Er erklärte mir dann
1316 1734 2329 1776 ſchließlich: „Ich ſehe ein, daß dieſe Beſtrebungen auch auf
1316 1774 2327 1814 nicht gewaltſamem Wege erreicht werden können, doch
1316 1811 2329 1851 fürchte ich, daß die Mehrzahl Ihrer Anhänger nicht ſo
1319 1852 1614 1889 denken wie Sie.“
1417 1889 2327 1928 Am Tage meiner Entlaſſung wurde mir ein Aus⸗
1316 1926 2330 1970 weisbefehl aus „Vorarlberg und ſämtlichen Kron⸗
1318 1966 2329 2009 ländern“ zugeſtellt und mir geſagt, daß ich nun in meine
1316 2002 2328 2047 Heimat abgeſchoben werden müſſe. Es dauerte eine Weile,
1316 2044 2328 2085 bis ich dem Herrn Bezirkshauptmann begreiflich machen
1317 2082 2327 2124 konnte, daß das nicht ſein dürfe, da ich nicht an die
1316 2121 2327 2162 Deutſchen ausgeliefert werden könne. Dann wollte er mich
1318 2159 2329 2199 mit Landjägerbegleitung an die Schweizer Grenze bringen
1320 2198 2326 2241 laſſen. Schließlich durfte ich ſo ziehen, nur mußte ich ver⸗
1320 2238 2323 2279 ſprechen, ſofort fortzugehen und in die Schweiz zu fahren.
1318 2277 2327 2317 Ich ſollte ja unterwegs nicht neue Konſpirationen machen.
1318 2315 2331 2357 Ich ließ es mir aber nicht nehmen, in Dornbirn aus⸗
1318 2355 2140 2394 zuſteigen und neue Verbindungen anzuknüpfen.
1420 2393 2330 2432 Der Schweizer Landjäger, der bei der Verhaftung
1316 2430 2335 2471 mitwirkte, wurde aus dem Dienſte entlaſſen und der
1319 2470 2210 2512 Schweizer Bundesrat ſendete mir dieſes Schreiben:
1349 2517 1497 2555 Abſchrift.
1811 2548 2295 2588 Bern, den 30. Jänner 1883.
1478 2597 2206 2631 Der ſchweizeriſche Bundesrat
1818 2634 1871 2662 an
1415 2663 2263 2701 Präſident und Regierungsrat des
1641 2700 2023 2735 Kantons Zürich.
1552 2743 1977 2777 Getreue liebe Eidgenoſſen!
1452 2782 2329 2820 Wir beehren uns, Ihnen mit Bezug auf die im Bahn⸗
1351 2819 2327 2856 hof von St. Margarethen ſtattgehabte rechtswidrige Verhaftung
1351 2856 2327 2891 von Joſef Belli und Mithaften durchöſterreichi⸗
1350 2888 2327 2926 ſche Zollbeamte die Mitteilung zu machen, daß das
1352 2924 2328 2959 öſterreichiſche Miniſterium des Aeußern in einer vom 11. d.
1351 2958 2327 2994 datierten, an unſeren Geſandten in Wien gerichteten Note
1348 2994 2326 3028 ſein aufrichtiges Bedauern über den genannten
1349 3027 2328 3063 Vorfall ausſpricht und gleichzeitig zur Kenntnis bringt, daß
1350 3062 2324 3099 Inſtruktionen an die öſterreichiſchen Beamten in St. Marga⸗
1348 3097 2328 3133 rethen abgegangen ſeien, welche den Zweck haben, derartige
1351 3131 2329 3166 Vorkommniſſe inskünftig zu verhüten. Wir haben uns, da der
1350 3166 2328 3202 bedauernswerte Vorfall ohne Mitſchulden eines ſchweizeriſchen
1350 3201 2328 3237 Polizeiangeſtellten nicht möglich geweſen wäre, mit dieſen
1353 3235 2327 3271 Erklärungen und Zuſicherungen begnügen zu ſollen geglaubt
1348 3270 2324 3306 und betrachten die Sache als inſoweit erledigt; immerhin
1354 3304 2326 3339 haben wir die St. Galliſche Regierung eingeladen, ihrerſeits
1353 3338 2328 3375 dafür beſorgt zu ſein, daß ihr Polizeikorps von derartigen
1351 3374 1811 3409 Handbietungen ſich fernhalte.
1452 3409 2173 3443 Im übrigen benützen wir den Anlaß u. ſ. w.
1499 3443 2182 3477 Im Namen des ſchweizeriſchen Bundesrats
1385 3474 2334 3512 der Bundespräſident der Kanzler der Eidgenoſſenſchaft
1352 3512 2222 3549 (sig.) L. Ruchonnet. (sig.) Ringier.
1669 3546 2020 3582 Für richtige Abſchrift:
1455 3580 1956 3616 Zürich, den 2. Februar 1883.
1482 3615 2197 3650 Der Sekretär der Juſtiz und Polizeidirektion
1665 3651 2014 3684 Haggenmacher.
1418 3691 2333 3732 Der mitverhaftete Bluch war Oeſterreicher und wurde
1317 3727 2158 3771 in ſeine Heimat nach Krain „abgeſchafft“.
1731 3786 1907 3826 Feldkirch.
1418 3830 2331 3872 Der Aufenthalt im Gefängnis in Feldkirch war ſehr
1318 3871 2331 3908 ſchlecht. Es war ein altes, verlottertes Ge⸗
1319 3908 2328 3949 bäude. In den Zellen hatte ein Menſch Platz, es wurden
1318 3946 2331 3987 aber ruhig drei und vier Mann hineingeſteckt, von
1316 3985 2329 4025 denen zwei auf dem Boden ſchlafen mußten. Das Ungeziefer
1317 4023 2330 4065 lief überall herum. Zu eſſen bekamen wir einmal im
1318 4062 2328 4103 Tage, ſo ſchlecht als möglich. Den einen Tag gab es
1317 4100 2331 4142 Fiſolen (Bohnen), den anderen Mehlnockerln, am Sonntag
1318 4141 2330 4181 Kartoffeln, ſogar mit einigen Fleiſchfaſern darin. Die
1316 4179 2328 4217 Nockerln konnten wir nicht eſſen, weil das Fett heraus⸗
1320 4216 2328 4256 ſtank. Unſere weniger heiklen italieniſchen Nachbarn erbaten
1317 4254 2327 4295 ſich jedesmal von uns die Delikateſſe. Als endlich ein
1317 4293 2328 4334 Beamter aus Innsbruck das Gefängnis revidierte, erklärte
1316 4332 2329 4372 er dieſe Nockerln für ungenießbar. Jetzt
1316 4369 2330 4410 wurden ſie beſſer und wir aßen unſeren Teil. Die
1316 4408 2328 4448 Italiener aber fluchten und ſchimpften über den Beamten
1316 4446 2329 4487 und über uns nicht wenig, da ihnen nun die Zugabe
1317 4483 2328 4526 entging. Aus dem Geſchimpfe erfuhr ich hier unſeren
1316 4522 2330 4565 Rang und Anſehen: die angeſehenſten Gefangenen waren
1317 4561 2321 4605 hier die Wilderer, während ich ganz der letzten einer war.
1420 4601 2330 4642 Ein Italiener, der ſeine Frau ermordet hatte, war
1320 4641 2330 4682 mein Zellengenoſſe, der andere ein Bauer, der ſeinen
1319 4678 2326 4719 Vetter und Pflegevater ermorden wollte, dann ein Land⸗
1318 4715 2324 4761 ſtreicher und ein Falſchmünzer aus Meran. Nach ihrer
1322 4753 2320 4800 Verurteilung kamen dieſe Leute fort, aber was nachkam,
1323 4789 2324 4840 war nicht beſſer. Der Italiener hatte ſich nach vollbrachter
1325 4828 2323 4880 Tat der Behörde ſelbſt geſtellt und erhoffte deshalb ſeine
1324 4869 2322 4918 Freiſprechung. Er meinte, die Menſchheit müßte froh ſein,
1324 4908 2321 4955 daß er ſie von dem ſchlechten Geſchöpf befreit habe. Er
1327 4947 2321 4994 wurde zu fünfzehn Jahren Zuchthaus verurteilt. Da
1328 4985 2319 5035 erhängte er ſich in der Zelle. Wir bemerkten es und
1328 5025 2321 5072 machten Lärm. Der Italiener konnte noch rechtzeitig ab⸗
1330 5061 2321 5113 genommen werden, jedoch ſchimpfte er jämmerlich auf
2370 336 3375 378 uns, daß wir ihn nicht hatten hängen laſſen. Er meinte
2366 375 3376 416 dann aber doch: „Es hat aber ſo weh getan, daß ich's
2371 416 2790 455 gewiß nicht wiederhole.“
2468 452 3375 495 Ich beſchwerte mich darüber, daß ich mit dieſer
2366 493 3375 533 Geſellſchaft zuſammenſein müſſe, der Kerkermeiſter erklärte
2363 530 3379 573 mir aber ganz ſcharf: „Was wollen Sie denn, Sie gehören
2365 568 3381 611 unter die Kaiſermörder und dieſe ſind viel
2366 611 2565 650 ſchlimmer!“
2462 647 3375 690 Der Unterſuchungsbeamte, an den ich mich dann
2365 685 3385 727 wendete, ſah ſich die Leute an und meinte: „Ich ſehe ein,
2362 724 3378 766 daß das keine angenehme Geſellſchaft für Sie iſt, doch wir
2363 763 3377 803 können es nicht ändern. Alle Räume hier ſind überfüllt.
2364 802 3383 842 Im übrigen muß man halt dafür Sorge tragen, daß man
2364 842 2764 881 da nicht hineinkommt.“
2467 875 3378 920 Die Gefangenen kamen und gingen. In einer
2364 918 3382 958 Mitternacht erſcholl Feuerlärm, wir ſchreckten auf
2365 956 3380 997 und ſahen durch die Fenſter grellen Feuerſchein. Auf der
2366 995 3382 1036 Höhe der Weinberge, die uns gegenüber lagen, brannte
2363 1034 3379 1074 ein Gehöft. In einer Stunde war es ganz nieder⸗
2365 1072 3378 1115 gebrannt. Wir ſchliefen wieder ein, da wurden wir in
2363 1111 3380 1151 der Früh durch einen Schrei geweckt. Vor dem Tor der
2364 1148 3378 1192 Gefängnismauer ſtand ein altes, ſchneeweißes Männlein
2361 1187 3378 1229 und ſchrie immerfort: „Guten Morgen, Kameraden! Guten
2363 1226 3379 1268 Morgen, Kameraden!“ Es wurde nach einiger Zeit
2363 1265 3377 1305 geöffnet und man fragte ihn, was er denn mit dem
2364 1301 3381 1344 Schreien wolle. Der Alte antwortete: „Eini mill i, eini
2363 1342 3380 1383 will i, anzünd hab' i, eini will i zu meine Kameraden!“
2468 1382 3380 1421 Er wurde auch hereingenommen und vorläufig ein⸗
2363 1420 3383 1461 geſperrt in unſere Zelle. Er unterhielt ſich mit mir, faßte
2364 1458 3380 1498 ſchließlich Zutrauen und erzählte mir ſeine Geſchichte: „I
2363 1498 3376 1538 bin jetzet 77 Johr alt. Hob was Rechtes gelernt, Maurer;
2365 1535 3376 1577 war auch immer ein guter Rechner und Zeichner und bin
2362 1575 3380 1615 als Palier weit in d'r Welt rumkommen. Bis England
2363 1614 3379 1651 und Rußland. Hob aber immer wandern müſſen, hab's
2361 1652 3379 1693 nirgends ausg'halten, ſo a fideler Bruder bin i g'weſen.
2364 1690 3385 1732 G'heirat hob' i nit und au nir g'ſpart und komm' da halt
2365 1729 3383 1770 als alter Kerl heim. A Zeit iſt's gangen, dann bin i ins
2363 1768 3384 1809 Armenhaus komme. Aber die Vorſteherin, a Nonne, die
2362 1808 2817 1849 hot mir wüſt mitg'ſpielt.“
2469 1844 3379 1883 Der Alte machte eine Pauſe und zog ein unglück⸗
2363 1883 3380 1923 liches Geſicht. Er deutete nach dem Kopf, betaſteete den
2364 1919 3381 1963 Rücken und die Bruſt und fuhr dann fort. „Da hat ſ' mi
2365 1963 3004 2004 g'ſchlagen, dort hot ſ' mi hing'haut.“
2468 1998 3379 2040 Dann ſtreichelte er ſeinen Arm und faßte die
2366 2039 3377 2080 Ellbogen, als hätte er einen Schmerz. „So ein altes Ripp,“
2364 2077 3379 2118 meinte er böſe. „Im Städtle is Jahrmarkt g'weſen, hob
2364 2116 3377 2159 alte Bekannte troffen, hob' geſſen und trunken, ſie hens
2362 2153 3377 2195 zahlt. . no komm i wacklig heim. . . und da hob is!“
2362 2193 3384 2235 rief der Alte weinerlich aus, indem er wieder ſeinen miß⸗
2366 2236 2778 2273 handelten Leib betaſtete.
2468 2270 3378 2312 Nach einer Weile erzählte er weiter: „Nachts bin i
2363 2309 3381 2349 dann davon, auf d' Weinberg“, hab' im G'höft a Schuppen
2364 2348 3380 2388 an zünd' und dacht: dann kriegſt a Quartier, brauchſt zu
2363 2387 3382 2427 keiner Oberin nimmer z'ruck. Und do bin i halt und
2364 2427 2972 2466 mein', bleib' da herin, bis i ſtirb.“
2466 2464 3231 2505 Der Greis wurde zu acht Jahren verurteilt.
2465 2504 3378 2544 An einem Morgen ſchob der Kerkermeiſter einen zer⸗
2362 2542 3383 2583 lumpten, barfüßigen Burſchen zur Tür herein. „A netter
2363 2581 3375 2621 Vallotte,“ meldete er ihn an, „aber Läuſ' hot er kone.“
2364 2619 3374 2660 Der Burſche war achtzehn Jahre alt, er war blond und
2364 2658 3375 2699 äußerlich ſehr angenehm zum Anſehen. Seine Heimat
2365 2697 3374 2738 war Pfullingen bei Reutlingen. In Ulm im „Bären“ hatte
2363 2736 3377 2777 er den Kellnerberuf erlernt. Ich ſah, daß er eine ſchöne
2366 2775 3372 2814 Handſchrift hatte, er konnte ſich mit mir franzöſiſch und
2362 2813 3378 2855 engliſch unterhalten, ſicher und gewandt. In dieſen
2366 2852 3384 2895 Sprachen erzählte er auch, daß er ſchon ſiebzehn⸗
2365 2891 3379 2931 mal beſtraft worden ſei wegen Bettel, Stempel⸗ und
2359 2931 2680 2971 Schriftenfälſcherei.
2463 2977 3380 3018 In den Unterrichtsſtunden die wir einmal in der
2360 3016 3384 3058 Woche beſuchen mußten, verſchaffte er ſich ein Stück Schiefer.
2361 3056 3384 3097 Dann ſagte er zu mir: „Jetzt werden Sie gleich ſehen, daß
2361 3095 3383 3136 ich nicht bloß reden kann, ſondern auch mehr.“ Und in
2364 3134 3385 3176 einigen Minuten hatte er mit dem Stift der Hoſenſchnalle
2365 3173 3384 3213 einen präziſen Gemeindeſtempel darauf graviert. Bei aller
2363 3213 3385 3254 Bewunderung für ſeine Kunſt redete ich ihm doch zu, er
2360 3252 3384 3293 möge ſich ändern, vernünftig arbeiten und mit anſtändigen
2358 3292 3383 3331 Menſchen verkehren. „Fällt mir ein,“ gab er zur Antwort,
2362 3329 3381 3369 „bis jetzt hat's mir bei dem Leben noch jeden Abend zu
2363 3367 3380 3408 einem Rauſch gelangt!“ Dann lachte er auf: „Ueberhaupt,
2364 3407 3380 3448 wie kann man nur Sozialdemokrat ſein und ſich um andere
2362 3443 3381 3486 Menſchen kümmern!“ Ein Ideal hatte der Materialiſt und
2363 3484 3384 3525 Realiſt aber doch: ein großer Hochſtapler zu werden,
2362 3523 3389 3563 danach verlangte er ſehnſüchtig. Mich bat er, ihn in
2363 3560 3386 3602 die Geheimniſſe des Scheck⸗ und Wechſelweſens einzu⸗
2366 3600 3380 3641 weihen. Kenne er das, dann hoffe er nach Herzensluſt zu
2364 3638 3380 3682 fälſchen und damit in die höhere Stufe der Gaunerhierarchie
2368 3678 2568 3719 aufzurücken.
2469 3717 3375 3758 Inzwiſchen hatte ſich die St. Galler Regierung für
2365 3756 3380 3798 meine Verhaftung intereſſiert. Als jetzt von meiner Frau
2367 3795 3379 3835 ein Kiſtchen Bücher ſozialiſtiſchen Inhalts ankam, da ließ
2364 3835 3386 3874 ſie mir der Unterſuchungsrichter nicht nur bereitwillig
2366 3874 3379 3914 zukommen, ſondern er bat mich, ihm doch auch dieſe
2361 3911 3379 3950 Bücher zum Leſen zu überlaſſen. So ging die Feldkircher
2362 3949 3385 3990 Zeit zu Ende. Auch Genoſſe Bluch, mein Mitverhafteter,
2368 3988 3386 4028 konnte jetzt gehen. Er wurde aber nicht durch die Bahn
2365 4029 3385 4068 nach ſeiner Heimat „abgeſchafft“, ſondern wurde — echt
2362 4066 3383 4109 öſterreichiſch — in Begleitung eines Gendarmen zu Fuß
2362 4106 2806 4148 von Ort zu Ort geſchubt.
2465 4144 3386 4186 Auf der Heimreiſe traf ich in St. Margarethen
2362 4182 3385 4224 denſelben öſterreichiſchen Grenzjäger, der uns angehalten
2360 4221 3386 4262 hatte, wieder auf dem Poſten. Ich ſagte ihm, daß die
2361 4254 3382 4302 öſterreichiſchen Behörden mich mit den Erſatzanſprüchen
2363 4296 3384 4341 für die ungeſetzliche Verhaftung an ihn gewieſen hätten,
2361 4335 3382 4380 da er der eigentlich Schuldige ſei. Da ich aber wiſſe,
2361 4373 3385 4417 daß er ganze dreißig Gulden im Monat verdiene, ver⸗
2361 4412 3383 4456 zichtete ich darauf. Er dankte mir und ſagte: „Wenn
2362 4449 3382 4494 ich gewußt hätte, daß es ſich um Sozialdemokraten
2363 4489 3384 4532 gehandelt hat, hätte ich nicht ein⸗
2363 4528 3381 4570 gegriffen.“ Sein Bruder, ein Steinmetz in St. Mar⸗
2362 4567 3389 4615 garethen, ſetzte er hinzu, ſei auch Sozialdemokrat. Wir
2363 4606 3382 4658 ſeien aber als Anarchiſten auf dem Zollamt denunziert
2362 4647 3381 4702 worden. Nun ſtellte es ſich heraus, daß der Genoſſe
2361 4688 3377 4742 Remlinger, der in Heiden wohnte und mir früher ſchon
2359 4726 3375 4783 geholfen hatte, ein heimlicher Anarchiſt war, und daß
2355 4764 3375 4827 dieſer die Sache dem Zollamt verraten hatte. Jetzt war
2354 4803 3376 4873 mir klar, warum er nicht in Rheineck zur verſprochenen
2355 4842 2747 4889 Stunde gekommen iſt.
2452 4886 3367 4949 Später wurde Remlinger mit einigen Spitzeln und
2356 4921 3286 4983 Anarchiſten zuſammen aus der Schweiz ausgewieſen.
2453 4964 3367 5025 An Feldkirch ſollte ich noch eine überraſchende Er⸗
2355 4998 3365 5069 innerung haben. 1883 war in Zürich eine ſchweizeriſche
2354 5038 3366 5108 Landesausſtellung. Da erhielt ich eines Tages vom
2350 5077 3368 5149 Feldkircher Unterſuchungsrichter ein
