3488 5358
252 172 456 216 Nr. 16880
845 173 1126 224 Wien, Samstag
1544 186 2128 241 Neue Freie Presse.
2535 210 2765 246 1. Juli 1911
3200 219 3361 254 Seite 19
273 333 566 384 Telephon 1088
324 388 516 431 u. 22409.
739 243 2862 484 Hotelwesen und Fremdenverkehr.
3047 378 3333 430 Telephon 1088
3095 432 3277 479 u. 22409.
1416 475 2191 546 (Erscheint jeden Samstag.)
200 569 1247 709 Ferd. Hess „Hotel Oesterr. Hof“, Wien
461 696 992 738 I., Rotenturmstrasse 18.
249 733 1193 782 Vornehmes Familienhotel und Pension. Modernster Komfort.
363 771 1088 820 Unter persönlicher Leitung desselben Besitzers
203 813 1241 863 „Hotel König von Ungarn“, I., Schulerstrasse 10.
1210 793 1246 819 10
197 876 1237 1004 Residenz⸗Hotel, Wien
437 999 1000 1048 I., Teinfaltstrasse 6.
196 1045 1234 1094 In der Nähe des k. k. Hofburgtheaters und der Universität.
351 1083 1083 1127 Moderner Komfort. Altrenommiertes Restaurant.
630 1130 1202 1175 Ludwig Domansky, Besitzer.
1213 1099 1243 1132 2
197 1205 1238 1334 „Hotel de France“, Wien
377 1329 1045 1379 I., Schottenring Nr. 3.
191 1375 1230 1424 Altrenommiertes Haus ersten Ranges, mit modernstem Komfort
424 1415 1007 1459 ausgestattet. Vorzügliches Restaurant.
722 1463 1195 1501 Josef Payrhuber, Hotelier.
1209 1428 1234 1462 3
531 1529 882 1571 Ferd. Hegers
183 1583 1230 1706 „Hotel Kaiserin Elisabeth“ Wien
229 1710 1182 1760 I., Kärntnerstrasse u. Weihburggasse Nr. 3.
183 1761 505 1792 Vornehmes Familienhotel.
556 1761 911 1797 Altrenommiertes Restaurant.
963 1765 1223 1805 Modernster Komfort
178 1823 1221 1944 Hotel Müller, Wien
522 1949 892 1997 I., Graben 19.
207 2002 1220 2050 ltrenommiertes Familienhotel, Feines Restaurant. Modernster Komfort.
731 2052 1185 2096 Karl Bergmann, Besitzer.
1204 1955 1230 1988 5
383 2114 1218 2245 „Hotel Habsburg“, Wien
471 2245 1129 2295 I., Rotenturmstrasse 24
383 2291 1215 2329 (Neu renoviert). Familienhaus 1. Ranges. Modernster Komfort.
541 2321 1061 2357 Zentrale Lage. Nächst dem Stephansplatz.
781 2357 1212 2393 Julius Herzog, neuer Besitzer
1158 2331 1192 2357 23
171 2413 1211 2544 „Hotel de l'Europe“, Wien
427 2539 953 2581 M. Winternitz' Neffe
167 2576 1208 2632 II., Asperngasse 2 u. Praterstr. 18.
170 2626 1206 2677 Fein bürgerliches Haus. Altrenommiert. Speisesäle für Hochzeits-
363 2668 1014 2708 diners und Bankette. Modernster Komfort.
1149 2682 1183 2712 27
1193 2556 1215 2584 8
218 2734 492 2762 Neu eröffnet!
892 2742 1160 2775 Neu eröffnet!
167 2769 1205 2894 „HOTEL NEW YORK“
409 2892 964 2940 (vormals Hotel Romania)
163 2938 1199 3005 Wien, II., Kleine Sperlgasse 5
160 3010 1206 3059 in unmittelbarer Nähe des Nord- und Nordwestbahnhofes,
160 3044 1202 3098 5 Min. vom Stadtzentrum, Pracht-Neubau, 100 Zimmer.
163 3084 1205 3141 Elegantes Familienhotel mit allem der Neuzeit entsprechenden
162 3128 1202 3186 Komfort, wie: Lift, Zentralheizung, elektr. Licht,
161 3171 1198 3228 Kalt- und Warmwasser in jedem Zimmer etc
157 3218 1198 3270 Bäder im Hause. Elegante Hall, Musik-, Schreib- und
157 3260 1200 3316 Lesezimmer. Exquisite Küche. Mässige Preise.
635 3316 1129 3364 Besitzer: Karl Geiringer.
177 3389 1183 3519 „Hotel Südbahn“, Wien
419 3515 931 3567 IV., Favoritenstrasse 66.
156 3560 1194 3613 Feinbürgerliches Familienhaus. Modernster Komfort, An der Süd-
493 3602 864 3644 und Staatsbahn gelegen.
640 3647 1159 3691 Hans Kirchmayr, Hotelier.
1175 3614 1202 3644 6
153 3702 1190 3875 „Hotel Viktoria“, Wien
353 3865 980 3908 IV., Favoritenstrasse 11.
147 3912 466 3947 Vornehmes Familienhotel.
513 3914 873 3955 Altrenommiertes Restaurant,
926 3925 1187 3960 vis-à-vis dem Johann
174 3958 372 3987 Strauss-Theater.
592 3963 1163 4004 Josef Haagen, Kammerlieferant, Besitzer.
1133 3888 1163 3915 86
145 4018 1183 4146 Hotel u. Pension Hammerand
502 4150 823 4197 Wien VIII/1.
148 4194 1183 4250 Altrenommiertes Familien- und Pensionshotel, bestehend seit 1797
327 4237 1003 4288 Illustrierte Preiscourante gratis und franko.
1159 4262 1185 4291 9
161 4320 1160 4448 „Hotel Bellevue“, Wien
178 4449 1134 4509 IX., Am Franz Josef-Bahnhofe, Abfahrtseite.
142 4506 1171 4562 Elektr. Beleuchtung, Lift, Bäder, Post- u. Telegraphenamt im Hause
678 4570 1140 4611 Leopold Garai, Besitzer.
135 4557 161 4591 7
513 4645 801 4695 Hopfners
138 4696 1168 4837 „Park-Hotel Schönbrunn“ Wien-Hietzing
136 4822 1168 4871 Modernster Komfort. Five o'clock-Tea and Dinner Concert. Via-á-vis dem
220 4854 1089 4894 kaiserlichen Lustschlosse und Besitzer des Grand-Restaurants
429 4887 1142 4932 Paul Hopfner & Sohn, vis-à-vis der k. k. Hofoper.
159 4883 195 4914 24
137 4959 1166 5067 „Hotel Drei Kronen“, Wien
168 5048 749 5116 IV., Schleifmühlgasse 25,
771 5059 1130 5092 vis-à-vis dem Theater
843 5085 1057 5119 an der Wien.
133 5104 1166 5154 Fein bürgerliches Familienhotel, ganz neu, mit modernstem Komfort eingerichtet,
371 5139 920 5177 Lift and Bäder. Transenal-Quartiere.
788 5177 1164 5218 Alois Reinwein, Besitzer.
129 5169 391 5206 Telephon 11063.
1692 608 1919 673 Sarajewo.
1366 675 2318 739 Nach einer Fahrt in der Dauer von 26 Stunden (ſofern
1291 718 2315 776 man von Wien aus die Fahrt mit der Südbahn über Graz,
1289 752 2313 815 Steinbrück, Agram, Doberlin und Banjaluka gemacht hat und
1288 794 2312 854 nicht die kürzere, nur 20 Stunden dauernde Tour Budapeſt⸗
1287 833 2310 894 Szabadka⸗Bosniſch⸗Brod genommen) langt man im Herzen
1287 874 2309 933 unſeres neuen Reichslandes Bosnien an. Der Reiſende hat
1286 910 2307 972 bereits eine Fülle von Eindrücken in ſich aufgenommen und
1285 948 2307 1010 bedarf der Sammlung, denn das Fremdländiſche, Pittoreske und
1285 991 2306 1048 unvergleichlich Schöne der Szenerien, die wilden und mar⸗
1284 1027 2306 1089 kanten Formationen der Täler und Hänge packen die Sinne
1283 1069 1478 1108 und Nerven.
1358 1107 2305 1170 Wer Sarajewo noch nicht beſuchte, vermag ſich kaum eine
1281 1146 2306 1210 rechte Vorſtellung von dieſem Gemeinweſen zu machen. Sarajewo
1280 1184 2306 1246 iſt rieſig herangewachſen, hat ſich verſchönert, geſchmückt, manche
1280 1227 2306 1287 neuzeitige Note erhalten, ohne ſeine Type zu verändern. Es
1279 1265 2305 1326 wird von mehr als 45.000 Einwohnern bevölkert, unter denen
1279 1304 2305 1366 faſt 19.000 Mohammedaner ſind. Die Lage Sarajewos iſt geradezu
1278 1345 2303 1404 ideal, nur wenige Städte können ſich mit ihr in dieſer Hinſicht
1277 1387 2303 1447 meſſen. Hineingebaut in die an ſich ſchmale Milackaſchlucht,
1277 1426 2303 1484 überragt von Felſengebirgen, zieht ſich der alte, ob ſeiner
1275 1464 2303 1522 Originalität bewundernswerte Stadtteil hoch hinauf an die
1276 1501 2302 1563 Hänge bis zum alten türkiſchen Feſtungswerke, welches die Vor⸗
1274 1542 2304 1599 kuppen der Berge krönt. Ganz anders die neue Stadt, die wie
1275 1583 2303 1638 mit Zauberhand in einigen Jahrzehnten erſtanden iſt und be⸗
1273 1622 2301 1680 weiſt, was neuzeitige Kultur ſelbſt in rückſtändigſten Gebieten zu
1271 1661 2301 1719 ſchaffen vermag. Dieſe neue Stadt erſtreckt ſich zum Teile ſchon
1272 1700 2299 1758 in die Ebene des Sarajevsko Polje hinaus. Was gibt es da für
1271 1741 2299 1798 den Fremden zu ſchauen, was zu bewundern! Gegen hundert
1271 1780 2297 1840 Moſcheen birgt Sarajewo, durchwegs, alte hiſtoriſche Punkte,
1270 1821 2297 1875 welche der Stadt ihr feſſelndes Gepräge verleihen. Die inter⸗
1271 1859 2284 1917 eſſanteſte und größte dieſer Moſcheen iſt die Ghazi Husrev Beg⸗
1269 1899 2299 1957 Moſchee, welche nachgewieſen in den Jahren von 1526 bis 1530
1267 1939 2298 1994 vom bosniſchen Vezier Paſcha Ghazi Husrevbeg erbaut wurde
1268 1978 2295 2032 und ob ihrer typiſchen Schönheit bei den Mohammedanern einen
1266 2014 2296 2075 Weltruf genießt. Das will bei den Abertauſenden von
1266 2054 2295 2114 Moſcheen, die den Moslims zu eigen ſind, etwas bedeuten!
1341 2097 2297 2152 Der Fremde iſt von dem Geſamtbilde entzückt und er
1264 2136 2297 2192 glaubt ſchon am erſten Tage annehmen zu dürfen, daß er ſein
1264 2175 2295 2232 Reiſeprogramm, das ihm für drei Tage den Aufenthalt in der
1263 2214 2293 2269 bosniſchen Hauptſtadt vorſchreibt, nicht einhalten zu können.
1260 2251 2294 2311 Was ſind anderthalb Tage zur Beſichtigung der Stadt und ihrer
1260 2293 2293 2350 Sehenswürdigkeiten, was ein halber Tag für den geplanten Aus⸗
1260 2332 2289 2390 flug in die Landeskuranſtalt Ilidze und zu den vielgerühmten
1260 2372 2289 2429 maleriſchen Bosnaquellen, und was endlich ein einziger Tag
1259 2411 2291 2468 für den Ausflug auf der wildromantiſch gelegenen Oſtbahn bis
1258 2449 2290 2507 Viſegrad oder Uvac und zurück! Solche ſeltſame Gebiete müſſen
1256 2490 2287 2547 voll und ganz genoſſen werden, denn oft beſucht der einzelne
1255 2526 2287 2586 Bosnien nicht, alſo ſoll auch die Gelegenheit voll ausgenützt
1255 2570 2285 2625 werden. Wenn man dem Reiſenden raten ſoll, ſo halte er ſich
1256 2609 2285 2663 zwei bis drei Tage in Sarajewo und ebenſolange in der Landes⸗
1256 2649 2287 2704 kulturanſtalt Ilidze auf, damit er in Ruhe alles beſichtigen
1255 2686 2286 2744 könne. Von Ilidze iſt ein ſo reger Lokalzugsverkehr nach der
1254 2727 2283 2782 Hauptſtadt, daß man ſogar in Ilidze überhaupt abſteigen und
1252 2766 2283 2822 dort ſtändig wohnen kann, ohne ſein Programm verſchieben zu
1252 2805 2280 2861 müſſen. Das iſt übrigens Anſichtsſache, denn die Hotels in
1253 2845 2282 2900 Sarajewo ſind gleichfalls auf der Höhe der Zeit und ſehr
1252 2884 2282 2938 empfehlenswert. Man promeniert alſo in der neuen Stadt auf
1252 2924 2281 2978 modern ausgebauten Straßen; man fühlt ſich da förmlich auf
1251 2962 2279 3021 internationalem, für den Fremdenverkehr eingerichteten
1250 2998 2278 3057 Boden. Kaum hat man aber dieſe Straßen verlaſſen und
1249 3040 2278 3097 lenkt in eine Seitengaſſe ein, weiß man, daß uns der
1249 3078 2279 3136 Orient an den Zweck der Reiſe erinnert und umfängt. Auf
1250 3119 2276 3175 Schritt und Tritt wechſeln echt orientaliſche Bilder und feſſeln
1249 3157 1743 3209 die geſpannteſte Aufmerkſamkeit.
1328 3200 2276 3253 Der Brennpunkt der Originalität bildet das türkiſche Markt⸗
1250 3236 2275 3291 viertel, die ſogenannte „Carſina“; es iſt ein türkiſches Handels⸗
1250 3277 2274 3330 viertel, beſteht aus etwa ſechzig Gäßchen, und dieſes hat ſich hin⸗
1249 3316 2271 3373 ſichtlich des dort herrſchenden Lebens und Treibens auch völlig
1247 3357 2272 3411 unverfälſcht und ſeit Jahrhunderten unverändert erhalten. Die
1244 3395 2270 3450 Händler und Handwerker ſitzen da, wie im ganzen entfernteren
1245 3434 2271 3490 Orient, mit untergeſchlagenen Beinen in ihren Werkſtätten, die
1243 3474 2269 3530 ihnen gleichzeitig als Läden dienen, und wer ſich die Mühe
1243 3514 2268 3569 nimmt, dieſe Waren eingehend zu beſchauen, der wird ſtaunen,
1242 3553 2267 3609 zwiſchen vielem minderwertigen Krimskrams wundervolle Erzeug⸗
1242 3592 2267 3648 niſſe orientaliſcher Kunſt, Metallarbeiten, Tauſchier⸗ und Filigran⸗
1241 3632 2269 3686 arbeiten von hohem Werte vorzufinden. Farbenſatt und bunt mutet
1240 3670 2267 3727 dieſes Marktgetriebe, es erfordert Nerven, denn die Ausrufer
1238 3710 2264 3764 lärmen, die Menſchen drängen, dazwiſchen treibt man die Trag⸗
1237 3751 2265 3804 tiere mit ihren Karren und die Menſchen, ſpeziell die weiblichen
1238 3789 2263 3845 Marktleute und Beſucherinnen, türkiſche und chriſtliche, mit
1235 3829 2262 3881 ihren grellfarbigen Gewändern neben den martialiſchen Ge⸗
1235 3867 2262 3925 ſtalten der Landleute, daneben die mohammedaniſchen Agas mit
1236 3906 2261 3964 ihrer vornehmen Ruhe vereinigen ſich zu ganz unvergeßlichen
1233 3946 2260 4004 Bildern des Orients. Auch Sarajewos Umgebung bietet viel
1233 3985 2258 4042 Sehenswertes, unter dem die Landeskuranſtalt Ilidze den erſten
1232 4023 2259 4082 Rang einnimmt. Es wurde hier ein ganz modern eingerichtetes
1231 4065 2257 4120 Badeetabliſſement geſchaffen. Die Heilquelle — eine ſchon zu
1230 4104 2258 4159 Römerszeiten gekannte Schwefeltherme — genießt einen trefflichen
1229 4142 2258 4198 Ruf und die Thermal⸗ und Moorbäder ſind von höchſter
1227 4180 2255 4238 Wirkung. Dabei liegen nächſt Ilidze herrliche Nadelwaldungen,
1227 4222 2256 4278 wohin ſich zu Wagen und zu Pferde ſehr lohnende Ausflüge
1227 4260 2256 4316 unternehmen laſſen. Kaum 3 ½ Kilometer von der Kuranſtalt
1227 4301 2254 4355 entfernt entſpringt die Bosna in einer mächtigen Quelle, die in
1224 4337 2255 4396 reicher Waſſermenge dem Berge entſtrömt; dort wird auch eine
1224 4378 2251 4435 Wirtſchaft betrieben und iſt eine große Forellenzucht zu ſehen.
1223 4416 2254 4474 Wer Bergtouren unternehmen will, dem iſt von Ilidze aus beſte
1224 4455 2252 4515 Gelegenheit geboten. Der Berg Bjelasnica mit dem meteorologi⸗
1221 4494 2254 4554 ſchen Obſervatorium iſt bequem zu erreichen, zu Fuß oder zu
1221 4534 2250 4590 Pferd in acht Stunden, auf herrlichem, durch Fichtenwäldern
1221 4574 2250 4629 führendem Pfade. Ebenſo lohnt ſich der Aufſtieg auf den
1219 4613 2249 4667 Treſtarica mitten in der großartigen Gebirgswelt und bei klaren
1219 4651 2249 4708 Tagen ſind ſelbſt die Montenegriner und Albanerberge zu
1217 4692 1334 4732 ſchauen.
1214 4772 2249 4828 Die Rundreiſekarten zu einem Ausfluge nach Dalmatien
1515 4811 1958 4857 für unſere fremden Gäſte
1216 4858 2247 4918 werden ſtets populärer. Wer im Süden Aufenthalt nimmt und
1214 4901 2245 4959 ſich von Abbazia, Trieſt, Pola oder Fiume aus zu einer kurzen
1213 4939 2246 4997 Tour nach dem pittoresken Küſtengebiete Dalmatiens entſchließt,
1213 4977 2245 5036 der kann die Tour leicht und bequem in einigen Tagen abſol⸗
1212 5018 2245 5075 vieren. Unſere Schiffahrtsunternehmungen, und zwar ſowohl der
1211 5054 2242 5113 Oeſterreichiſche Lloyd als auch die Ungaro⸗Croata, Raguſea,
1209 5094 2242 5154 Topic und Rismondo geben Rundreiſekarten erſter Klaſſe aus, welche
1211 5136 2241 5194 zur Fahrt von den obgenannten Städten, beziehungsweiſe Häfen
1210 5173 2242 5234 bis Cattaro und zurück mit beliebigen Fahrtunterbrechungen
2357 613 2813 758 Abbazia
2853 611 3396 711 Villa Ayram
2868 713 3378 751 mit Dependance „Villa Delfina“
2953 747 3298 785 der Frau Anna Lanzer.
2439 789 3391 823 Direkt am Meere, Südstrand, gelegen. Gemütliches Familienheim. Bekannt
2358 815 3394 852 vorzügliche Verpflegung. Schöner Garten direkt am Meere, Massige Preise.
2359 843 2719 874 Man verlange Gratisprospekt.
3362 852 3395 880 63
2361 904 2663 980 Meran
2358 1000 2656 1046 Süd-Tirol
2702 911 3387 1059 Palast-Hotel.
2355 1059 3387 1105 Saison September bis Juni. Im Sommer Auto-Ausflüge ins Ortler-
2354 1096 3384 1144 gebiet und Dolomiten. Das Hotel liegt in grossem, alten Park.
2352 1133 3387 1178 150 Zimmer und Wohnungen mit Bad. Grosse Garage (Boxes).
2387 1167 2812 1204 40 HP. Auto zu vermieten.
2868 1172 3350 1211 FRANZ LEIBL, Besitzer.
2376 1231 2703 1367 München
2757 1237 3333 1327 Hotel Englischer Hof.
2736 1336 3360 1368 Altrenommiertes Haus ersten Ranges in feinster,
2737 1364 3361 1394 ruhigster und zentraler Lage im Mittelpunkte aller
2736 1390 3360 1421 Sehenswürdigkeiten, gegenüber der Hauptpost, den
2374 1410 3360 1450 königl. Theatern und der Residenz. Jeder moderne grossstädtische Komfort. An-
2374 1437 3361 1474 erkannt vorzüglichste Wiener Küche. Appartements mit Bad. Volle Pension mit
2373 1463 3358 1500 Zimmer von Mk. 8.— an auch bei ganz kurzem Aufenthalte. Zimmer von Mk. 3.—
2372 1489 2484 1517 aufwärts.
3016 1495 3334 1527 Karl Posch, Besitzer.
2841 1494 2881 1522 98
2345 1539 2611 1613 Goisern
2347 1622 2557 1693 Gosau
2343 1703 2664 1775 Hallstatt
2676 1543 3386 1586 oberösterr. Salzkammergut. Die Genossenschaft
2675 1577 3385 1620 der Gastwirte dieser Orte empfiehlt hiemit die
2675 1616 3383 1659 dortigen Hotels und Gasthöfe bei längerem
2676 1651 3381 1691 oder kürzeren Aufenthalt. Diese im schönsten
2673 1682 3381 1727 Teile des Salzkammergutes, und zwar im
2673 1717 3382 1765 Traun- und Gosautal und am herrlich gelegenen
2672 1752 3383 1795 Hallstättersee befindlichen Orte eignen sich vor-
2343 1781 3382 1834 züglich zum Sommer- u. Kuraufenthalt infolge der Goiserer Schwefel-,
2345 1818 3381 1868 Radium- und Soolbader, und sind die Preise bei sehr guter Verpfle-
2342 1855 3381 1900 gung mässig zu nennen. Alle wünschenswerten Auskünfte erteilt
2342 1888 3379 1937 die Genossenschaftsvorstehung in Goisern, Herr Gasthofbesitzer
2344 1920 3378 1975 Tiefenbacher in Gosau und Herr Gasthofbesitzer Klackl in Hallsatt.
2580 1993 3149 2043 Marienbad
2339 2048 3376 2185 „Palace-Hotel Fürstenhof“
2700 2171 3017 2212 Haus ersten Ranges.
2435 2201 3274 2252 Modernster Komfort. — Zimmer mit Bad und Toilette.
2844 2251 3338 2296 Emil Baruch, Hof-Hotelier.
2365 2328 2756 2368 KONIG EDUARD-AVENUE
2976 2337 3339 2378 KONIG EDUARD-AVENUE
2645 2373 3105 2429 MARIENBAD
2368 2422 3341 2507 ESPLANADE-HÔTEL
2331 2514 3373 2566 Modernstes, mit allem Komfort der Neuzeit ausgestattetes Hotel
2332 2563 2612 2600 allerersten Ranges.
2997 2569 3335 2615 Josef Zischka jun.
2804 2570 2844 2605 96
2404 2626 3286 2709 Karlsbad.
2331 2707 3364 2840 Stadler's „Palais Germania“
2567 2839 3127 2900 Westend.
2325 2900 3361 2942 In ruhiger, staubfreier Lage, nahe den Quellen und dem Walde,
2325 2928 3361 2969 mit herrlichem Fernblick auf die Berge. Modernster Komfort,
2325 2953 3360 2994 Lese, Konversations- und Musikzimmer. Appartements mit
2400 2980 3279 3019 Bad, Kalt- und Warmwasseranlage in allen Zimmern.
3315 2996 3361 3022 107
2347 3031 2822 3219 Montreux
2430 3252 2724 3299 (Genfersee).
2842 3045 3330 3131 Grand Hotel Eden
2838 3140 3330 3177 Modernstes deutsches Familienhotel, in
2836 3186 3329 3218 allerbester, ruhigster Lage am See,
2835 3227 3331 3264 neben dem Kursaal. Garten. Mässige
3036 3268 3122 3300 Preise.
3296 3272 3334 3304 52
2315 3322 2843 3578 Montreux
2853 3322 3352 3442 Hotel Continental
2855 3445 3351 3478 Familienhaus mit neuestem Komfort.
2854 3472 3348 3506 Zentralheizung. Ruhig gelegen.
2854 3497 3351 3531 Grosser Park am neuen Quai. Ganz-
2854 3522 3350 3557 jährig geöffnet, Zimmer von Frcs. 3.—,
2854 3550 3350 3583 Pension von Frcs. 8—18. Omnibus am
2855 3576 3350 3611 Bahnhof und an der Schiffslände.
2946 3603 3325 3638 J. A. NEUBRAND, Besitzer.
2331 3672 2812 3918 PARIS
2848 3684 3320 3797 Hotel Louvois
2847 3800 3315 3866 Square Louvois (Oper)
2845 3865 3317 3924 ☛ NEU ☚
2332 3922 3312 3971 Eines der elegantesten und der modernsten Hotels von Paris.
2500 3962 3139 4004 40 Meter Fassade mit Gartenaussicht.
2681 4005 3311 4043 Direktor, früher Hotel Stephanie-
2771 4035 3219 4070 Kuranstalten, Abbazia.
2332 3998 2671 4063 Th. Färber,
2332 4118 3312 4275 Ostende.
2413 4291 3216 4365 Hotel Continental
2324 4366 3309 4409 Grösstes Haus allerersten Ranges. In unmittelbarer Nähe des neuen Kursaales
2325 4394 3306 4436 und der königlichen Sommerresidenz. Zimmer von 6 Francs aufwärts, Pension
2555 4423 3071 4461 inklusive Zimmer von 20 Francs aufwärts.
2406 4454 3223 4501 Grand Hotel Kursaal and Beau Site
2321 4499 3306 4541 Bestgelegenes deutsches Haus am Strande. Herrlicher Blick auf die Bäder und
2695 4531 2929 4563 die Hafeneinfahrt.
2405 4571 3214 4646 Splendid Hotel
2319 4647 3300 4689 Haus allerersten Ranges. Prachtvollste Lage am Meere. Mit höchstem Komfort
2320 4674 3299 4716 eingerichtet. 500 Zimmer. Zimmer von 6 Francs aufwärts. Zimmer mit voller
2524 4701 3093 4739 Pension (Gartenseite) von 15 Francs aufwärts.
2404 4739 3209 4830 Hotel de la Plage
2316 4817 3298 4864 Das eleganteste Hotel von Ostende mit luxuriösem Restaurant. Umgebaut und
2316 4849 3298 4889 neu ausgestattet. Jeder moderne Komfort. Nächst dem Kursaale auf dem
2316 4871 3297 4918 frequentesten Teile des Strandes. Zimmer mit einem Bett von 6 Francs auf-
2315 4900 3296 4944 wärts. Zimmer mit zwei Betten von 10 Francs aufwärts. Salon von 20 Francs
2403 4927 3200 4967 aufwärts. Pensionsarrangements von 20 Francs per Tag aufwärts.
2314 4973 3047 5052 BAD DARKAU
3074 4988 3287 5031 (Oesterr.-
3058 5024 3293 5066 Schlesien).
2313 5051 3293 5100 Stärkstes Jodbromsolbad ersten Ranges. Einziges Bad, wo
2313 5081 3292 5125 in reiner Jodsole gebadet werden kann. Indikationen: Skrofu-
2310 5104 3292 5154 lose, Syphilis, Exsudate, Arterienverkalkung, Knochen- u. Gelenkserkrankungen,
2311 5132 3292 5179 Frauenleiden, Rheumatismus etc. Modernste Kurbehelfe. Alter Park. Elegante
2312 5158 3291 5205 Unterkunft. Pension für Kinder (ohne Begleitung). Post-, Telegraphen- u. Bahn-
2311 5185 3290 5231 station. Saison 15. Mai bis 1. Oktober. Chefarzt Dr. v. Klimek. Auskünfte
2311 5212 3286 5258 und Prospekte durch die Exz. Graf Larisch-Mönnichsche Kurverwaltung Durkan.
