3456 5339
178 184 334 226 Seite 2
732 176 1016 223 Wien, Samstag
1455 166 2045 212 Neue Freie Presse.
2485 161 2724 208 1. Juli 1911
3068 157 3280 204 Nr. 16830
137 252 1178 324 Die Eröffnung der parlamentariſchen Cam⸗
206 317 1120 387 pagne im Deutſchen Nationalverbande.
861 382 1140 421 Wien, 30. Juni.
224 428 1181 481 Der Vollzugsausſchuß des Deutſchen National⸗
140 471 1182 524 verbandes hat heute nach den Wahlen ſeine erſte Sitzung
143 513 1181 572 gehalten. An der Beratung nahmen außer den Mit⸗
142 559 1180 611 gliedern des Vollzugsausſchuſſes noch mehrere andere
145 598 1179 658 Abgeordnete teil, darunter auch einige neugewählte. Da
143 644 1181 699 der Deutſche Nationalverband noch nicht neu konſtituiert
146 686 1178 744 iſt, konnten politiſche oder taktiſche Beſchlüſſe, durch welche
143 729 1178 787 der Verband für die Zukunft gebunden würde, ſelbſt⸗
146 774 1178 829 verſtändlich nicht gefaßt werden. Trotzdem hat die Be⸗
145 818 1177 872 ratung nach zwei Punkten wichtige Ergebniſſe zu Tage
142 859 1180 918 gefördert, die zweifellos auch nach der Konſtituierung ihre
141 900 1182 958 Nachwirkung üben werden. Es wurden nämlich Verein⸗
145 945 1181 1005 barungen getroffen, die ſich erſtens auf die Ein⸗
145 990 1182 1048 ladungen zu der konſtituierenden
145 1032 1181 1091 Sitzung und zweitens auf das Verhalten der
146 1075 1183 1134 deutſchen Abgeordneten, die eventuell mit der
146 1119 1142 1178 Regierung in Berührung treten werden, beziehen.
223 1162 1184 1219 Nächſten Freitag wird eine Vollverſammlung
146 1204 1185 1263 des Deutſchen Nationalverbandes ſtattfinden. In der
148 1245 1182 1308 heutigen Konferenz mußte die Frage entſchieden werden,
142 1292 1181 1349 welche Abgeordneten zu dieſer konſtituierenden Sitzung
145 1332 1182 1396 eingeladen werden ſollen. Dieſe Frage wurde
146 1374 1183 1440 gemäß einer Anregung des Abgeordneten Wolf im
144 1420 1184 1479 Weſen dahin entſchieden, daß alle jene Abgeordneten ein⸗
147 1462 1183 1525 geladen werden, die auf das Programm des
146 1507 1183 1565 Deutſchen Nationalverbandes kandi⸗
147 1549 1185 1611 diert haben, oder die ſich ihren Wählern gegenüber
147 1593 1184 1654 zum Eintritt in den Deutſchen National⸗
148 1644 753 1695 verband verpflichteten.
220 1680 1186 1738 Demgemäß werden von den Wiener Abge⸗
141 1724 1187 1782 ordneten zwei, nämlich die Abgeordneten Doktor
141 1768 1187 1824 Waber und Ganſer, zur konſtituierenden Sitzung
142 1809 1186 1869 eingeladen werden. Der erſtere hat als Deutſchnationaler
143 1854 1185 1910 kandidiert, der letztere hat vor der Stichwahl die erwähnte
143 1898 1185 1954 Verpflichtung übernommen. Nicht eingeladen werden die
142 1943 1185 1997 drei bisherigen Wiener Abgeordneten Hofrat Kuranda,
141 1983 1186 2040 Baron Hock, Dr. Ofner, ferner die neugewählten Ab⸗
141 2027 1186 2084 geordneten Dr. Neumann, Denk, Friedmann,
141 2067 1185 2125 Zenker und Dr. Pollauf. Nach den Klubſtatuten
142 2109 1184 2169 können dieſe Abgeordneten in den Verband dann ein⸗
144 2155 1187 2211 treten, wenn ſie ihren Beitritt anmelden und dieſer mit
145 2200 1189 2254 einfacher Stimmenmehrheit von der Vollverſammlung ge⸗
142 2252 397 2300 nehmigt wird.
229 2285 1189 2338 Von den niederöſterreichiſchen Abge⸗
148 2329 1190 2383 ordneten werden Dr. Schürff und Wedra ein⸗
145 2373 1188 2428 geladen, der Kompromißkandidat Kittinger wird
145 2415 1188 2471 nicht eingeladen. Aus den übrigen Kronländern werden
145 2460 1186 2515 ſämtliche deutſchfreiheitlichen Abgeordneten eingeladen, mit
146 2509 674 2555 Ausnahme der Schönerianer.
228 2547 1192 2597 Dieſer Beſchluß wurde damit motiviert, daß der
145 2587 1190 2643 Deutſche Nationalverband ſchon aus formellen Gründen
153 2632 1188 2684 nur jene Abgeordnete zur Konſtituierung laden könne,
153 2674 1192 2725 von denen im voraus feſtſteht, daß ſie geladen ſein
154 2720 1193 2769 wollen, die alſo durch ihr Wahlprogramm oder durch
151 2761 1193 2813 öffentliche Erklärungen ihre Zugehörigkeit zum National⸗
151 2811 593 2854 verband bekundet haben.
233 2847 1193 2899 Die zweite wichtige Vereinbarung betrifft das vor⸗
154 2891 1192 2943 läufige Verhalten der deutſchen Abgeordneten gegenüber
152 2933 1191 2985 dem Miniſterpräſidenten Baron Gautſch. Es wurde
154 2977 1197 3031 zunächſt feſtgeſtellt, daß bisher kein deutſcher Abgeordneter
151 3022 1194 3071 mit dem neuen Miniſterpräſidenten geſprochen und
151 3064 1196 3115 daß auch noch keiner von ihm eine Einladung zu einer
155 3106 1198 3159 Beſprechung erhalten hat. Für den Fall, als ſolche
155 3149 1200 3204 Konferenzen ſtattfinden ſollten, wurde den Teilnehmern
157 3197 805 3246 folgende Direktive mitgegeben:
234 3236 1196 3289 Die deutſchen Abgeordneten werden eventuelle Mit⸗
157 3278 1200 3336 teilungen des Miniſterpräſidenten bloß ad referendum
158 3322 1195 3381 nehmen und können bezüglich der Haltung des National⸗
1215 247 2250 300 verbandes gegenüber der Regierung keinerlei präjudizier⸗
1216 292 2250 343 liche Meinungsäußerungen abgeben, da weder das Pro⸗
1218 336 2251 385 gramm der neuen Regierung bekannt iſt noch auch der
1217 378 2249 427 Nationalverband vor ſeiner Konſtituierung eine politiſche
1217 422 2250 473 Verpflichtung übernehmen kann. Hingegen werden die Ab⸗
1216 466 2250 519 geordneten, die mit dem Miniſterpräſidenten politiſche Be⸗
1217 511 2252 561 ſprechungen haben ſollten, ihn nicht in Zweifel darüber
1217 551 2251 606 laſſen, welches die allgemeinen politiſchen Auffaſſungen
1216 597 2253 648 im Nationalverbande ſind. Sie werden demgemäß
1217 641 2251 691 gegebenenfalls erklären, daß der Nationalverband jede
1213 684 2252 736 Perſonalkoalition perhorresziert, daß
1217 728 2251 779 er auch eine Parteienkoalition, die auf eine
1215 768 2252 824 Parlamentariſierung des Miniſteriums abzielen würde, ſo
1216 812 2252 866 lange für unmöglich hält, bis die ſachliche Grundlage
1216 857 2253 910 dafür geſchaffen wäre, und daß er insbeſondere und
1217 899 2252 954 mit dem allergrößten Nachdruck eine objektive
1215 942 2251 998 Führung der Verwaltung verlangt, die ſich
1216 986 2252 1042 von jeder Beeinfluſſung von außen, ſei es
1216 1030 2250 1085 durch parlamentariſche oder außerparlamentariſche Trieb⸗
1217 1082 1600 1128 kräfte, fernehält.
1296 1115 2255 1171 Dieſe Forderungen ſind das Ergebnis einer längeren
1218 1159 2254 1216 politiſchen Debatte, die heute geführt wurde und in der die
1218 1202 2254 1259 meiſten Redner für die Erhaltung der Grundſätze des bis⸗
1219 1246 2253 1304 herigen Regierungsſyſtems des Freiherrn v. Bienerth
1217 1301 1510 1349 eingetreten ſind.
1296 1338 2251 1396 Ueber die Einzelheiten der heutigen Beratung er⸗
1218 1393 1837 1445 halten wir folgende Mitteilungen:
1260 1452 2212 1510 Die Beratung des Vollzugsausſchuſſes des
1408 1502 2070 1552 Deutſchen Nationalverbandes.
1303 1555 2255 1612 Ueber die heutige Sitzung des Vollzugsausſchuſſes
1225 1605 1992 1658 wird folgendes Communiqué veröffentlicht:
1303 1651 2258 1708 „Heute nachmittags trat der vom Deutſchen National⸗
1227 1696 2258 1754 verbande nach der Auflöſung des Abgeordnetenhauſes ein⸗
1226 1739 2256 1798 geſetzte Vollzugsausſchuß unter dem Vorſitze des Ab⸗
1225 1784 2258 1839 geordneten Dr. Sylveſter zu einer Sitzung zuſammen,
1227 1828 2259 1881 um über die Modalitäten der Neukonſtituierung
1226 1872 2261 1925 des Deutſchen Nationalverbandes zu
1226 1916 2261 1971 beraten. An der Sitzung nahmen teil die Abgeord⸗
1226 1959 2260 2014 neten: Dr. Groß, Erb, Herzmansky, Markhl,
1227 2000 2260 2056 Dr. v. Oberleithner, Pacher, Dr. Roller,
1225 2046 2261 2101 Miniſter a. D. Dr. Schreiner, Dr. Stein⸗
1224 2089 2262 2145 wender, Dr. Stölzel, Wolf, Dr. Urban,
1226 2133 2262 2189 Jeſſer und Dr. v. Langenhan; ferner die neu⸗
1226 2177 2261 2233 gewählten Abgeordneten Hummer, Dr. Waber und
1228 2230 1480 2274 Dr. Wichtl.
1306 2262 2263 2320 Es wurde beſchloſſen, alle diejenigen Ab⸗
1230 2306 2262 2364 geordneten zum Beitritte einzuladen,
1228 2349 2263 2406 welche auf das Programm des Deutſchen
1229 2393 2265 2447 Nationalverbandes kandidiert und ſich
1228 2437 2266 2494 den Wählern verpflichtet haben, dem
1229 2486 2044 2540 Nationalverbande beizutreten.
1310 2533 2263 2589 Die konſtituierende Sitzung wurde für
1232 2577 2265 2633 Freitag den 7. Juli um 3 Uhr nachmittags in Aus⸗
1232 2621 2264 2677 ſicht genommen; am Vormittag desſelben Tages wird
1231 2664 2263 2721 der Vollzugsausſchuß zu einer Sitzung zuſammentreten.
1231 2708 2264 2765 Der bisherige Vorſtand wurde mit der proviſoriſchen
1232 2756 1872 2808 Weiterführung der Geſchäfte betraut.
1307 2797 2265 2849 Es fand ſodann eine eingehende Debatte über die
1225 2839 2266 2891 gegenwärtige politiſche Lage ſtatt, wobei einmütig die
1227 2882 2268 2936 Auffaſſung zu Tage trat, daß den neuen Verhältniſſen
1228 2925 2266 2979 gegenüber eine zuwartende Haltung ein⸗
1229 2969 2267 3020 zunehmen ſei, da auch das Programm der Regierung und
1228 3011 2267 3064 die politiſche Richtung, welche ſie einzuſchlagen gedenkt,
1228 3055 2267 3107 gegenwärtig noch nicht bekanntgegeben worden ſind. Der
1227 3099 2267 3149 Deutſche Nationalverband muß unter allen Umſtänden an
1225 3140 2270 3194 der Forderung, daß die Verwaltung eine
1227 3184 2270 3235 ſtreng objektive ſei, feſthalten. Hinſichtlich des
1228 3227 2269 3279 Regierungsſyſtems wurde allſeits der
1229 3271 2269 3322 Anſchauung Ausdruck gegeben, daß ein
1231 3312 2268 3363 parlamentariſches Kabinett, welches
2280 237 3322 287 lediglich eine Perſonenkoalition dar⸗
2280 287 2797 331 ſtellt, unmöglich ſei.
2353 326 3316 374 Zu Beginn der Sitzung gedachte die Verſammlung
2277 373 3315 414 des abtretenden Vorſitzenden des Verbandes Dr. Frei⸗
2281 412 3321 460 herrn v. Chiari und beſchloß einmütig, ihm für ſein
2280 459 3321 502 überaus verdienſtvolles Wirken den wärmſten Dank und
2280 500 3322 547 Anerkennung auszuſprechen. Ebenſo wurde vom Vor⸗
2279 545 3321 591 ſitzenden den dem Abgeordnetenhauſe nun nicht mehr an⸗
2281 589 3324 634 gehörenden Verbandsmitgliedern Profeſſor Bendel,
2282 629 3330 678 Huſak, Dr. v. Ritſche, Dr. Perathoner,
2282 677 3328 718 Dr. Prade, Dr. Skedl, Dr. Weidenhoffer,
2278 717 3330 761 Eduard v. Stransky, Fürſt Auersperg,
2278 761 3331 804 Bernkopf, Hofmann (Vinzenz), Kirchmayr,
2280 804 3327 847 Schilder, Winter und Zuleger unter lebhafter
2283 846 3326 890 Zuſtimmung der Verſammlung der Dank für ihr pflicht⸗
2280 891 3331 934 bewußtes, treues Eintreten für die Intereſſen des
2288 933 2883 977 deutſchen Volkes ausgeſprochen.“
2360 977 3118 1022 Zur heutigen Sitzung erfahren wir noch:
2360 1031 3245 1074 Die Einladungen zur konſtituierenden Sitzung des
2634 1073 2984 1102 Nationalverbandes.
2363 1107 3331 1159 Bezüglich des Beitrittes der Parteien, beziehungs⸗
2284 1156 3337 1201 weiſe Abgeordneten wurden folgende Anträge des Abge⸗
2285 1201 3065 1243 ordneten Wolf einſtimmig angenommen:
2362 1243 3323 1288 1. Alle jene Herren Abgeordneten, welche im ver⸗
2284 1286 3289 1334 floſſenen Hauſe dem Nationalverbande angehört haben;
2365 1332 3331 1377 2. diejenigen Herren Abgeordneten, die auf das
2287 1373 3334 1420 Programm einer der bisher im Nationalverband vertretenen
2287 1419 2772 1463 Parteien kandidiert haben;
2370 1459 3332 1505 3. die Herren Abgeordneten, die auf das Programm
2288 1505 3104 1549 der deutſchen Arbeiterpartei kandidiert haben;
2364 1547 3330 1593 4. diejenigen Herren Abgeordneten, welche unter der
2286 1591 3327 1638 Verpflichtung, dem Nationalverbande beizutreten, kandi⸗
2288 1633 3333 1679 diert haben, ſind zur konſtituierenden Sitzung des Deutſchen
2290 1678 2827 1724 Nationalverbandes einzuladen.
2367 1736 3241 1775 Der Nationalverband und das Regierungsſyſtem.
2372 1780 3326 1824 In der Debatte über die politiſche Situation wurde
2292 1823 3329 1870 darauf verwieſen, daß jede etwa geplante
2292 1866 3328 1912 Syſtemänderung auf den ſchärfſten
2292 1909 3328 1958 Widerſtand des Deutſchen Nationalver⸗
2292 1957 2734 1999 bandes ſtoßen müſſe.
2370 1994 3336 2041 Mit lebhaftem Bedauern müſſe auch feſt⸗
2293 2036 3335 2086 geſtellt werden, daß durch das einſeitige Vor⸗
2293 2084 3335 2130 gehen der Chriſtlichſozialen ein Wechſel
2292 2127 3336 2172 im Miniſterpräſidium ſtattgefunden habe, ohne
2292 2168 3335 2213 daß der Deutſche Nationalverband zu der durch das
2291 2211 3334 2257 Stichwahlergebnis herbeigeführten geänderten Situation
2292 2257 2754 2300 Stellung nehmen konnte.
2333 2302 3294 2343 Weitere Mitteilungen über die Sitzung des National⸗
2706 2340 2909 2372 verbandes.
2365 2378 3336 2426 Zu dem Communiqué erhalten wir aus Vorſtandskreiſen
2295 2420 3338 2464 des Deutſchen Nationalverbandes noch folgende Mitteilungen:
2295 2459 3336 2506 Der Vorſitzende Dr. Sylveſter ſowie die Abgeordneten
2299 2500 3338 2546 Dr. Groß und Wolf gaben im Laufe der Erörterung eine
2300 2539 3340 2587 umfaſſende Darſtellung der innerpolitiſchen Vorgänge ſeit der
2300 2581 3339 2626 Auflöſung des Reichsrates. Der Deutſche Nationalverband
2298 2619 3336 2664 wird vorläufig eine zuwartende Haltung einnehmen, da von
2296 2660 3338 2704 ſeiten der Regierung noch gar keine Fühlungnahme mit den
2299 2699 3339 2742 Parteien erfolgt iſt. Sollte der Vorſtand des Deutſchen
2298 2739 3339 2782 Nationalverbandes in der nächſten Zeit Gelegenheit haben,
2300 2777 3335 2821 mit dem Miniſterpräſidenten Baron Gautſch in Kon⸗
2300 2817 3338 2862 ferenzen zu treten, ſo würde er es nicht unterlaſſen, die
2303 2859 3342 2900 nationalen und wirtſchaftlichen Forderungen, die der Deutſche
2299 2899 3339 2939 Nationalverband ſeit ſeinem Beſtande vertreten hat, auf das
2300 2938 3339 2979 nachdrücklichſte zu betonen. Beſonders wird er die Forderung
2302 2977 3339 3019 nach einer ſtreng objektiven Verwaltung erheben
2300 3016 3339 3058 und von dem Verhalten der Regierung in dieſen Belangen
2302 3057 2932 3097 ſeine weitere Taktik abhängig machen.
2429 3106 3218 3147 Die Klublokalitäten des Nationalverbandes.
2378 3150 3342 3195 In der Beratung wurde auch eine eventuelle Verlegung
2307 3193 3341 3233 der Klubräumlichkeiten erörtert, da der Verband als größter
2303 3233 3345 3273 des neuen Hauſes auf größere Klubräume Anſpruch erheben
2302 3272 3344 3312 könne; ebenſo wurde beſchloſſen, bezüglich der Sitzordnung
2306 3311 2933 3353 an jener im alten Hauſe feſtzuhalten.
158 3417 1197 3472 was mir in dieſer Hinſicht begegnet iſt; es erſcheint mir
157 3462 1198 3517 jedenfalls nicht ausgeſchloſſen, daß Berger auch in der
157 3505 1199 3559 realen Welt der Politik ſeinen Mann ſtehen würde. Und
157 3549 1200 3602 daß er ſchreiben kann und wie er ſchreiben kann, brauche
157 3593 1195 3650 ich den Leſern der „Neuen Freien Preſſe“ nicht zu ſagen.
242 3637 1197 3689 Das Blut dieſes Buches iſt Theaterblut. Es iſt nicht
158 3679 1195 3735 in eine Reihe zu ſtellen mit der Dramaturgie Leſſings
159 3724 1196 3778 und den „Cauſerien“ Th. Fontanes. Leſſing und Fon⸗
160 3768 1198 3822 tane, für mich die beiden größten Theaterkritiker der
161 3812 1199 3868 Deutſchen, ſchrieben über das Theater als Dichter und
158 3856 1201 3912 Schriftſteller; Berger ſchreibt als Schriftſteller und Schau⸗
160 3900 1201 3956 ſpieler, beſonders als Schauſpieler, obwohl ſein Aufſatz
162 3943 1202 3998 über Ibſen wiederum neben Schlenthers Einführungen
163 3986 1203 4042 das Beſte iſt, was mir über Ibſen zu Geſicht gekommen
162 4030 1203 4088 iſt. Ich weiß nicht, ob Berger ſpielen könnte, aber jeden⸗
161 4075 1204 4132 falls iſt er geborener Schauſpieler, und er wäre es, wenn
163 4117 1205 4172 er ohne Gliedmaßen und ohne Stimme geboren wäre.
165 4163 1206 4219 Leſſings und Fontanes Bücher ſind doch ganz vor⸗
164 4206 1204 4262 wiegend Bücher über das Drama, Bergers Dramaturgie
162 4250 1205 4305 iſt ein Buch über das Theater, und jeder Satz, den er
167 4293 1204 4347 ſchreibt, iſt auf den Brettern erlebt. So erklärt ſich
166 4335 1206 4393 ſein außerordentlicher Einfluß auf die Schauſpieler, ſeine
167 4380 1206 4436 eminente Regiebegabung. Ich habe Schauſpieler, die bis
166 4424 1205 4480 dahin nichts mehr als die üblichen Feld⸗, Wald⸗ und
168 4468 1207 4523 Wieſenſchauſpieler zu ſein ſchienen, unter ſeiner An⸗
167 4511 1207 4568 leitung zu erſtaunlichen Leiſtungen emporwachſen geſehen.
167 4557 1207 4609 Und ich habe von Schauſpielern wiederholt das offene
167 4598 1207 4654 und ſpontane Bekenntnis gehört, daß ſie viel von ihm
167 4643 1208 4701 gelernt, als Darſteller viel von ihm gelernt hätten,
169 4687 1209 4740 und es waren Schauſpieler darunter, die, wenn ſie der⸗
169 4730 1210 4788 gleichen zugaben, wirklich ſehr viel gelernt haben
166 4774 1214 4831 mußten. Wenn der moderne Deutſche von einem anderen
171 4817 1212 4873 etwas gelernt hat, ſo ſchimpft er ihn Schulmeiſter, und
170 4862 1213 4915 es iſt modern, das Wort Schulmeiſter nur im üblen
171 4906 1213 4961 Sinne zu gebrauchen. Ich habe nicht gehört, daß die
172 4950 1214 5005 Hamburger Schauſpieler ihren Direktor und oberſten
176 4993 1212 5047 Regiſſeur Schulmeiſter genannt hätten, aber ſie hätten es
171 5038 1213 5091 immerhin tun dürfen. Schulmeiſter kann nämlich ein
171 5083 1215 5135 hoher Ehrentitel ſein. Ein Schulmeiſter, wie ich ihn mir
172 5126 1214 5178 denke, iſt ein Mann, der weiß, warum er weiß, und der
1231 3409 2269 3463 ſein Wiſſen erlebt hat. Er beſitzt darum die merkwürdige
1234 3455 2268 3506 Gabe, ſein Wiſſen in lebendigem Zuſtande weiterzugeben
1234 3498 2270 3552 und Leben dadurch zu erwecken. Wer Alfred v. Berger
1234 3542 2270 3594 als Redner kennt, der weiß, daß er das Abſtrakteſte ſinn⸗
1236 3584 2269 3636 fällig zu machen verſteht, daß er die von allen
1237 3628 2270 3681 Hämorrhoidalprofeſſoren mit Recht gehaßte Gabe beſitzt,
1237 3671 2270 3726 auch ſublime Gedankengänge, mit Erlaubnis zu ſagen,
1236 3715 2271 3770 populär vorzutragen. Er iſt eben Schulmeiſter, das heißt
1237 3758 2271 3811 ein Pſycholog, und ſein Buch iſt, glaube ich — Gott ver⸗
1234 3801 2270 3853 zeih' mir's, wenn ich jemand unrecht tu — das pſycho⸗
1238 3846 2269 3900 logiſch ſchärfſte und gründlichſte, das wir über Schau⸗
1237 3898 1559 3944 ſpielkunſt beſitzen.
1315 3937 2273 3992 Es iſt ein Tragiſches in einem echten Schulmeiſter,
1234 3987 2275 4040 daß er auf ſeine Schüler zuweilen eine ſtärkere Macht
1236 4031 2276 4082 ausſtrahlt, als er will. Ein ſehr bedeutender Schauſpieler
1237 4073 2276 4128 geſtand mir einmal mit Bezug auf Berger: „Ich kann
1239 4112 2275 4170 mir nicht helfen, ich habe in ſeiner Gegenwart immer ſo
1240 4158 2276 4214 etwas wie 'n Bammel.“ „Bammel“ iſt ein militäriſcher
1239 4204 2275 4254 Ausdruck für einen ſtark beklommenen Reſpekt. Leute
1240 4246 2275 4298 von ſtarker, geiſtiger Potenz üben nicht ſelten auf ihre
1240 4292 2277 4342 Umgebung eine völlig unbeabſichtigte Deſpotie aus und
1240 4334 2276 4386 ſcheuchen — vielleicht ſehr wider ihren Willen —
1239 4379 2277 4430 — ſchüchterne, ſpröde Naturen in ihr Gehäuſe zurück.
1242 4419 2275 4473 Ich halte es für möglich, daß auch Berger ſolche
1239 4464 2278 4515 Wirkungen ausſtrahlt, bin aber überzeugt, daß ihm
1240 4508 2279 4560 gerade im Intereſſe der Kunſt ſolche Wirkungen
1241 4553 2280 4604 unerwünſcht ſind und daß er einer Begabung, die auf
1242 4596 2280 4649 eigenen Füßen ſtehen und gehen kann, mit Freuden die
1242 4647 1493 4692 Wege freigibt.
1321 4681 2281 4733 Dieſe Bereitwilligkeit flöſſe nämlich unmittelbar und
1244 4724 2285 4776 notwendig aus ſeiner Auffaſſung von Kunſt und Künſtler:
1244 4767 2284 4822 Berger ſelbſt bezeichnet ſeine Regiemethode als nicht
1244 4814 2284 4864 ſynthetiſch, ſondern analytiſch. Will ſagen, er geht immer
1242 4859 2280 4905 vom Ganzen des Kunſtwerkes aus, um es in ſeine Einzel⸗
1244 4898 2277 4950 heiten auszubreiten; er geht vom Ganzen des Künſtlers
1247 4943 2282 4993 aus, um ihn zu den echten Offenbarungen ſeiner Natur
1248 4987 2281 5036 hinzuleiten. Damit verſteht ſich von ſelbſt, daß er die
1248 5029 2283 5080 Leiſtung des Schauſpielers unmittelbar aus dem Boden
1247 5072 2282 5125 ſeiner Perſönlichkeit herauswachſen läßt und ihm nicht
1246 5116 2285 5168 ſeine eigene Perſönlichkeit aufzupfropfen ſucht. Freilich:
2302 3398 3346 3449 manches Talent, und beſonders manches Darſtellertalent,
2302 3446 3343 3493 iſt ein Chaos, in das erſt von oben Licht fallen muß;
2304 3490 3345 3535 aber gebären kann nur das Chaos. Es iſt die eigentlichſte
2305 3535 3346 3582 Aufgabe des Regiſſeurs, daß er am erſten Tage das Licht
2305 3577 3342 3623 ſchaffe. Und das wird ihm immer am beſten gelingen,
2305 3620 3343 3666 wenn ihm die gleiche Kürze zu Gebot ſteht, wie ſeinerzeit
2303 3665 3341 3711 dem Weltſchöpfer. Wenn es mir bei meinen Regieverſuchen
2303 3706 3345 3754 bisweilen geglückt iſt, einem Darſteller reſtlos das Weſen
2306 3750 3350 3798 einer Geſtalt aufzuhellen, ſo geſchah es immer durch ein
2307 3794 3345 3844 kurzes, glückliches Wort; wenn man vieles reden muß, ſo
2307 3838 3344 3886 ſteht es faul um die Wirkung, man erwiſcht dann nur
2302 3883 3344 3928 Blätter und Zweige, anſtatt die Wurzel zu packen. Und
2306 3926 3346 3974 das hat mir trotz der vielen goldenen Einzelheiten an
2306 3972 3353 4017 Bergers Buche am beſten gefallen, daß er nicht an den
2307 4011 3351 4059 Dingen herumredet, ſondern ihren letzten Grund aufſucht.
2307 4057 3349 4104 Wer ſo verſtändlich und plaſtiſch zu reden weiß wie
2309 4101 3346 4150 Berger, wer in der Unterhaltung ein ſo ungeheuer beweg⸗
2309 4145 3346 4192 licher Plauderer iſt wie er, dem hängt man gern den
2310 4187 3353 4236 Vorwurf der Oberflächlichkeit an. Und es iſt ſogar
2309 4231 3349 4280 zuzugeben, daß Berger in der mündlichen Unterhaltung
2309 4275 3348 4321 manches Diktum aufſtellt, manches Paradoxon hinwirft,
2308 4317 3348 4364 das er ſelbſt nicht ernſthaft verteidigen würde. Das iſt
2309 4362 3348 4409 das gute Recht, ja, das iſt, wenn er zu denkenden Leuten
2309 4406 3350 4453 ſpricht, ſogar eine Tugend des Cauſeurs. Aber wenn er
2311 4447 3350 4494 unter ernſter Verantwortung ſpricht, wie in dieſem Buch
2312 4489 3353 4540 oder auf der Probe vor ſeinen Schauſpielern, dann hat
2311 4535 3350 4584 er das, was ich „das Gewiſſen gegen die Sache“ nenne,
2310 4578 3350 4626 und das unterſcheidet ihn von den nichts als geiſtreichen
2314 4621 3350 4669 Leuten, die da ſagen: „Ich ſchreibe nur gut, wenn ich von
2313 4666 3355 4718 der Sache nichts verſtehe; die Sache iſt ja auch Neben⸗
2312 4713 3101 4758 ſache; wie ich ſchreibe, das iſt 'ne Sache.“
2388 4756 3356 4805 Von nichts kommt nichts. In Hamburg zweifelt kein
2311 4799 3355 4852 Menſch daran, daß es Berger war, der das Deutſche
2312 4845 3356 4896 Schauſpielhaus zu einer Bühne erſten Ranges erhob.
2313 4889 3356 4938 Das ihm das gelang, will um ſo mehr bedeuten, als er
2314 4932 3355 4982 mit ſehr ungleichwertigen Schauſpielkräften arbeitete und
2314 4973 3356 5027 Hamburg im Stadttheater und Thalia⸗Theater bereits
2314 5018 3358 5070 zwei Schauſpielbühnen von altem und noch heute vollauf
2315 5061 3357 5113 verdientem Ruhme beſaß. Daß Berger als Bühnen⸗ und
2315 5106 3356 5163 Spielleiter immer und in allem das Richtige getroffen
