2479 3508
178 223 270 254 Seite 2
513 222 694 253 Wien, Samstag
1036 223 1284 253 Arbeiter-Zeitung.
1622 225 1781 248 6. Juli 1895
2004 223 2103 246 Nr. 182
151 293 794 331 und Antiliberalen aus ihren Verſtecken in die Oeffentlich⸗
149 327 286 356 keit treiben.
214 352 795 389 Die Wiener Liberalen haben noch immer kein
146 385 793 418 Programm für die Wahlen, und ihr Verſuch, ſich eine
146 411 794 449 neue Organiſation zu geben, in welcher die Drahtzieher
146 441 791 468 von der Sorte Dr. Richter's unumſchränkte Gewalt aus⸗
147 467 796 503 üben, iſt geſcheitert. Dr. Richter wollte eine hochnoth⸗
145 494 796 527 peinliche Halsgerichtsordnung für alle Kandidaten
143 522 795 555 dekretiren laſſen, nach welcher jeder von den Liberalen
144 546 796 580 Gewählte verpflichtet wäre, bei einem Meinungsunter⸗
149 578 796 609 ſchied mit dem Fortſchrittsklub ſein Mandat nieder⸗
142 606 796 640 zulegen. Dagegen lehnte ſich der geweſene Gemeinderath Dr.
148 634 796 667 Hackenberg auf und ſetzte auch in einer Verſammlung den
144 661 796 695 Beſchluß durch, daß bei einem Meinungsunterſchied
145 688 795 718 der Gewählte das Votum der Wählerſchaft einzuholen
145 717 797 749 habe. Darob geriethen die liberalen Blätter in die
144 744 795 776 größte Entrüſtung und das „Wiener Tagblatt“ war
145 771 797 804 ſogar ſo unvorſichtig, über die liberalen Wähler das
144 802 796 832 treffende Urtheil zu verkünden, daß die Wähler, die
146 827 797 860 einem Kandidaten ihre Stimme gegeben haben,
146 857 796 885 weder ſich zuſammenfinden, noch zuſammenzubringen
144 882 796 915 ſind. Der Spießbürger iſt eben ungeheuer froh,
146 911 798 941 wenn er die Wahl hinter ſich hat, und iſt außer⸗
144 938 796 970 halb der Wahlbewegung überhaupt nicht zu einer
144 963 797 997 politiſchen Verſammlung zu haben. Er wählt, weil
145 988 796 1020 es ſeine Duzbrüder durchaus haben wollen, und läßt
145 1016 798 1047 dann den Mann ſeines „Vertrauens“ thun, was er will.
145 1048 798 1079 Weil keine zielbewußte Wählerſchaft hinter ihnen ſteht,
144 1072 798 1104 iſt es den liberalen Führern möglich, mitten im Kampf
145 1105 799 1134 gegen ihre Gegner perſönliche Eiferſüchteleien und ehr⸗
143 1132 798 1159 geizige Strebereien in den Vordergrund zu ſtellen.
141 1158 798 1187 Dr. Richter will unumſchränkter Feldherr bleiben, und
143 1185 795 1214 Dr. Hackenberg will es werden; das iſt des Pudels
144 1215 795 1242 Kern. Es iſt ein böſes Omen für eine Partei, wenn vor
143 1238 796 1273 der Entſcheidungsſchlacht die Unteroffiziere zur Meuterei
144 1272 345 1298 getrieben werden.
213 1326 727 1372 Die Regierung und die Beamten.
606 1375 776 1397 Wien 5. Juli.
210 1398 795 1434 Graf Kielmansegg hat geſtern erklärt, die Regierung
146 1430 796 1458 ſei „geradezu eiferſüchtig“ darauf bedacht, die Sache der
143 1453 798 1488 Beamten ſelbſt in die Hand zu nehmen. Nun, wenn den
144 1484 798 1515 Beamten mit ſolcher Eiferſucht geholfen wäre, müßten
143 1509 798 1542 ihre nur allzu berechtigten Forderungen längſt erfüllt
142 1536 798 1568 ſein. Denn keine Gruppe von Staatsbürgern erfreut
145 1568 797 1596 ſich ſeit Jahren einer ſo eiferſüchtigen Liebe aller
145 1594 795 1625 herrſchenden Parteien, wie die Beamten, oder viel⸗
141 1618 796 1654 mehr keine erhält ſo häufige, ſo aufdringliche
143 1648 793 1682 Liebeserklärungen wie ſie. Alle Parteien betreiben
143 1678 796 1709 mit demſelben rührenden Eifer wie die Hebung des
144 1707 795 1736 Kleingewerbes und die Rettung des Bauernſtandes nun
143 1733 796 1766 auch die Regulirung der Beamtengehalte, und es kommt
145 1758 796 1792 dabei auch ziemlich genau gleich viel heraus, nämlich
147 1789 795 1816 nichts. Alle die in den wärmſten Ausdrücken empfohlenen
147 1811 796 1848 Petitionen, alle die von langen Reden eingeleiteten Reſo⸗
144 1843 795 1875 lutionen und alle die mit ſichtlichſtem Intereſſe empfan⸗
146 1870 797 1902 genen Deputionen ſind nicht mehr und nicht weniger als
142 1898 796 1930 Viſitkarten, welche die Herren Abgeordneten bei einer
142 1927 795 1959 zahlreichen Wählergruppe abgeben, die erſt in den letzten
144 1956 797 1985 Jahren ins politiſche Leben einzutreten beginnt. Die
142 1982 797 2013 Beamten waren gewohnt, alles von oben zu erwarten;
144 2010 794 2036 ſpät haben ſie dann entdeckt, daß es auch noch einen
144 2036 800 2068 zweiten Faktor gäbe, der ihnen helfen könnte, das
143 2062 794 2094 Parlament, und daß ſie in der Lage ſind, auf dieſes
143 2090 796 2124 einen gewiſſen Druck auszuüben; und nun erſt in aller⸗
145 2117 795 2150 letzter Zeit kommen ſie allmälig darauf, daß es eine
144 2144 795 2177 dritte Macht gibt, die einzige, die ſie weder täuſcht noch
143 2173 795 2204 enttäuſcht, die einzige, deren ſie ſicher ſein können, nämlich
144 2201 795 2230 ihre eigene, in großen Organiſationen zuſammengefaßte
145 2223 796 2260 Macht. Allmälig, ſehr allmälig kommen die Beamten zur
140 2253 795 2289 Erkenntniß, daß die beſitzenden Klaſſen den Staat als
139 2284 795 2321 ihre Verwaltungsmaſchine anſehen, die zwar für ſie
139 2314 794 2344 verläßlich funktioniren, aber von möglichſt billigen
140 2341 793 2373 Arbeitskräften bedient ſein ſoll, und daß die be⸗
138 2366 794 2400 ſitzenden Klaſſen als Geſammtheit ebenſo wünſchen, ſich
142 2396 791 2426 ihren Staat wohlfeil herzuſtellen, wie der einzelne Kapitaliſt
144 2423 793 2452 beſtrebt iſt, den Koſtenpreis ſeiner Leinwand oder ſeiner
148 2448 794 2482 Stiefelwichſe möglichſt herabzudrücken. Alle Methoden
147 2478 793 2511 der Lohndrückerei finden nach und nach auch bei den Be⸗
146 2507 792 2537 amten Eingang: Verlängerung des Arbeitstages, Lehrlings⸗
148 2538 795 2567 ausnützung, Erſatz der gelernten Arbeiter durch ungelernte
147 2562 787 2592 Taglöhner u. ſ. w. Daß die Lehrlinge Praktikanten,
144 2588 791 2620 die Taglöhner Diurniſten heißen, mag ihnen ja Spaß
141 2620 792 2648 machen, aber ſättigend iſt es nicht. Und dem einzigen
137 2641 791 2673 Vortheil, den der Beamte vor dem Arbeiter voraus⸗
142 2668 790 2704 hat, der größeren Sicherheit ſeiner Stellung ſteht
140 2698 793 2733 eine weit größere Abhängigkeit gegenüber. Am
139 2730 792 2761 empfindlichſten aber trifft den Beamten, daß ſein
142 2754 791 2786 Lohn ein fixer iſt und jahrzehntelang unbeweglich
137 2786 788 2817 fix ſteht, während alle Lebensbedürfniſſe theurer werden und
142 2812 793 2846 gerade er der allgemeinen Erhöhung der Lebenshaltung
141 2841 791 2874 rings um ihn herum nachrücken muß, weil ſeine Stellung
141 2866 791 2897 das verlangt. Die Ehre der Beamtenſtellung bildet jenen
142 2891 792 2922 Theil ſeines Lohnes, der dem Staate nichts koſtet; aber
141 2919 794 2955 die Standesehre iſt eine der Wurzeln des Beamtenelends.
143 2948 792 2985 Schweigend zu hungern iſt geradezu ein Theil ſeiner
140 2982 277 3012 Amtspflicht.
207 3003 791 3039 Der Staat wünſcht alſo ſo lange als möglich
148 3035 790 3071 mit den bisherigen ſchlechten Löhnen auszukommen; bei
144 3060 789 3093 der Beamtenarmee, die er kommandirt, bedeutet jede
143 3090 789 3128 Lohnerhöhung ſofort ein Erforderniß von Millionen.
142 3116 790 3158 Wenn er ſich aber zu einer dürftigen Aufbeſſerung
146 3144 789 3184 entſchließen muß, ſo wünſcht die Regierung natürlich, daß
147 3170 792 3214 die Beamten dafür ihr zu Dank verpflichtet ſeien und
147 3198 791 3243 nicht einzelnen Abgeordneten, am wenigſten jenen, die in
147 3227 793 3268 der Oppoſition ſind. Darum iſt Graf Kielmansegg „eifer⸗
151 3256 794 3298 ſüchtig“. Die Abgeordneten wieder kommen trotz ihres
147 3283 793 3323 Intereſſes, die Stimmen der Beamten ſich zu ſichern,
147 3313 793 3351 über dringende, laute, aber fromme Wünſche nicht hinaus,
818 296 1464 323 und nie wird das Parlament wirkliche Energie anwenden,
818 326 1464 352 um den Beamten ernſtlich zu helfen, denn die Parteien
817 349 1464 380 wünſchen zwar eine billige Popularität, aber noch mehr
816 378 1070 407 eine billige Regieruug.
877 406 1463 436 Graf Kielmansegg wünſcht nicht, daß die Beamten
817 433 1463 461 ins Parteigetriebe gezogen werden, und zwar weil er
817 461 1464 490 er von ihnen „ſtrengſte Unparteilichkeit“ verlangt. Das
817 488 1465 517 verlangen wir auch, aber wir geſtehen, daß wir nicht
816 517 1464 545 wüßten, warum liberale oder klerikale Geſinnung die
819 545 1465 575 Unparteilichkeit mehr garantiren ſollte als antiſemitiſche
820 569 1462 598 oder — auch das kann mit der Zeit kommen — ſozial⸗
820 596 1464 628 demokratiſche. Perſönliſche Anſtändigkeit, Rechtsſinn
821 625 1466 655 und Pflichtbewußtſein iſt mit jeder politiſchen An⸗
818 653 1462 683 ſchauung vereinbar, welche vielmehr von dem Grade der
819 681 1463 710 Einſicht in die Verhältniſſe und vor allem von der
820 708 1462 739 Klaſſenzugehörigkeit abhängt. Nun wollen wir den
817 736 1462 766 Verdacht des Grafen Kielmansegg, die Unparteilichkeit
816 762 1463 794 der Bureaukratie ſei durch die Politik gefährdet, gar
818 793 1464 824 nicht abſchwächen und ſeine Erfahrungen gar nicht an⸗
817 821 1464 850 zweifeln. Der Beamtenkörper iſt heute noch zumeiſt
819 848 1464 876 liberal, und der Miniſter mag ja wiſſen, welche Folgen
818 874 1463 902 das gehabt hat. Aber bisher hat über dieſe Thatſache
817 902 1464 931 niemals ein Miniſter geklagt. Erſt da die Beamten nun
817 930 1463 963 beginnen, einer neuen Täuſchung nachzujagen und ihre
817 957 1464 990 Hoffnung an die Antiſemiten zu hängen, wird die Re⸗
817 984 1463 1016 gierung unruhig. Wir ſind die Letzten, die von anti⸗
818 1012 1465 1044 liberaler Geſinnung der Beamten günſtige Folgen für
818 1039 1462 1070 die Unparteilichkeit erhoffen, aber was wir von liberalen
818 1065 1465 1098 Beamten an Unparteilichkeit zu erwarten haben, wiſſen
817 1095 1186 1123 wir zur Genüge aus Erfahrung.
882 1123 1464 1156 Aber der Miniſter geht weiter: „Lärmende
818 1150 1464 1181 Agitationen der Beamten kann er nicht dulden.“
819 1176 1464 1207 Warum nicht? fragen wir. Wo in allen den zahlloſen
819 1202 1464 1236 Geſetzen iſt der „Lärm“ verboten? Und wer gibt dem
819 1231 1466 1266 Miniſter das Recht, bei den Beamten „nicht zu dulden“,
818 1261 1464 1291 was weder ungeſetzlich iſt noch anderen Staatsbürgern
820 1286 1465 1318 verwehrt werden kann? Wenn man die Beamten zu
821 1315 1464 1346 Staatsbürgern zweiter Klaſſe herabdrücken und ihre ihnen
820 1342 1462 1375 ſtaatsgrundgeſetzlich gewährleiſteten Rechte einſchränken,
819 1369 1461 1399 ſie geradezu unter ein Ausnahmsgeſetz ſtellen will, dann
820 1399 1464 1429 wird man ſie ſchneller, als der hochwohlweiſen Regierung
820 1428 1464 1455 lieb ſein mag, darüber belehren, welche Rolle ihnen
820 1451 1464 1485 eigentlich im Staate zugewieſen iſt, und welche Bedeutung
822 1479 1466 1512 die Beamtenuniform hat, die man als Ehrenkleid aufgefaßt
820 1509 1465 1538 zu ſehen wünſcht. Wären wir nicht der Ueberzeugung, daß
817 1537 1464 1566 jeder Druck den Bedrückten an ſeinem beſten Kerne ſchädigt,
818 1563 1463 1595 wir könnten ſehr zufrieden ſein mit dieſer Politik, denn
820 1591 1415 1619 die Früchte davon wird die Sozialdemokratie ernten.
877 1618 1462 1650 Aber Graf Kielmansegg begnügt ſich nicht damit,
818 1644 1462 1675 die politiſche Agitation der Beamten „nicht zu dulden“,
818 1675 1462 1706 er erklärt auch, „nicht zu dulden, daß die Beamten,
818 1698 1465 1735 denen allerdings das Petitionsrecht zuſteht, auf gewiſſen
817 1726 1466 1759 Tagen Beſchlüſſe faſſen und Forderungen ſtellen“. Der
818 1752 1465 1789 Miniſter verbietet den Beamten auch die Fachorganiſation,
817 1780 1464 1815 ja, er ſucht ſie einzuſchüchtern, indem er ihnen droht,
816 1813 1466 1840 „diejenigen, die das inſzeniren, würden vielleicht das
816 1840 1465 1870 Gegentheil erreichen“; er ſtellt die Maßregelung in Ausſicht.
880 1865 1463 1894 Wir kennen unſere Herren Abgeordneten, und es
816 1894 1465 1927 wundert uns darum gar nicht, daß ſich im Parlament
818 1918 1464 1954 Leute gefunden haben, welche an dieſer Stelle der Rede
818 1946 1464 1978 des Miniſters „lebhafte Zuſtimmung“ äußerten. Mit der
817 1972 1462 2007 Beamtenfreundlichkeit ſteht es nämlich genau ſo wie mit
818 2002 1463 2032 der Arbeiterfreundlichkeit, ſie iſt eitel Heuchelei. Dieſe
817 2030 1463 2061 Leute wollen angebettelt ſein, aber ihre Schreibſklaven
816 2056 1463 2090 ſollen ebenſo kuſchen, wie ſie wünſchten, daß ihre Fabriks⸗
815 2084 1191 2114 ſklaven ſtumme Werkzeuge wären.
881 2114 1462 2149 Was da Graf Kielmansegg geſagt hat, iſt im
818 2138 1463 2174 direkten Widerſpruch mit den Staatsgrundgeſetzen, und auf
817 2166 1462 2199 ſehr naive Weiſe ließ er merken, daß er ein dunkles Be⸗
815 2196 1462 2230 wußtſein davon habe. Es fiel ihm plötzlich ein, daß die
816 2221 1461 2256 Beamten ein Petitionsrecht haben, das war der Moment, wo
817 2246 1459 2285 ihm die dunkle Erinnerung auftauchte, Beamte ſeien Staats⸗
817 2276 1461 2317 bürger; dann aber riß der Faden wieder, und er vergaß,
817 2308 1459 2341 daß ſie ebenſo wie das Petitions⸗ auch das Verſammlungsrecht,
816 2333 1459 2371 Vereinsrecht und das Recht der freien Meinungsäußerung
817 2363 1459 2397 haben, ſoweit alle dieſe Dinge in Oeſterreich überhaupt
815 2389 1460 2425 vorhanden ſind. Kein Miniſter kann geſetzlicherweiſe die
816 2417 1461 2452 Beamten hindern, Tage abzuhalten und Forderungen
816 2442 1459 2477 aufzuſtellen; die Beamten wären Kinder, wenn
816 2472 1459 2508 ſie ſich einſchüchtern ließen, und beim erſten Verſuche,
815 2500 1461 2531 ihr Recht zu beſchneiden, haben ſie ſich einfach an das
815 2528 1459 2558 Reichsgericht zu wenden, das dem Herrn Miniſter klar⸗
815 2556 1212 2584 machen wird, wohin er ſich verirrt.
873 2583 1459 2616 Es trifft ſich gut, daß gerade in derſelben Rede
816 2611 1458 2643 Graf Kielmansegg den Beamten verſprochen, endlich
813 2638 1461 2673 eine Dienſtpragmatik ausarbeiten zu laſſen. Wenn ſie in
814 2661 1458 2698 dem Geiſte ſeiner Ausführungen ausfällt, wird ſie den
814 2693 1456 2730 bewährteſten Fabriksordnungen an Strammheit nichts
814 2721 930 2748 nachgeben.
874 2749 1456 2781 Hoffen wir, daß die Beamten Einſicht genug haben,
814 2778 1456 2811 um von dieſer Rede den richtigen Gebrauch zu machen;
812 2802 1456 2839 ſie muß für ſie eine Quelle unſchätzbarer Belehrung
813 2830 1455 2867 werden und ihnen über das Weſen des Staates,
814 2855 1453 2890 dem ſie dienen, und über die Zukunft, die ſie
814 2883 1455 2921 erwartet, mehr ſagen, als hundert Verſammlungsreden
814 2912 1453 2946 und tauſend Zeitungsartikel. Die Beamten ſind heute
815 2940 1454 2970 weit davon entfernt, Sozialdemokraten zu ſein, aber wir
815 2965 1453 3000 können warten. „Untröſtlich iſt's noch allerwärts, doch
813 2996 1454 3034 ſah ich manches Auge flammen, und klopfen hört' ich
813 3024 987 3053 manches Herz.“
934 3078 1325 3128 Oeſterreichiſcher Reichsrath.
1262 3135 1431 3165 Wien, 5. Juli.
873 3159 1446 3196 Wenn Graf Kielmansegg ſich geſtern darauf berief, daß
816 3182 1447 3220 er die Zuſtände in Prag nicht kenne und daher nicht ſelbſt
816 3211 1445 3245 zu beurtheilen vermöge, ob die Fortdauer des Ausnahms⸗
817 3236 1445 3268 zuſtandes nothwendig ſei, ſo dürfte ihn die heutige Rede des
817 3260 1444 3294 Abgeordneten Kramarſch weſentlich aufklären. Der
816 3283 1442 3318 jungtſchechiſche Redner legte mit bemerkenswerther Schärfe
817 3309 1441 3342 die demoraliſirenden Folgen des Ausnahmszuſtandes
1486 291 2136 324 dar, und er brachte Thatſachen vor, die den edlen Grafen
1486 317 2132 348 Thun in helles Licht rücken. Dr. Kramarſch machte mit
1486 344 2132 372 Recht darauf aufmerkſam, wie ruhig das große
1487 369 2132 395 Sokolfeſt abgelaufen ſei, weil die Polizei ihren Eifer aus⸗
1486 394 2132 421 nahmsweiſe zu unterdrücken verſtand; es ſcheint in Prag
1485 418 2132 445 ebenſo zu ſein wie in Wien. Dr. Kramarſch unterließ es
1485 442 2130 468 natürlich nicht, den Patriotismus der Tſchechen mit
1486 464 2132 497 den ſtärkſten Worten zu betonen und ihre Loyalität aufs
1485 490 2130 521 dickſte herauszuſtreichen; das muß man eben mitnehmen. Die
1485 517 2131 547 geſtrige und heutige Debatte zeigt, daß die Mythe von dem
1485 538 2131 571 unpolitiſchen Miniſterium bald verſchwunden ſein wird. Graf
1487 567 2131 593 Kielmansegg ſprach wie der ſelbſtbewußte Miniſter eines feſt⸗
1485 591 2132 622 ſtehenden Kabinets, das ſeiner Zukunft ziemlich ſicher iſt, und
1487 613 2134 643 es wird bald Anlaß ſein, ihn den politiſchen Fragen ins
1486 642 2134 671 Geſicht zu ſtellen. Wenn Graf Kielmansegg ſo leichten
1486 664 2134 697 Herzens die politiſchen Rechte der Beamten negirt, ſo iſt
1486 688 2133 721 das eine merkwürdige Parteiloſigkeit, und ſie kontraſtirt mit
1486 715 2131 745 ſeiner Gleichgiltigkeit gegenüber dem Ausnahmszuſtand in
1486 742 2133 771 bedenklicher Weiſe. Der Prager Ausnahmszuſtand iſt nun
1486 769 2024 796 gerichtet in den Augen aller einſichtigen Menſchen.
1548 788 2136 819 Aus der übrigen Debatte iſt die Berichtigung des Ab⸗
1486 816 2136 844 geordneten Dr. Dworſchak hervorzuheben, welche die
1487 843 2135 869 Ziffernkunſtſtücke des Miniſters energiſch zurückwies. Dr.
1487 863 2135 891 Dworſchak fand auch ein ernſtes Wort der Abwehr gegen
1487 889 2134 918 den Verſuch, die auf dem Felde des Sanitätsweſens in
1487 915 2132 943 Böhmen erzielten Erfolge dem Grafen Thun als Ver⸗
1487 940 2141 967 dienſt anzurechnen, der an der Rettung der 29.000
1485 965 2135 992 Menſchen ſo unſchuldig iſt wie ein neugebornes Kind. Es iſt
1488 986 2136 1019 eine ſeltſame Beamtenfreundlichkeit, welche die Thaten der
1488 1016 2137 1043 untergeordneten Beamten verſchweigt und ſie einem Statt⸗
1485 1040 2137 1070 halter zuſchreibt, der gewöhnlich am Orte des Un⸗
1487 1059 2137 1095 glücks erſcheint, um „Hilfe und Troſt zu ſpenden“,
1486 1090 2136 1115 wie dann ſo rührend aus Prag telegraphirt wird.
1488 1111 2137 1142 Der Abgeordnete Morre beſprach die Murregulirungs⸗
1486 1139 2134 1166 arbeiten und die Gefahren für die Stadt Radkersburg mit
1486 1161 2135 1190 einem etwas umſtändlichen, aber doch wirkungsvollen
1487 1189 2134 1215 Sarkasmus. Einen merkwürdigen Berichterſtatter hat das
1488 1213 2133 1240 Kapitel an Herrn Kathrein gehabt, der konſequent auf
1487 1241 2135 1266 das Wort verzichtete. Die Welt wird daran nicht viel ver⸗
1487 1265 2134 1292 lieren; wozu aber dann der Schein? — Der Etat des
1487 1289 2143 1317 Miniſteriums des Innern wurde heute erledigt und die Be⸗
1487 1311 2141 1343 rathung des Etats des Landesvertheidigungsminiſteriums
1487 1339 2144 1367 ſodann begonnen. Abgeordneter Steiner brachte einige
1488 1366 2041 1391 alte Beſchwerden vor, die leider immer neu bleiben.
1548 1397 1815 1422 Nachſtehend der Bericht:
1551 1420 2136 1448 Abgeordnetenhaus. (406. Sitzung.) Präſident Frei⸗
1488 1447 2137 1472 herr v. Chlumecky eröffnet die Sitzung um 10 Uhr 15 Mi⸗
1488 1470 1673 1494 nuten Vormittags.
1553 1488 2136 1515 Es wird zur Tagesordnung übergegangen, das iſt die
1489 1511 2133 1537 Fortſetzung der Spezialdebatte über das Budget.
1551 1535 2135 1558 Die Debatte über die erſten drei Titel des Miniſteriums iſt
1489 1558 2133 1584 abgeſchloſſen, und es gelangt zum Worte der in der geſtrigen
1489 1579 1923 1604 Sitzung zum Generalredner contra gewählte
1553 1601 2132 1627 Abgeordneter Dr. Kramarſch, welcher zunächſt die An⸗
1490 1622 2135 1648 regung des Abgeordneten Promber bezüglich der Verländerung des
1491 1648 2136 1672 Verſicherungsweſens unterſtützt. Sodann geht er auf die geſtrigen
1488 1666 2138 1693 Ausführungen des Miniſters des Innern über. Dieſe Aus⸗
1489 1690 2135 1714 führungen, ſagt Redner, haben uns nicht gerade an⸗
1489 1713 2137 1736 genehm überraſcht. Die jetzige Regierung hat ſich
1490 1734 2139 1759 in dieſem Hauſe eingeführt als eine durch und durch pro⸗
1488 1757 2136 1781 viſoriſche, welche zu keiner politiſchen Frage eine entſchiedene
1488 1779 2135 1801 Stellung nehmen will (Zuſtimmung bei den Jungtſchechen),
1489 1800 2134 1825 und welche keine andere Aufgabe hat, als den Staatshaushalt
1487 1822 2133 1845 zu beſorgen. Daraus iſt auch unſere gewiſſe Reſerve entſprungen.
1488 1844 2135 1871 Geſtern iſt der proviſoriſche Leiter des Miniſterpräſidiums etwas
1489 1866 2136 1891 aus der Rolle gefallen. Er hat zu definitiv ge⸗
1488 1888 2136 1915 ſprochen (Zuſtimmung bei den Jungtſchechen) über die Zukunft,
1489 1912 2135 1935 aber auch zu definitiv über Sachen, über welche er nach ſeinem
1488 1932 2139 1958 eigenen Geſtändniß noch nicht die genügende Kenntniß hat. (Zu⸗
1487 1955 2138 1982 ſtimmung bei den Jungczechen.) Mit einigen Bemerkungen des
1487 1977 2137 2005 Miniſters in der Beamtenfrage ſtimmen wir überein, vor allem
1488 1997 2136 2024 damit, daß es abſolut unzuträglich iſt im allgemeinen Staats⸗
1486 2020 2137 2048 intereſſe, wenn die Frage der Beamtengehalte im Hauſe licitando
1485 2042 2137 2068 unter den Parteien behandelt wird. Es iſt Pflicht des Staates,
1487 2065 2132 2093 ſeine Beamten ſo zu entlohnen, damit ſie ſich nicht hintangeſetzt
1486 2085 2136 2115 fühlen und von den einzelnen Parteien die Hilfe geradezu erbetteln
1487 2110 2136 2138 müſſen. Wir ſtimmen auch mit ihm überein darin, daß er
1485 2132 2136 2160 den Beamten eine gewiſſe Enthaltung in poli⸗
1483 2154 2136 2182 tiſchen Dingen empfiehlt, und begrüßen dieſe Wandlung in
1487 2175 2136 2201 den Anſichten, denn es iſt noch nicht ſo lange her, daß es
1485 2199 2137 2224 am Platze geweſen wäre, daß ein Miniſterpräſident dem Statt⸗
1485 2219 2138 2247 halter von Niederöſterreich dieſen guten Rath gegeben hätte.
1485 2241 2136 2267 (Beifall bei den Jungtſchechen.) Dann wäre es vielleicht nicht vor⸗
1484 2265 2137 2288 gekommen, daß er als Statthalter das Feſt des Deutſchen Schul⸗
1485 2288 2136 2314 vereines beſuchte. (Beifall bei den Jungtſchechen.) Es hätte der
1483 2309 2136 2338 Fürſt Windiſchgrätz dem Statthalter von Niederöſterreich den⸗
1484 2332 2136 2358 ſelben guten Rath ertheilen können, den geſtern der proviſoriſche
1484 2354 2135 2381 Miniſterpräſident den Beamten zu ertheilen für ſeine Pflicht hielt.
1484 2377 2135 2405 (Beifall bei den Jungtſchechen.) Graf Kielmansegg hat zwar
1483 2398 2136 2428 den Beamten gnädig das Petitionsrecht nicht abſprechen wollen,
1485 2422 2131 2451 aber er hat geſagt, daß Verſamnlungen, in denen die Beamten
1484 2440 2131 2469 über ihre Standesintereſſen ſprechen wollen, den Beamten nur
1481 2461 2133 2490 ſchaden können. Vor allem iſt ein ſolcher Wink mit dem Zaun⸗
1481 2486 2135 2513 pfahl nicht konſtitutionell. (Zuſtimmung bei den Jung⸗
1483 2508 2130 2535 tſchechen.) Die Beamten ſind ſozuſagen auch Staatsbürger und
1483 2530 2125 2557 haben auch ſtaatsbürgerliche Rechte, und zu den unſchuldigſten
1481 2550 2128 2580 ſtaatsbürgerlichen Rechten gehört es doch, daß gewiſſe Kor⸗
1481 2573 2130 2605 porationen über ihre gemeinſamen Intereſſen und Angelegenheiten
1479 2594 1574 2617 berathen.
1540 2618 2131 2644 Der Miniſter beſchäftigte ſich aber auch mit dem
1480 2639 2133 2670 Prager Ausnahmszuſtande. Hätte er ſich auf die
1481 2662 2132 2691 Erklärung beſchränkt, daß die Regierung zu kurze Zeit im Amte
1481 2684 2132 2712 ſei und die Sache erſt gewiſſenhaft prüfen wolle, ſo hätten wir
1479 2706 2132 2735 nichts dagegen eingewendet. Aber das, was er in ganz un⸗
1481 2730 2130 2762 nützer und überflüſſiger Weiſe hinzufügte, ging
1480 2750 2128 2784 entſchieden aus dem Rahmen der Parteiloſigkeit heraus, und es
1480 2770 2127 2804 darf ſich niemand darüber wundern, daß unſere Stellung der
1479 2796 2127 2829 gegenwärtigen Regierung gegenüber nach dieſer geſtrigen Rede
1478 2818 2123 2854 eine viel ſchärfere und entſchiedenere geworden,
1479 2841 2122 2875 als ſie es früher war. (Beifall bei den Jungtſchechen.)
1477 2860 2125 2897 Aus der Selbſtbiographie, welche uns der Miniſter geſtern ſo
1479 2882 2123 2921 liebenswürdig und unaufgefordert geliefert hat (Heiterkeit bei den
1476 2904 2120 2942 Jungtſchechen), haben wir nicht auch entnommen, daß ihn ſein
1476 2926 2126 2963 Lebenslauf nach Böhmen geführt hat. Er kennt alſo die Verhält⸗
1476 2950 2123 2987 niſſe in Böhmen nur aus der Vogelperſpektive. Wenn er ſie aber
1477 2971 2121 3009 auch gründlich kennen würde, wäre es unbegreiflich, wie er ſich
1475 2993 2124 3033 fragen kann, ob jemand unter dem Ausnahmszuſtand leidet. Wir
1475 3016 2123 3052 haben wenigſtens eine ganz andere Auffaſſung von dem Anſehen
1474 3036 2120 3079 unſeres Staates nach außen, als die es iſt, welche ſich in dieſen
1473 3056 2121 3102 Worten wiederſpiegelt. (Beifall bei den Jungtſchechen.) Für uns
1474 3082 2119 3125 iſt es nicht gleichgiltig, wenn in einem Staate, dem wir ange⸗
1476 3106 2119 3150 hören, in dem wichtigſten Lande, in der zweitgrößten
1475 3128 2120 3170 Stadt der Ausnahmszuſtand herrſcht. (Beifall bei den Jung⸗
1471 3151 2116 3194 tſchechen.) Das iſt für die innere Konſolidirung des
1471 3169 2116 3216 Reiches kein gutes Zeugniß. (Erneuerter lebhafter
1470 3192 2117 3237 Beifall bei den Jungtſchechen.) Der Miniſter meint, daß
1470 3214 2117 3260 die Deutſchen in Prag den Ausnahmszuſtand im Intereſſe des
1469 3238 2114 3280 nationalen Friedens wünſchen. Die friedliebenden Deutſchen in
1468 3255 2115 3303 Prag haben nicht die geringſte Urſache, einen Ausnahmszuſtand
1467 3281 2112 3328 herbeizuſehnen. Wenn aber die Deutſchen in Prag wirklich einen
1467 3303 2110 3348 Schutz durch Ausnahmszuſtände brauchen würden, was ſollten
1464 3326 2108 3372 wir für unſere Minoritäten in dem ſogenannten geſchloſſenen
