3168 4807
164 126 1359 670 Innsbrucker
406 627 657 665 Telephon-Ruf:
339 670 712 710 Schriftleitung Nr. 315.
900 637 1324 705 Achtundfünfzigſter
1773 111 2931 636 Nachrichten.
1807 649 2246 714 Jahrgang. 1911.
2597 643 2860 684 Telephon-Ruf:
2547 691 2900 727 Verwaltung Nr. 135.
184 751 1060 795 Bezugs⸗Preiſe: Am Platze monatlich 1 K; mit täglicher
182 789 1061 829 Postverſendung in Oeſterreich⸗Ungarn vierteljährig K 4.80,
182 823 1062 863 nach Deutſchland K 7.—, nach den übrigen Ländern des
450 858 802 895 Weltpoſtvereins K 9.—.
1117 762 1989 807 Für unverlangt eingeſandte Manuſkripte über⸗
1115 799 1990 844 nimmt die Schriftleitung keine Verantwortung.
1118 832 1988 879 Rücksendungen erfolgen nur, wenn das entſprechende
1449 872 1659 911 Porto beiliegt.
2049 771 2932 811 Anzeigen werden bindend nach Tarif berechnet. — Bei
2047 807 2931 847 mehrmaliger Einſchaltung entſprechender Rabatt. — Unſere
2049 842 2928 879 Verwaltung und jedes Inſeraten-Bureau des In- und Aus-
2245 879 2721 918 landes nimmt Aufträge entgegen.
179 938 436 1003 Samstag
1436 955 1662 1006 Nr. 148
2593 964 2933 1017 1. Juli 1911
219 1029 2892 1089 Wochenkalender: Montag 26. Johann und Paul. Dienstag 27. Vigilius B. Mittwoch 28. Leo II., Papst. Donnerstag 29. Peter und Paul. Freitag 30. †
908 1072 2196 1124 Pauli Gedächtnis. Samstag 1. Theobald. Sonntag 2. A 4 Mariä Heimſuchung.
371 1193 877 1268 Eine Reichspartei.
221 1290 1071 1339 Die „Öſterreichiſche Rundſchau“ hat zwei Ar⸗
175 1336 1067 1384 tikel von beſonderer Bedeutung veröffentlicht.
177 1378 1072 1429 Der eine, aus der Feder eines hervorragenden
175 1423 1070 1474 ungariſchen Politikers, wies darauf hin, daß die
174 1467 1072 1518 Bevölkerung Ungarns ein großes Intereſſe an
176 1511 1068 1562 einer feſtgefügten Monarchie habe, und daß
174 1555 1071 1606 jeder Verſuch, das gemeinſame Band zwiſchen
174 1600 1068 1651 Öſterreich und Ungarn zu lockern, auch gegen
173 1644 1067 1697 das Intereſſe Ungarns, insbeſondere ſeiner nicht⸗
174 1688 1068 1742 magyariſchen Nationalitäten, gerichtet ſei. Der
171 1734 1066 1785 Verfaſſer wies den Weg, auf welchem dieſe
172 1778 1066 1827 Tendenzen gegen den Widerſtand der — ande⸗
170 1821 1065 1873 ren, in erſter Linie ſelbſtſüchtige Intereſſen
170 1866 1066 1921 verfolgenden — Gentry, zum Sieg geführt wer⸗
170 1911 1064 1960 den könnte und appellierte hierbei an die öſter⸗
169 1954 1064 2004 reichiſche Ariſtokratie, auch ihrerſeits die Inter⸗
170 1998 1060 2050 eſſen des Volkes in Ungarn zu unterſtützen.
166 2042 1063 2095 In einem zweiten Artikel reflektierte Erbgraf
168 2088 1063 2138 von und zu Trauttmansdorff auf dieſe Äuße⸗
169 2133 1062 2184 rungen. Er begrüßte die Stimme von jenſeits
167 2176 1063 2227 der Leitha, die gegen die Zerſtörung der Mon⸗
167 2222 1063 2272 archie laut wurde, auf das lebhafteſte, betonte
165 2266 1060 2317 auch ſeinerſeits die Notwendigkeit einer feſtge⸗
165 2307 1062 2360 fügten Monarchie, die in Öſterreich allſeits an⸗
166 2355 1063 2403 erkannt wird, und ſprach die Überzeugung aus,
164 2398 1059 2448 daß, wenn auch infolge der politiſchen Verhält⸗
163 2443 1058 2491 niſſe in Öſterreich die Ariſtokratie als ſolche
163 2487 1057 2535 nicht mehr geſchloſſen auftreten könne, es doch
163 2531 1057 2581 gewiß im Intereſſe und in der Pflicht eines
161 2576 1058 2627 jeden ihrer Mitglieder läge, ſich ganz für die
162 2619 835 2667 Einheit der Monarchie einzuſetzen.
206 2664 1055 2716 Aus dieſen beiden wichtigen Äußerungen zieht
160 2709 1055 2760 nun in dem ſoeben erſchienenen Hefte der „Öſter⸗
158 2752 1054 2804 reichiſchen Rundſchau“ einer ihrer Mitheraus⸗
159 2797 1055 2847 geber Leopold Freiherr von Chlumecky die Kon⸗
159 2841 1054 2892 ſequenz. Er betont auch ſeinerſeits die Wich⸗
157 2887 1053 2938 tigkeit der Erhaltung der Gemeinſamkeit der
158 2931 1052 2981 Monarchie und führt aus, daß, wenn auch viel⸗
157 2974 1052 3027 leicht die Meinungen darüber auseinander gehen
157 3018 1050 3070 ſollten, wie die Stärkung der Monarchie und
1104 1165 2004 1218 die Feſtigung der ihre Teile verknüpfenden
1104 1209 2000 1261 Bande am beſten erzielt werden könne, es doch
1104 1254 2000 1304 heute ſchon hoch an der Zeit wäre, daß ſich
1104 1297 2000 1350 alle jene ſammeln und zuſammenſchließen, die
1103 1343 1998 1394 mithelfen wollen, das große Problem zu löſen,
1104 1386 1999 1439 auf welche Weiſe die Einheit der Monarchie er⸗
1103 1430 1999 1483 halten und geſtärkt werden könne, und mit wel⸗
1103 1474 2000 1526 chen Mitteln allen ſeparatiſtiſchen Tendenzen
1103 1520 1998 1570 entgegenzutreten ſei. Die Freunde der Einheit
1101 1562 1999 1616 der Monarchie finden ſich diesſeits und jen⸗
1101 1608 1998 1658 ſeits der Leitha ſehr zahlreich, aber teilweiſe
1101 1653 1996 1703 zerſtreut. Sie zu einer alle umſchließenden, aus⸗
1101 1696 1997 1749 allen Schichten der Bevölkerung ſich rekrutie⸗
1099 1742 1995 1792 renden Reichspartei zu vereinigen, täte dringend
1099 1787 1994 1836 not, denn nur ſo könnten die zahlreichen, dem
1099 1830 1994 1880 gleichen Ziele zuſtrebenden Kräfte zuſammen⸗
1099 1874 1996 1925 gefaßt und mit Erfolg den an der Minierarbeit
1098 1919 1994 1970 befindlichen deſtruktiven Elementen entgegenge⸗
1097 1961 1343 2004 ſtellt werden.
1143 2007 1992 2058 Es würde ſich um die Bildung einer neuen
1094 2052 1992 2105 politiſchen Organiſation handeln, die
1096 2096 1991 2147 ſich nicht auf Öſterreich allein beſchränkt, ſich
1096 2141 1991 2191 vielmehr auch auf Ungarn und die annektier⸗
1094 2183 1992 2236 ten Provinzen erſtreckt. Die Bildung einer der⸗
1092 2228 1991 2280 artigen Reichspartei ohne Rückſicht auf natio⸗
1094 2273 1989 2322 nale Divergenzen und Meinungsverſchiedenheiten
1095 2318 1989 2367 wäre im Intereſſe der Erhaltung der Groß⸗
1093 2361 1988 2414 machtſtellung der Monarchie, die nur als Groß⸗
1094 2405 1989 2455 macht ihre politiſchen und wirtſchaftlichen Auf⸗
1094 2452 1989 2500 gaben erfüllen kann von um ſo aktuellerer
1091 2493 1988 2545 Bedeutung, als das Jahr 1917 ſchon nahe be⸗
1091 2537 1988 2590 vorſteht, in welchem die Möglichkeit der wirt⸗
1090 2581 1986 2634 ſchaftlichen Trennung Ungarns von Öſterreich
1090 2629 1986 2678 gegeben iſt. Eine ſolche wäre aber der Anfang
1090 2673 1986 2723 vom Ende der Monarchie, während im Lager
1088 2716 1984 2767 der Reichspartei ſich alle finden können, denn
1089 2758 1985 2813 in dieſem Lager befände ſich die Zukunft der
1086 2805 1283 2847 Monarchie.
1128 2896 1941 2972 Bienerth — Gautſch — Thun.
1131 2987 1984 3039 Freiherr v. Bienerth, der bisherige Mini⸗
1087 3031 1983 3082 ſterpräſident, iſt plötzlich von ſeinem Poſten zu⸗
2037 1177 2934 1224 rückgetreten. In beiläufig 48 Stunden hat
2037 1221 2933 1268 ſich ein Perſonenwechſel vollzogen, deſſen Be⸗
2036 1266 2931 1313 deutung heute noch nicht abgeſchätzt werden kann.
2036 1309 2931 1358 Als Bienerth aus ſeiner Audienz am letzten
2034 1353 2933 1403 Sonntag, in der die Entlaſſung der beiden
2036 1397 2932 1445 Miniſter Dr. Weißkirchner und Glombinski ge⸗
2031 1442 2930 1488 nehmigt wurde, zurückkehrte, ſetzte er ſich ſofort hin
2033 1484 2928 1533 und ſchrieb ſein Demiſſionsgeſuch. Überraſchend für
2034 1529 2930 1578 die Öffentlichkeit vollzog ſich der Wechſel der
2032 1574 2931 1624 Szenerie und doch dürften die Anfänge der
2030 1618 2930 1668 Kriſe, aus der Freiherr v. Bienerth ſchließ⸗
2032 1664 2930 1715 lich die letzte Konſequenz zog, ſchon in jenen
2032 1709 2930 1761 Tagen zu ſuchen ſein, wo Graf Thun plötzlich
2032 1754 2929 1803 in Wien beim Kaiſer in Audienz erſchien und
2030 1796 2928 1848 das Kabinett als deſignierter Statthalter von
2031 1841 2928 1891 Böhmen verließ. Was damals von einer außer⸗
2031 1886 2927 1936 ordentlichen Stelle, die damit Graf Thun er⸗
2031 1932 2927 1981 halten ſollte, gefabelt wurde, hat ſich nicht be⸗
2030 1974 2927 2025 ſtätigt; ſeine Ernennung vollzog ſich in den
2030 2021 2927 2069 hergebrachten Formen, allein tatſächlich ging
2028 2064 2926 2115 ſein Einfluß über ſeinen verfaſſungsmäßigen
2028 2107 2925 2158 Amtskreis hinaus. Man fühlte ſeitdem, wie
2028 2154 2926 2202 ſtoßweiſe die Stellung des Freiherrn v. Bie⸗
2028 2199 2924 2247 nerth erſchüttert wurde, wie Einflüſſe ſich gel⸗
2027 2243 2924 2293 tend zu machen begannen, die nicht mehr ſo
2027 2286 2923 2338 recht den bekannten Anſchauungen des Miniſter⸗
2026 2330 2923 2379 präſidenten entſprachen und wenn die Tſchechen
2026 2373 2922 2424 im letzten November den Ausbruch einer Kriſe
2026 2420 2922 2468 herbeiführten, weil ihnen die Nachricht gewor⸗
2025 2464 2921 2513 den war, daß es nur mehr geringer Anſtren⸗
2024 2509 2922 2558 gung bedürfe, um Freiherrn v. Bienerth zu
2024 2552 2918 2604 ſtürzen, ſo täuſchten ſie ſich lediglich darin,
2023 2598 2920 2648 daß ſie wähnten, daß die der Politik des
2023 2640 2919 2690 Miniſterpräſidenten entgegenarbeitenden Ein⸗
2023 2686 2919 2739 flüſſe an allerhöchſter Stelle bereits geſiegt
2020 2732 2138 2772 hätten.
2065 2773 2917 2827 Es wäre ein Irrtum, zu glauben, daß per⸗
2021 2820 2917 2867 ſönliche Streberei dieſen Kampf hinter den Ku⸗
2020 2863 2916 2914 liſſen geführt hätte. Bienerth war nie ein
2020 2905 2916 2958 „Kleber“ und für den Fürſten Franz Thun
2019 2952 2915 3004 bildet das öſterreichiſche Miniſterpräſidium ge⸗
2018 2996 2915 3046 wiß nicht das Ziel perſönlichen Ehrgeizes. Die
2018 3040 2916 3090 Gegenſätze waren ſachlicher Natur. Bienerth
791 3134 1033 3161 (Nachdruch verboten.)
207 3189 988 3255 Schloß Neuhaus bei Bruneck.
362 3271 838 3321 Von Prof. J. Zösmair.
191 3342 1046 3390 „Und neues Leben blüht aus den Ruinen“,
151 3384 1049 3437 kann man ſagen, wenn man das gemütliche, heitere
150 3430 1046 3479 Leben und Treiben an ſo manchen ſchönen Tagen
152 3474 1046 3524 auf dieſer luftigen, reinen Höhe des Schloſſes
148 3518 1046 3568 Neuhaus, 923 Meter über dem Meere, zu ſehen
149 3563 826 3612 und mitzumachen Gelegenheit hatte.
185 3606 1047 3657 Der herrliche Brunecker Talkeſſel hat eine Menge
149 3652 1044 3703 der ſchönſten und bequemſten Ausflüge in die
144 3695 1044 3747 nähere und weitere Umgebung. Dazu gehört auch
146 3741 1039 3791 derjenige zur Burg und Wirtſchaft Neuhaus.
147 3784 1043 3834 In anderthalb Stunden zu Fuß oder mit Benüt⸗
147 3830 1042 3880 zung der neuen Tauferer Bahn bis Gais und
145 3871 1040 3922 von dieſer Station in einer kleinen halben
146 3917 1044 3967 Stunde iſt man an Ort und Stelle. Ein vom
144 3961 1039 4011 unermüdlich tätigen Schloßwirt auf eigene Ko⸗
144 4006 1041 4056 ſten erſtellter, hinter der Brücke von Gais links
145 4051 1040 4102 abzweigender und markierter Steig führt uns
142 4092 1039 4145 bequem, in beſtändig ſich erweiternder Ausſicht
143 4140 1039 4189 über den Brunecker und Tauferer Talboden, an
143 4183 1038 4234 Wald, Felſen, kleinen Schluchten und über Brücken
142 4226 1041 4281 zur Schloßanlage. Dieſe iſt ſehr mannigfaltig
142 4275 1037 4322 geſtaltet und bietet für einen Zeichner, Maler
141 4315 1038 4367 und Photographen allerlei reizende Bilder. Da
142 4361 1036 4412 iſt die eigentliche Schloßruine gegen Taufers zu,
141 4405 1038 4456 mit dem alles überragenden, viereckigen Haupt⸗
1082 3132 1979 3183 turm oder Berchfrit, auf welchem eine Flagge
1082 3176 1978 3226 gehißt wird. Dabei ſteht gleichfalls als Ruine
1081 3219 1979 3269 das alte Herrſchaftshaus oder der Palas. Auf
1081 3264 1978 3313 dieſer Seite iſt auch ein Fahrweg durch die
1079 3309 1979 3358 Ringmauer von der Tiefe herauf zum oberen
1080 3351 1977 3405 Burgplatz vom gegenwärtigen Inhaber angelegt
1080 3397 1978 3446 worden. Auf dem unteren Schloßplatz, den man
1079 3440 1976 3490 zunächſt vom Steig her betritt, treffen wir ein
1079 3484 1976 3535 altes Wohnhaus, das als Wirtshaus dient, ein
1078 3529 1975 3579 noch älteres, faſt hölzernes Badhaus, einen mit
1077 3572 1975 3624 Bäumen, Tiſchen und Bänken beſetzten Schank⸗
1077 3619 1974 3668 garten, eine geräumige Marienkapelle vom
1077 3662 1974 3711 Jahre 1601, und eine Veranda. Dann betritt
1076 3707 1975 3760 man die Brüſtung der Umfaſſungsmauer, unter
1074 3751 1972 3801 welcher zunächſt terraſſenförmig wohlgepflegte
1074 3796 1972 3847 Gartenanlagen mit Weinreben ſich hinziehen und
1075 3839 1973 3890 von wo aus man ein herrliches Panorama über
1074 3884 1972 3936 die weite Tal⸗ und Gebirgswelt genießt. Faſt ge⸗
1075 3930 1973 3980 genüber auf der anderen Talſeite ragt die ſtolze
1074 3971 1972 4022 Kehburg in neumodiſchem Gewande empor. Ent⸗
1072 4015 1970 4067 zückt genießt man von dieſer reinen, ſtaubfreien
1071 4060 1968 4112 und würzigen Höhe alle Schönheiten. Es iſt
1070 4104 1969 4155 ſelbſtverſtändlich, daß es zahlreiche Beſucher
1072 4149 1968 4201 gibt, welche auch über die Geſchichte und
1070 4195 1968 4245 Schickſale des Schloſſes Neuhaus in
1071 4241 1968 4289 etwas unterrichtet ſein möchten. Für dieſe iſt
1071 4281 1968 4333 eine Studie von Kooperator Franz Gießl vorhan⸗
1070 4326 1967 4378 den. Nach eigenen Forſchungen ſei hier ein kurzer
1071 4372 1340 4417 Abriß gegeben.
1113 4413 1964 4466 Das Schloß Neuhaus ſteht auf dem Boden der
2012 3140 2908 3189 alten Herrſchaft Taufers. Dieſe reichte
2014 3185 2910 3234 vom hohen Kreuz zwiſchen St. Georgen und
2014 3229 2911 3279 Gais nord⸗ und taleinwärts bis zur Gletſcher⸗
2010 3274 2903 3323 welt der Zillertaler Ferner und Hohen Tauern.
2009 3318 2907 3368 Die Herrſchaft trennte ſich im 11. Jahrhundert
2009 3363 2906 3411 vom uralten Puſtertalgau ab und fiel einer
2007 3404 2905 3453 Seitenlinie der alten Grafen dieſes und
2011 3448 2907 3501 des Lurngaues im Oberpuſtertal und Kärn⸗
2007 3496 2905 3548 ten zu. Aus letzteren gingen die ſpäteren Grafen
2011 3536 2906 3590 von Görz hervor, welche ſomit eines Stammes
2008 3583 2904 3634 mit den Herren von Taufers waren. Letztere führ⸗
2007 3630 2904 3681 ten aber nie den Grafentitel, wie man wohl ver⸗
2007 3673 2904 3723 ſchiedentlich lieſt, ſondern waren nur freie Edle
2009 3717 2905 3768 (nobiles), als welche ſie wie die Grafen Reiter⸗
2006 3762 2901 3813 ſiegel gebrauchen durften. Sie nannten ſich nach
2005 3805 2901 3859 Taufers. Drunter verſtand man urſprünglich
2004 3851 2901 3902 die Bachſchlucht, dann die heutige Gemeinde
2002 3893 2898 3945 Sand⸗St. Morizen am Ausgang desſelben, endlich
2003 3939 2900 3988 das mächtige Schloß Taufers, deſſen Bau eben⸗
2005 3982 2898 4036 falls noch in das 11. Jahrhundert hinaufreicht.
2002 4027 2897 4078 Die Leitnamen des Geſchlechtes der Edlen von
2002 4072 2898 4123 Taufers, welche im In⸗ und Auslande einſt
2002 4117 2896 4167 eine ſehr bedeutende Rolle ſpielten, waren:
2000 4159 2497 4205 Hugo, Heinrich und Ulrich.
2045 4206 2897 4258 In der erſten Hälfte des 13. Jahrhunderts
2001 4250 2895 4302 herrſchten nebeneinander zwei Brüder
1998 4295 2893 4346 von Taufers: Ulrich und Hugo. Ihre
1998 4338 2891 4391 Mutter war eine Gräfin Adelheid von Eppan.
1998 4381 2891 4435 Dieſe heiratete nach dem frühen Tode ihres
1997 4425 2892 4474 Mannes einen benachbarten Herrn v. Rodank
