2479 3508
170 202 261 233 Seite 8
544 203 721 233 Wien, Samstag
1010 199 1265 231 Arbeiter-Zeitung.
1551 197 1705 229 6. Juli 1895
1997 197 2100 227 Nr. 182
141 261 2119 330 Für den Inhalt der Inſerate übernimmt die Redaktion keinerlei Verantwortung.
282 383 664 438 Theater vom 6. Juli.
144 479 459 511 K. k. Hof-Burgtheater.
234 530 367 556 Geſchloſſen.
144 578 460 611 K. k. Hof-Operntheater.
237 628 373 654 Geſchloſſen.
146 676 462 708 Deutſches Volkstheater
237 726 374 754 Geſchloſſen.
173 770 436 804 Raimund-Theater.
233 818 369 844 Geſchloſſen.
145 861 460 895 Theater an der Wien.
241 908 377 935 Geſchloſſen.
206 950 398 985 Carl-Theater.
237 1000 371 1030 Geſchloſſen.
144 1045 463 1081 Theater in der Joſefſtadt
234 1090 381 1121 Geſchloſſen.
153 1141 452 1177 Volkstheater in Rudolfsheim.
235 1191 369 1218 Geſchloſſen.
513 478 752 514 Jantſch-Theater.
477 512 790 535 (Wiener Volkstheater im k. k. Prater.)
562 558 708 586 Abends ½ 8 Uhr:
498 592 777 622 Ein Böhm in Amerika.
478 624 793 650 Große Geſangs⸗Burleske in 5 Bildern
544 646 724 666 von Bruno Zappert.
495 664 773 688 Muſik von Gothov⸗Grünecke.
477 692 605 711 William Bolton
477 712 611 728 Marie Geiringer.
477 728 618 745 Aron Mandelblüh
478 746 623 762 Sarah, ſeine Frau
477 761 608 779 Wenzel Pawlizek
477 776 656 794 Marianka, ſ. Geliebte
477 794 632 811 Johann Degelmeier
477 810 528 830 Mali,
478 826 526 845 Sali,
477 842 531 861 Kathi,
477 860 531 876 Tini,
544 847 656 876 ſeine Töchter
478 876 525 892 Suſi,
478 891 531 909 Thildi
477 909 532 925 Jenny,
478 925 535 945 Emmy,
542 920 654 944 Balletmädchen
478 942 531 959 Mary,
478 956 656 975 Steffens, Steuermann
478 974 526 994 John,
563 980 641 1002 Matroſen
478 991 531 1008 Willy,
477 1006 591 1026 Heveſy Iſtwan
476 1024 656 1041 Knoll, Polizeibeamter
477 1039 656 1058 Maier, Polizei⸗Adjunkt
478 1055 656 1074 Tſchibi, Indianer⸗
477 1072 656 1090 Tſchibe, häuptlinge
478 1088 641 1107 Fru⸗Fru, Indianerin
478 1105 605 1122 Korſarenkapitän
475 1123 637 1144 Arthur Schauenburg
656 693 770 709 Carl Schauer.
656 710 757 726 Mitzi Bardi.
656 726 788 743 Edm. Frank a. G.
656 742 782 760 Joſ. Paulmann.
656 760 780 777 Franz Graſelli.
656 776 784 794 Giſela Magnus.
656 792 790 811 Ed. Lunzer a. G.
656 809 761 826 Kathi Krenn.
656 823 748 842 Ella Carlé.
656 838 768 859 Elſa Wernier.
656 857 777 876 Käthi Wernier.
656 874 766 892 Mitzi Ganſer.
656 889 760 909 Käthi Hanke.
656 907 740 925 Mitzi Bär.
656 923 753 941 Lina Stöhr.
656 938 759 958 Mitzi Theſer.
656 956 789 975 Carl Oeſterreicher
656 972 773 990 Guſtav Marik.
656 988 754 1006 Joſef Frank.
656 1006 777 1024 Julius Knaack.
656 1022 778 1039 Arthur Lorette.
656 1038 789 1055 Arthur Müllner.
656 1055 788 1074 Adolf Karlinger.
656 1072 780 1090 Carl Haßmann.
656 1088 762 1107 Eſther Stein.
656 1105 763 1122 Heinrich Baß.
656 1122 755 1139 Albert Reiß.
572 1153 692 1178 Repertoire:
477 1181 788 1200 Sonntag den 7. und die folgenden Tage:
489 1198 703 1219 „Ein Böhm in Amerika.“
310 1244 630 1285 Sehenswürdigkeiten.
424 1287 517 1305 Samstag:
145 1305 757 1326 Naturhiſtoriſches Hofmuſeum (Burgring), von 10 bis 3 Uhr.
142 1322 792 1344 K. und k. Heeresmuſeum im Artillerie⸗Arſenale, von 1 bis 5 Uhr Nachmittags.
140 1338 620 1360 Gräflich Harrach'ſche Galerie, von 10 bis 4 Uhr.
353 1371 588 1394 Alle Tage zu beſichtigen:
208 1397 791 1418 Hofbibliothek, Joſefsplatz, von 9 bis 4 Uhr. — Auguſtiner⸗
142 1412 790 1434 Hofpfarrkirche mit den Grabmälern der Erzherzogin Chriſtine und des
145 1428 791 1454 Feldmarſchalls Daun. — Oeſterreichiſches Muſeum am Stubenring.
145 1445 790 1470 Permanente Ausſtellung von Erzeugniſſen der Kunſt⸗Induſtrie. — Hof⸗Jagd⸗
142 1465 791 1485 und Sattelkammer und Hofmarſtall, außer dem Burgthore. —
143 1477 791 1504 Gemäldegalerie der k. k. Akademie der bildenden Künſte,
143 1492 791 1518 Schillerplatz 3, Samstag, Sonn⸗ und Feiertag von 10 bis 1 Uhr, an den übrigen
142 1510 793 1534 Tagen gegen vorherige Meldung beim Kuſtos. — Muſeum der Gips⸗
145 1528 791 1546 abgüſſe der k. k. Akademie der bildenden Künſte, Schillerplatz 3.
144 1544 789 1566 Montag bis Freitag von 9 bis 2 Uhr; Samstag, Sonn⸗ und Feiertag geſchloſſen.
144 1560 789 1580 — Gewerbe⸗hygieniſches Muſeum, Reichsrathsſtraße 23. Mit Aus⸗
144 1577 787 1597 nahme von Montag und Freitag von 10 bis 4 Uhr unentgeltlich. — Orientaliſch⸗
143 1593 787 1612 kunſtgewerbliche Sammlungen des k. k. öſterreichiſchen Handels⸗
142 1610 787 1630 muſeums, Schottenring, Börſegebäude. Täglich mit Ausnahme von Montag
141 1625 789 1647 geöffnet. — Technologiſches Gewerbemuſeum, IX. Bezirk, Währinger⸗
142 1643 787 1662 ſtraße 59, an Wochentagen (mit Ausnahme Samstag) von 10 bis 4 Uhr, an
141 1659 787 1680 Sonn⸗ und Feiertagen von 9 bis 1 Uhr. An Sonntagen freier Eintritt. Samstag
142 1675 786 1697 geſchloſſen, an allen übrigen Tagen (auch Feiertagen) Eintritt 20 kr. — Muſeum
142 1691 789 1712 für Muſikfreunde im Gebäude der Geſellſchaft der Muſikfreunde. — Wachs⸗
141 1707 790 1729 präparate⸗Sammlung des ehemaligen Joſephinum, IX. Wäh⸗
140 1724 789 1744 ringerſtraße 25, von 10 bis 12 Uhr. — Fürſtlich Johann Liechtenſtein⸗
141 1741 786 1761 ſche Gemäldegalerie, IX. Fürſtengaſſe 1, an Wochentagen von 9 bis 4 Uhr,
141 1757 502 1775 an Sonntagen von 1 bis 4 Uhr Nachmittags.
140 1860 785 1906 Englischer Garten am Praterstern.
140 1915 792 2023 „Venedig in Wien“
275 2022 653 2045 Um 5, 7 und 9 Uhr Vorstellungen im
136 2045 784 2084 Marionetten-Theater.
163 2091 760 2113 Grosser Gondel-Corso. 8 Musik-Chöre.
139 2121 786 2150 Alt-Venetianer Pracht-Gondel mit der Serenade.
173 2160 755 2187 Prof. Surdi's Panorama „Die Krippe“.
139 2191 785 2217 Um 11 Uhr: Italienischer Zapfenstreich.
183 2225 738 2249 Eintritt 30 kr. — Kinder 10 kr.
139 2254 785 2284 Kassa-Eröffnung 10 Uhr Vorm. Ende 12 Uhr Nachts.
181 2394 751 2467 Kaiser-Jubiläums-Kirchenbau-Lotterie
204 2463 719 2505 ☛ Letzte Woche. ☚ 1019 Treffer.
366 2501 570 2529 Haupttreffer
170 2525 764 2579 30.000 fl. Werth, 5000 fl. Werth
290 2579 646 2608 Lose à 1 fl. empfehlen:
167 2606 765 2638 Anton Schey jun., Wechselstube, II. Praterstrasse Nr. 24
168 2637 764 2662 Benvenisti & Stern, Wechselstube, VI. Mariahilferstrasse
428 2661 503 2683 Nr. 63.
726 2579 764 2601 3143
140 2732 785 2778 Erſte Wiener Volksbuchhandlung (Ignaz Brand)
269 2778 661 2804 Wien, VI. Gumpendorferſtraße Nr. 8.
202 2822 720 2864 Was will die Sozialdemokratie?
141 2860 787 2895 Beſchlüſſe der ſozialdemokratiſchen Arbeiterpartei Oeſterreichs am
356 2886 575 2914 Parteitag zu Hainfeld.
253 2911 688 2946 Preis 2 kr. — 100 Stück 60 kr.
140 2944 790 2996 Dis Judenfrage, ökonomiſch und ethiſch.
324 2987 613 3012 Von Dr. Franz Lütgenau.
166 3010 760 3043 24 Seiten Groß⸗Oktav. Preis 10 kr. 50 Exemplare fl. 3.50.
191 3038 785 3062 Eine treffliche Analyſe des Weſens und der Entwicklung des Antiſemitismus
144 3057 594 3083 unter dem Geſichtspunkt der wirthſchaftlichen Entwicklung.
185 3081 744 3130 Chriſtus und die Sozialdemokratie.
366 3124 578 3157 Von Paul Kempe.
210 3147 735 3186 32 Seiten. Preis 9 kr. In Partien hoher Rabatt!
144 3180 788 3238 Was die Sozialsdemokraten ſind und was ſie wollen.
325 3225 616 3262 Von Wilhelm Liebknecht.
214 3252 733 3290 64 Seiten. Preis 15 kr. In Partien hoher Rabatt!
754 3121 790 3137 3207
815 356 969 389 Achtung!
806 387 981 412 Leſen Sie Sonntag
881 408 1019 429 die Annonce von
835 427 1047 458 Sigmund Weiler
949 459 1071 476 Schneidermeiſter
924 475 1094 493 Wien, XVII. Hernals,
960 492 1119 510 Hauptſtraße Nr. 72.
808 492 843 506 3177
888 530 1036 573 Möbel.
816 579 1116 619 Achtung! Genossen, Genossinnen!
826 610 1121 629 Kaſten fl. 8, Doppel⸗Chiffonière
810 627 1124 646 fl. 14, Bett fl. 6, Tiſch fl. 3, Waſchkaſten
808 644 1122 660 ft. 6, Nachtkaſtel ft. 3, Seſſel 90 kr.,
808 660 1120 677 Küchenkredenz fl. 7, Eisler, Wien,
808 677 1042 697 Fünfhaus, Sperrgaſſe 1.
1086 677 1124 696 3200
830 770 1092 797 Schlußröcke fl. 4.—
829 795 1094 821 Ueberzieher fl. 4.—
828 821 1096 849 Sacco fl. 3.—
829 847 1093 876 Jaquets fl. 3.—
828 877 1018 902 Knaben⸗Ueber⸗
842 902 1093 931 zieher fl. 3.—
829 927 1092 957 Gilets fl. 0.50
829 958 1094 985 theils zurückgeſetzt,
828 981 1090 1010 theils eingetauſcht,
829 1013 1094 1039 in der Kleiderſchwemme
827 1038 1096 1068 Jacob Rothberger,
828 1064 1094 1092 I. Stefansplatz Nr. 9,
829 1092 1089 1117 ſo lange der Vorrath
923 1118 1016 1146 reicht.
1038 1126 1082 1149 3117
1164 354 1422 384 Eingetauſchte und
1200 384 1389 411 zurückgeſetzte
1141 405 1451 431 Herrenkleider, modern, ele⸗
1141 429 1453 456 gant, dauerhaft und ſehr
1139 450 1451 477 billig bei Jakob Weinberger,
1138 473 1449 499 vgl. Herrenſchneider, Wien,
1139 495 1450 519 I. Weihburggaſſe Nr. 5, Par⸗
1137 516 1448 541 terre und 1. Stock, vis-à-vis
1139 537 1448 565 der Lampenniederlage von
1133 559 1231 584 Ditmar.
1414 567 1449 587 3118
1197 595 1389 627 Kinderbetten
1138 627 1457 645 werden eingenetzt u. Netze verkauft
1139 642 1456 661 b. A. Krſchek, VI. Stumpergaſſe 10.
1416 595 1453 613 3124
1176 676 1413 694 Garantirt reiner Natur-
1139 701 1453 789 WEIN
1137 802 1453 909 1 Liter 25 Kreuzer
1137 920 1450 939 roth oder weiß, von 5 Flaſchen aufwärts
1137 936 1450 954 ſpeſenfrei ins Haus. Alle Sorten In⸗ und
1137 952 1450 972 Ausländer⸗, Tiſch⸗, Deſſert⸗ u. Medizinal⸗
1137 969 1448 987 weine, Cognac, Liqueure, Thee, Rum ꝛc. ꝛc.
1198 989 1384 1022 Währinger
1149 1018 1444 1066 Flaschenwein-Depôt
1162 1064 1425 1088 XVIII. Semperſtraße 6
1211 1087 1377 1105 und in den Filialen: 3123
1159 1099 1356 1121 II. Taborſtraße 26.
1159 1118 1448 1138 VI. Gumpendorferſtraße 88 B.
1153 1133 1378 1155 VII. Weſtbahnſtraße 6.
1161 1150 1340 1169 IX. Althanplatz 11.
1163 1167 1394 1187 X. Himbergerſtraße 22.
1137 1182 1441 1202 XVII. Hernals, Hauptſtraße 13.
1417 1089 1451 1102 3123
835 1219 1420 1245 Verein der Angehörigen der graphiſchen Fächer für Nieder⸗
1026 1243 1219 1265 öſterreich in Wien.
951 1277 1301 1311 Sonntag den 7. Juli
807 1313 1453 1394 Großes Garten⸗ u. Wieſenfeſt
1116 1395 1144 1411 in
835 1410 1427 1440 Johann Förſter's Reſtauration*) in Weidlingau⸗Hadersdorf
1009 1442 1252 1468 (Schwechater Bierhalle).
854 1469 1450 1489 Mitwirkung der Konzertkapelle „Oberon“, des Geſangvereines „Polygraphia“
806 1486 1448 1505 ſowie einiger anderer Kunſtkräfte, Veranſtaltung von verſchiedenen erheiternden
806 1502 1152 1524 Geſellſchaftsſpielen und Beluſtigungen ꝛc. ꝛc.
806 1524 1450 1555 Beginn des Konzerts 2 Uhr, der Geſangsvorträge 3 Uhr.
853 1557 1365 1577 Für gute Speiſen und Getränke wird beſtens und billigſt geſorgt.
854 1578 1446 1600 Eintrittspreis an der Kaſſe 20 kr. Beſitzer von früher ausgegebenen Ein⸗
805 1595 1223 1615 ladungskarten zahlen an der Kaſſe 15 kr. Kinder frei.
851 1614 1447 1639 Genoſſen! Nachdem ſich dieſes Feſt zu einem wahren Arbeiterfeſt geſtalten
805 1634 1450 1654 ſoll, appelliren wir an die organiſirten Arbeiter und Arbeiterinnen Wiens, ins⸗
804 1649 1451 1672 beſondere an die eigenen Berufsangehörigen und verwandten Berufe. Zeigt eure
805 1666 1089 1686 Solidarität und erſcheint maſſenhaft.
850 1688 1450 1710 NB. Im Falle ungünſtiger Witterung findet das Feſt Sonntag den 14. Juli ſtatt.
851 1719 1448 1742 *) Selbe iſt von der Station Weidlingau⸗Hadersdorf 700 Schritte entfernt.
804 1738 1448 1757 Der Weg führt vom Bahnhof in die Poſtgaſſe, über die Mauerbachbrücke, durch
805 1754 1447 1775 die Wienergaſſe auf den Hadersdorferberg, woſelbſt ſich die Reſtauration befindet.
1239 1778 1435 1803 Das Feſtcomité.
804 1774 847 1795 3209
954 1868 1300 1898 Oesterreichischer
847 1909 1407 2013 Arbeiter-Kalender
1011 2035 1239 2064 für 1896.
889 2076 1405 2103 Unſer Arbeiterkalender wird heuer in vergrößertem
845 2099 1191 2127 Format im Kommiſſionsverlag der
846 2129 1407 2160 ☛ Erſten Wiener Volksbuchhandlung ☚
847 2164 1405 2190 erſcheinen. Neben demſelben gelangt, vielfach ausgeſproche⸗
845 2187 1405 2212 nem Wunſch entſprechend, ein Taſchenkalender zur
845 2208 1404 2234 Ausgabe, welcher ſich durch praktiſche Eintheilung, reichen
844 2232 1407 2259 Inhalt und hübſche Ausſtattung zahlreiche Freunde er⸗
845 2253 1333 2280 werben wird. Beſtellungen ſind zu richten an den
867 2287 1382 2320 Verlag des Oeſterreichiſchen Arbeiter⸗Kalender
988 2325 1257 2352 Brünn, Joſefſtadt Nr. 26
843 2347 950 2373 und an die
862 2381 1398 2420 Erſte Wiener Volksbuchhandlung (Ignaz Brand)
932 2417 1317 2447 Wien, VI. Gumpendorferſtraße Nr. 8.
822 2507 1422 2585 „Arbeiterinnen-Zeitung“
804 2581 1447 2617 Einzelne Nummer 4 kr. Vierteljährig 26 kr.
901 2617 1346 2649 Verbreitet sie überall!
803 2655 1445 2690 Redaktion: Wien, VI. Kopernikusgasse 12.
804 2690 1445 2717 Stadt-Expedition: Wien, 1. Schulerstr. 14.
890 2790 1359 2908 Glühlichter
946 2903 1304 2940 Humoriſtiſch⸗ſatiriſches Arbeiterblatt.
856 2973 1391 3017 Erſcheint jeden zweiten Freitag.
933 3057 1311 3091 Vierteljährig 35 kr. = 70 Heller.
851 3100 1391 3136 Mit Poſtverſendung vierteljährig 40 kr. = 80 Heller.
957 3141 1282 3170 Redaktion und Adminiſtration:
897 3177 1338 3223 Wien, IX. Ferſtelgaſſe Nr. 6.
1594 358 1658 376 In der
1500 373 1750 397 Souterrain⸗Abtheilung
1470 392 1782 413 (Schwemme) werden Sacco von
1468 409 1780 431 fl. 3, Ueberzieher fl. 4, Jaquet
1466 425 1779 446 fl. 3, Schlußröcke fl. 4, theils
1470 442 1778 462 zurückgeſetzt, theils eingetauſcht,
1471 459 1778 478 verkauft, ſo lange der Vorrath
1468 476 1778 494 reicht, bei Jakob Rothberger,
1471 492 1680 514 I. Stefansplatz Nr. 9.
1743 496 1779 514 3116
1554 536 1701 575 Warnung
1468 578 1782 595 vor Ankauf einer ſilbernen Taſchenuhr
1469 593 1784 613 (Zylinder) ſammt ſilbernen Panzerkette.
1469 610 1782 627 Im Deckel befindet ſich J. B. I. 22448
1470 627 1782 644 eingravirt. Der Zuſtandebringer erhält
1470 643 1727 663 5 fl. Adreſſe in der Exp. d. Bl.
1755 645 1782 662 366
1535 684 1716 720 Jede Arbeit
1469 720 1781 738 auch Waſchen und Reinigung,
1469 737 1781 754 übernimmt eine Frau, deren
1468 754 1781 770 Mann erkrankt iſt. Gütige Auf⸗
1468 770 1780 788 träge an Emilie Periather,
1468 787 1780 803 XVI. Herbſtſtraße Nr. 36, 1. Stock.
1469 802 1555 820 Thür 11.
1746 806 1782 820 2239
1476 834 1776 993 MÖBEL.
1468 1000 1786 1028 Wegen projektirter Maga⸗
1470 1024 1787 1052 zinsdemolirung und Ueber⸗
1468 1043 1786 1072 füllung derſelben verkaufe
1479 1067 1774 1093 ich tief unter dem Preiſe.
1495 1089 1784 1110 2 Chiſſonières, 2 maſſive Betten,
1468 1103 1785 1127 1 Waſchkaſten, 1 Nachtkaſtel mit Stein⸗
1468 1119 1784 1144 platte, 1 Schlafſofa mit Polſter, 1 Tiſch,
1466 1137 1785 1162 4 Seſſel, 2 Karniſſen, 1 Wandſpiegel
1470 1153 1588 1173 zum Preiſe von
1469 1169 1782 1194 fl. 55, 65, 75, 85, 100, 120.
1495 1188 1784 1210 Jeder Käufer einer Einrichtung erhält
1471 1203 1781 1227 als Gratisbeigabe 1 Handtuchhälter,
1468 1219 1784 1245 1 Kleiderrechen, 1 Spucknapf, 1 Schemel,
1467 1235 1781 1260 1 Friſirſpiegel, 1 Makart⸗Bouquet,
1470 1251 1584 1271 1 Stiefelzieher.
1493 1269 1783 1292 Ganze Kücheneinrichtungen fl. 15,
1469 1285 1783 1308 20, 25. Gekaufte Möbel können im
1466 1300 1783 1325 Magazin bleiben. Einzelne Gegenſtände
1466 1317 1653 1340 zu ſehr billigen Preiſen.
1466 1340 1782 1379 Tiſchler- u. Tapezierer-
1536 1375 1710 1410 Möbellager
1516 1404 1719 1430 Wien, Fünfhaus
1466 1423 1780 1455 16 Schönbrunnerſtraße 16
1482 1448 1760 1469 (zweites Haus neben „Hotel Fuchs“).
1464 1461 1779 1486 Tramwayhalteſtelle Weſtbahn. Bitte die
1515 1482 1729 1501 Nr. 16 genau zu beachten.
1744 1392 1783 1413 3115
1863 444 2118 473 Marken- und Musterschutz
1914 476 2067 502 besorgt korrekt
1800 503 2115 553 H. Palm
1823 559 2085 605 (Michalecki & Co.)
1799 607 2121 648 Erstes beh. aut. Privilegien-Bureau
1882 647 2028 669 in WIEN
1800 672 2116 700 I. Stefansplatz 8, Brandstätte I.
1801 702 2115 727 Ca. 20.000 Patentbesorgungen durchgeführt.
1893 730 2024 748 Herausgabe des
1800 747 2110 763 „Ill. öst.-ung. Patent-Blattes“.
2074 730 2112 746 2901
1829 774 2079 818 „Helios“
1815 817 2093 841 Fahrrädererzeugung und
1860 839 2059 861 Reparaturanstalt.
1827 861 2089 901 Wilhelm Moik
1796 901 2116 929 Wien, XVI. Liebhartsgasse 44
1851 927 2059 951 im eigenen Hause.
1795 948 2113 971 „Helios“-Fahrräder von fl. 140.—
1902 970 2004 992 aufwärts.
2074 974 2118 992 2890
1811 1017 2096 1188 ZÄHNE
1933 1190 1981 1223 und
1827 1223 2080 1263 Gebisse
1810 1266 2094 1288 ohne die Wurzel zu entfernen
1834 1290 2072 1315 und ohne Gaumenplatte.
1812 1314 2095 1337 Plomben aller Art.
1812 1342 2095 1363 Zahnziehen mittelst Cocaïn
1812 1365 2094 1387 und Lustgas garantirt
1867 1388 2042 1411 schmerzlos.
1811 1414 2094 1438 Reparaturen in einer Stunde.
1808 1437 2095 1488 13 nur Glockengasse 13.
2059 1392 2096 1409 2943
1546 1517 2061 1555 K. k. priv. Südbahn-Gesellschaft.
1469 1570 2130 1633 Auszug aus dem Fahrplane der Personenzüge.
1622 1637 1975 1664 Giltig vom 1. Juni 1895.
1512 1670 1755 1694 Abfahrt von Wien:
1466 1696 1790 1717 5.55 Früh: (Perſz.) Payerbach; Kanizſa,
1506 1712 1790 1734 Budapeſt, Güns (Dienſtag, Freitag,
1510 1729 1790 1751 Sonn⸗ u. Feiertag); Pakrácz⸗Lipik;
1510 1745 1778 1767 Eſſegg, Sarajevo; Agram; Aſpang.
1469 1761 1791 1784 7.20 Früh: (Schnellz.) Leoben, Vordern⸗
1510 1779 1792 1800 berg, Venedig (via Pontafel), Kanizſa,
1508 1795 1790 1816 Eſſegg, Sarjevo, Pakrácz⸗Lipik,
1506 1811 1703 1831 Agram; Neuberg, Aſlenz.
1468 1827 1790 1848 7.30 Früh: (Schnellz.) Trieſt, Görz, Fiume,
1508 1843 1790 1863 Pola, Rovigno, Siſſek (via Stein⸗
1509 1860 1790 1880 brück), Gonovitz, Klagenfurt, Villach,
1510 1877 1791 1895 Bozen, Meran, Arco, Innsbruck (via
1508 1893 1792 1913 Marburg), Wolfsberg, Luttenberg
1508 1910 1684 1929 (Gleichenberg), Köflach.
1464 1926 1791 1948 8.— Früh: (Perſz.) Steinbrück, Köſlach,
1509 1942 1755 1962 Wies, Stainz, Leoben, Neuberg.
1463 1958 1792 1979 1.20 Nachm.: (Poſtz.) Trieſt, Görz, Venedig;
1507 1975 1792 1994 Fiume; Pola, Rovigno, Siſſek, Brod,
1505 1991 1790 2015 Banjaluka; Leoben, Vordernberg;
1503 2005 1647 2028 Neuberg; Aflenz.
1464 2023 1792 2048 1.35 Nachm.: (Perſz.) Oedenburg, Kanizſa,
1507 2039 1635 2060 Güns, Budapeſt.
1467 2056 1794 2081 4.30 Nachm.: (Perſz.) Graz, Leoben, Neu⸗
1505 2072 1549 2090 berg.
1465 2090 1791 2114 5.05 Nachm.: (Perſz.) Wr.⸗Neuſtadt, Stein⸗
1507 2107 1574 2125 amanger.
1467 2122 1788 2145 7.40 Abds.: (Perſz.) Kanizſa, Budapeſt,
1507 2138 1790 2162 Pakrácz⸗Lipik; Eſſegg, Bosn.⸗Brod;
1507 2155 1707 2175 Agram, Siſſek, Banjaluka.
1467 2171 1789 2194 8.20 Abds.: (Schnellz.) Trieſt, Görz, Vene⸗
1505 2189 1787 2209 dig, Rom; Mailand, Genua; Pola,
1505 2204 1787 2224 Rovigno; Fiume; Siſſek, Banjaluka.
1505 2220 1789 2243 Budapeſt (via Pghf.), Klagenfurt,
1506 2238 1788 2257 Franzensfeſte, Meran, Arco, Inns⸗
1505 2253 1665 2273 bruck (via Marburg).
1464 2268 1789 2294 9.— Abds.: (Poſtz.) Trieſt, Görz, Venedig,
1502 2286 1790 2311 Rom, Mailand; Pola, Rovigno,
1502 2303 1789 2329 Agram: Gonovitz, Budapeſt (via
1500 2320 1787 2346 Pragerhof); Klagenfurt, Wolfsberg,
1500 2337 1788 2360 Meran, Arco, Innsbruck (via Mar⸗
1499 2354 1786 2378 burg); Luttenberg, Köflach, Wies;
1501 2371 1740 2395 Stainz, Leoben, Vordernberg.
1858 1670 2078 1695 Ankunft in Wien:
1811 1696 2133 1716 6.40 Früh: (Poſtz.) Trieſt, Rom, Mai⸗
1852 1716 2129 1733 land, Venedig, Görz; Pola; Agram,
1851 1731 2129 1749 Budapeſt (via Pragerh.); Arco, Inns⸗
1851 1748 2129 1768 bruck, Klagenfurt, Wolfsberg (via
1849 1765 2129 1785 Marburg); Luttenberg, Köflach, Wies;
1852 1781 1972 1799 Stainz, Leoben.
1806 1799 2131 1821 9.— Früh: (Perſz.) Kanizſa, Bosn.⸗Brod,
1851 1820 2128 1839 Eſſegg; Pakrácz⸗Lipik, Agram, Buda⸗
1851 1836 2013 1854 peſt (via Oedenburg).
1812 1852 2129 1870 9.40 Vorm.: (Perſz.) Steinamanger, Güns.
1811 1869 2128 1889 9.50 Vorm.: (Schnellz.) Trieſt, Rom, Mai⸗
1851 1886 2129 1905 land, Venedig, Görz; Pola, Rovigno;
1850 1902 2130 1921 Fiume, Siſſek, Agram, Budapeſt
1852 1917 2134 1936 (via Pragerhof); Arco, Meran, Inns⸗
1853 1935 2130 1954 bruck, Klagenfurt (via Marburg),
1853 1952 1984 1970 Leoben, Neuberg.
1813 1971 2131 1992 1.10 Nachm.: (Perſz.) Graz, Leoben)
1853 1990 2021 2007 Vordernberg, Aflenz.
1813 2005 2133 2024 1.59 Nachm.: (Perſz.) Gr.⸗Kanizſa (Güns)
1852 2022 2131 2040 Dienſtag, Freitag, Sonn⸗ u. Feier⸗
1852 2040 2040 2059 tag), Hainfeld, Aſpang.
1811 2055 2131 2074 4.— Nachm.: (Poſtz.) Trieſt, Görz, Vene⸗
1851 2072 2131 2092 dig, Pola; Rovigno; Fiume, Siſſek,
1850 2091 2131 2109 Agram; Radkersburg, Köflach, Wies;
1851 2108 2131 2126 Stainz, Vordernberg, Leoben; Neu⸗
1849 2121 1892 2144 berg.
1806 2140 2068 2160 6.12 Abds.: (Perſz.) Oedenburg.
1806 2157 2131 2177 8.38 Abds.: (Perſz.) Steinbrück, Graz,
1841 2175 1908 2190 Neuberg.
1808 2190 2131 2207 8.58 Abds.: (Perſz.) Sarajevo, Eſſegg;
1848 2205 2128 2223 Agram, Budapeſt, Kanizſa; Pakrácz⸗
1846 2220 2117 2241 Lipik (via Oedenburg); Gutenſtein.
1810 2243 2128 2262 9.35 Abds.: (Schnellz.) Trieſt, Görz, Pola;
1849 2258 2132 2279 Rovigno: Fiume; Brod, Siſſek (via
1852 2274 2128 2295 Steinbrück); Gonobitz, Villach,
1850 2291 2132 2312 Klagenfurt, Wolfsberg; Luttenberg,
1849 2310 1912 2329 Köflach.
1806 2328 2130 2346 9.45 Abds.: (Schnellz.) Venedig (via Pon⸗
1846 2344 2130 2362 tafel), Bozen, Meran, Arco, Inns⸗
1848 2363 2129 2380 bruck; Leoben, Vordernberg; Neu⸗
1845 2379 1950 2400 berg, Aflenz.
1460 2390 2135 2420 Schlafwagen verkehren mit den Schnellzügen (Wien ab 8.20 Abds., Wien an 9.50 Bm.)
1459 2409 2131 2439 zwiſchen Wien⸗Trieſt, Wien⸗Venedig via Cormons und Wien⸗Franzensfeſte
1729 2433 1857 2453 via Marburg.
1462 2445 2131 2474 Direkte Wagen I., II. Klaſſe verkehren mit den obigen Schnellzügen zwiſchen
1462 2462 2133 2491 Wien⸗Fiume (Abbazia) und Wien⸗Ala via Franzensfeſte, ferner mit den Schnell⸗
1461 2479 2130 2506 zügen (Wien ab 7.20 Früh und Wien an 9.45 Abds.) zwiſchen Wien⸗Venedig via
1759 2502 1821 2521 Leoben.
1469 2527 2122 2567 Lokalzüge von Wien (Südbahnhof), Hauptzollamt und Praterſtern.
1463 2558 2131 2589 5.55 Früh: Payerbach⸗Reichenau, Kaltenleutg., Laxenburg, Aſpang. 6.— Früh: Potten⸗
1464 2574 2127 2605 dorf, Wr.⸗Neuſtadt. 6.50 Früh (Praterſt. 6.31): Leobersdorf, Kaltenleutgeben, Laxen⸗
1463 2593 2125 2624 burg, Gutenſtein, Hainfeld, 7.55 Früh (Praterſtern 7.36): Mödling. 8.— Früh (Prater⸗
1462 2607 2129 2640 ſtern 7.36): Steinbrück, Kaltenleutgeben, Laxenburg. 8.15 Früh: Pottendorf, Wr.=
1461 2623 2128 2656 Neuſtadt. 8.30 Vorm. (Praterſtern 8.08): An Sonn⸗ und Feiertagen Vöslau. 9.— Vorm.
1461 2640 2129 2672 (Praterſt. 8.30): Vöslau, Kaltenleutgeben, Laxenburg. 10.— Vorm. (Praterſt. 9.36):
1459 2655 2127 2685 Wr.⸗Neuſtadt, Kaltenleutgeben, Laxenburg. 11.— Vorm. (Praterſtern 10.39): Vöslau.
1463 2674 2130 2702 11.30 Vm. (Praterſt. 11.08): Mürzzuſchlag, Kaltenleutgeben, Laxenburg, Gutenſtein, Hain⸗
1460 2688 2130 2718 feld. 12.10 Nachm. (Praterſtern 11.50): Mödling; an Sonn⸗ und Feiertagen: Vöslau,
1460 2704 2132 2734 Kaltenleutgeben, Laxenburg, 12.35 Nachm. (Praterſt. 12.12): Leobersdorf, Kaltenleut⸗
1460 2723 2130 2752 geben, Laxenburg. 1.— Nachm. an Sonn⸗ und Feiertagen: Vöslau. 1.25 Nachm.
1460 2737 2127 2768 (Praterſt. 1.06): Mödling, Kaltenleutgeben, Laxenburg. 1.35 Nm. Wr.⸗Neuſtadt.
1457 2755 2126 2784 2.— Nm. (Praterſt. 1.40): Vöslau, Kaltenleutgeben, Laxenburg, 2.50 Nm. (Praterſt.
1457 2769 2128 2803 2.32): Vöslau. 3.— Nm. (Praterſt. 2.32): Wr.⸗Neuſtadt, Kaltenleutgeben, Laxenburg.
1457 2788 2128 2820 3.30 Nm. (Praterſt. 3.12): Vöslau, Rodaun. 3.40 Nachm., an Sonn⸗ und Feiertagen.
1456 2803 2128 2836 Leobersdorf, Hainfeld, Gutenſtein. 3.45 Nachm., an Wochentagen: Vöslau. 2.55 Nm.
1458 2820 2128 2854 (Praterſtern 3.36), an Wochentagen: Leobersdorf, Hainfeld, Gutenſtein. 4.— Nachm.
1458 2838 2127 2871 (Praterſt. 3.36): Vöslau, Kaltenleutgeben, Laxenburg. 4.05 Nm.: Mödling. 4.20 Nm.
1459 2853 2127 2886 Vöslau. 4.30 Nachm. (Praterſt. 4.10): Graz, 4.35 Nachm. (Praterſtr. 4.10): Vöslau,
1457 2868 2128 2900 Kaltenleutgeben, Laxenburg. 4.55 Nm. (Praterſt. 4.38), an Wochentagen: Mödling.
1458 2887 2128 2921 5.05 Nm. (Praterſtern 4.38): Wr.⸗Neuſtadt, Kaltenleutgeben, Laxenburg, 5.30 Nachm.,
1456 2903 2127 2937 (Praterſtern 4.57): Vöslau, Kaltenleutgeben. 5.50 Nachm.: Vöslau. 5.55 Nachm.,
1455 2919 2125 2954 (Praterſtern 5.34), an Wochentagen: Mödling, Kaltenleutgeben, Laxenburg. 6.— Abds.
1456 2937 2125 2971 (Praterſt. 5.34): Payerbach, Kaltenleutgeben, Laxenburg, 6.15 Abds. (Praterſt. 5.51),
1456 2956 2125 2992 an Wochentagen: Mödling. 6.30 Abends (Praterſtern 5.51): Vöslau, Kaltenleutgeben.
1454 2971 2122 3008 6.45 Abds. (Praterſt. 6.25), an Wochentagen: Mödling. 6.55 Abds. (Praterſt. 6.25):
1456 2987 2126 3026 Vöslau. 7.— Abds. (Praterſtern 6.44); Wr.⸗Neuſtadt, Kaltenleutgeben, Laxenburg.
1453 3003 2128 3043 7.30 Abds., an Wochentagen: Leobersdorf, Gutenſtein, Hainfeld. 7.40 Abds. (Prater⸗
1453 3019 2120 3058 ſtern 7.21): Payerbach, Kaltenleutgeben, Laxenburg, Gutenſtein, Hainfeld. 7 45 Abds.,
1454 3038 2124 3073 an Wochentagen: Mödling. 8.35 Abends (Praterſtern 8.13): Mödling (an Sonn⸗ und
1453 3052 2123 3090 Feiertagen Vöslau), Kaltenleutgeben, Laxenburg. 8.50 Abends, an Wochentagen:
1452 3069 2126 3105 Mödling, Kaltenleutgeben. 9.— Abends (Praterſtern 8.40): Trieſt, Kaltenleutgeben.
1453 3086 2125 3121 10.— Abds. (Praterſt. 9.34), an Sonn⸗ und Feiertagen: Vöslau. 11.— Nachts (Prater⸗
1679 3108 1900 3132 ſtern 10.20): Wr.⸗Neuſtadt.
1460 3134 2122 3176 Fahr⸗Ordnungen in Plakat⸗ und Taſchenformat bei allen Billetten⸗Kaſſen; Taſchen⸗
1558 3157 2022 3190 Fahrplan der Lokalzüge in allen Tabak⸗Trafiken Wiens.
1451 3173 2118 3213 Fahrkarten⸗Ausgabe (in beſchränktem Maße) und Auskünfte bei der Wiener
1453 3189 2114 3234 Agentur der Internationalen Schlafwagen⸗Geſellſchaft, I., Kärntnerring Nr. 15, im
1455 3209 2115 3253 Fahrkarten⸗Stadtbureau der kgl. ungar. Staatseiſenbahnen in Wien, I., Kärntnerring 9,
1452 3226 2113 3268 dann in den Reisebureaux: Th. Cook & Sohn, I., Stefansplatz 2, G. Schroekl's
1455 3239 2114 3285 Witwe, I. Bez., Kolowratring 9, und Schenker & Co., I., Schottenring (Hotel de
1750 3268 1823 3289 France).
205 3277 2047 3334 Eigenthümer: Julius Popp, Jak. Neumann.— Herausgeber: Dr. Viktor Adler.— Verantwortlicher Redakteur: A. Radimsky, in zeitweiliger Vertretung des L. A. Bretſchneider.
763 3302 1465 3336 Druck von L. Bergmann & Comp., Wien, IX. Univerſitätsſtraße 6—8.
