1536 2321
727 6 826 48 1342
607 142 953 191 Alle 3 Wochen
306 197 1252 254 eine Gewinn-Ziehung der vom Staate garantirten
191 242 1366 338 Geld⸗Verlooſung.
277 338 1368 388 Original⸗Looſe für alle Ziehungen, (keine Promeſſen), womit die
196 387 1367 444 Haupttreffer von fl. 200,000 100,000, 50,000, 30,000, 25,000, 20,000,
194 432 1374 488 15,000, 12,000, 10,000 ꝛc. binnen 4 Monate gewonnen werden müſſen,
194 479 1370 536 ſind bei einer kleinen Anzahlung von nur fl. 5 direkt zu beziehen bei
461 533 1107 595 L. Steindecker⸗Schleſinger,
233 592 1335 658 Bank⸗ und Wechſel⸗Geſchäft in Frankfurt a. M.
579 646 988 689 Pläne und Liſten gratis.
1332 639 1383 693 6₆
232 755 1343 814 Nur auf einige Tage iſt zu ſehen eine ſehr intereſſante
533 809 1029 900 Ausſtellung.
203 893 1451 952 Der ergebenſt Gefertigte, welcher ſich auf der Durchreiſe hier befindet, be⸗
121 941 1466 1002 nützt dieſe Gelegenheit, um dem hohen Adel, der löbl. Garniſon und dem verehrungs⸗
121 986 1467 1048 würdigen Publikum das berühmte und überall mit großer Befriedigung bewunderte
522 1036 1058 1094 Mädchen Katharina,
287 1086 1304 1138 20 Jahre alt, aus Ungarn, ſehen zu laſſen, welches in
123 1129 1474 1241 Ermangelung beider Arme und Füße die
131 1222 1471 1330 feinſten Arbeiten mit dem Munde verfertigt.
208 1317 1478 1377 Dieſes einzige, in ſeiner Art wunderbare Spiel der Natur, wurde in vielen
131 1363 1478 1427 großen Städten mit Erſtaunen und Bewunderung betrachtet, denn ſie verfertigt
132 1407 1478 1467 mit dem Munde jede Art feiner und eleganter Arbeit, als: Zuſchneiden mit
133 1456 1477 1518 der Scheere, in die feinſte Nähnadel einfädeln, Nähen, Sticken,
133 1504 1477 1568 Häckeln, Schlingen, die feinſten Blumen⸗ und Perlarbeiten u. ſ. w.
137 1551 1480 1610 Bei all' dieſen Arbeiten zeigt ſie die größte Geſchicklichkeit und Fertigkeit und be⸗
138 1600 1481 1660 darf auch nicht der geringſten fremden Beihilfe. Viele von ihr allein verfertigte,
140 1648 1484 1706 ſowie auch angefangene Arbeiten liegen zur Beſichtigung auf, an welchen letztern
140 1701 1034 1754 ſie vor den Augen der Zuſchauer weiter arbeiten wird.
223 1742 1487 1797 Da ſie nicht nur mit einem angenehmen Geſicht, ſondern auch mit einem
145 1791 1487 1845 ungewöhnlich heitern und ſanften Weſen begabt iſt, hofft dieſes von der launen⸗
145 1837 1487 1896 haften Natur geſchaffene Weſen mit Ihrem zahlreichen Beſuche beehrt zu werden.
147 1884 1489 1940 Zu ſehen von 9 bis 12 und von 3 bis 8 Uhr. — Erſter Platz 20 kr., zweiter
146 1929 1480 1989 Platz 10 kr. Kinder und das Militär vom Feldwebel abwärts zahlen die Hälfte.
151 1976 1493 2035 Der Schauplatz befindet ſich im Hausgewölb Nr. 218 neben der Poſt
627 2023 1491 2078 in der Neuſtadt. Alois Roatto.
152 2038 177 2081 2
157 2095 521 2174 Ein Laden
543 2087 1494 2136 und mehrere Zimmer ſind in Nr. 32 außer der Triumpf⸗
543 2128 1253 2180 pforte im 3. Stock auf Galli zu vergeben.
1455 2128 1497 2162 2³
