3168 4831
343 126 726 170 Seite 20. Nr. 148.
1408 125 1950 173 Innsbrucker Nachrichten
2482 116 3013 171 Samstag den 1. Juli 1911.
272 228 2548 376 Annoncenbüro HAASENSTEIN & VOGLER = Innsbruck,
1972 223 2085 273 A. G.
2580 209 3037 267 Anichstrasse 6
2582 322 3038 363 Telephonruf Nr. 512
406 377 2909 441 Besorgung von Annonzen für alle existierenden Zeitungen zu Originalpreisen ohne jeden Aufschlag.
328 506 1114 568 Beſte böhmiſche Bezugsquelle!
789 570 1094 614 Billige Bettfedern!
772 616 1115 653 1kg graue, gute geſchliſ⸗
771 652 1113 688 ſene 2 K, beſſere 2 K 40,
770 686 1114 724 prima halbweiße 2 K
766 721 1119 759 80 h; weiße 4 K, weiße
766 756 1115 796 flaumige 5 K 10; 1 Kilo
765 795 1116 832 hochfeine, ſchneeweiße,
764 829 1116 867 geſchließene 6 K 40 h,
324 864 1115 902 8 K; 1 Kilo Daunen (Flaum) graue 6 K, 7 K;
322 901 1115 937 weiße, feine 10 K, allerfeinſter Bruſtflaum 12 K.
465 935 970 974 Bei Abnahme von 5 Kilo franko.
320 968 773 1045 Fertige Betten
780 973 1114 1010 aus dichtfädigem roten,
780 1008 1116 1044 blauem, weißem oder
323 1044 1115 1079 gelbem Nanking, 1 Tuchent, 180 cm lang, 120 cm
322 1079 1114 1116 breit mitſamt zwei Kopfkiſſen, jedes 80 cm lang,
322 1113 1115 1151 60 cm breit, gefüllt mit neuen, grauen, ſehr dauer⸗
325 1148 1114 1187 haften, flaumigen Bettfedern, 16 K; Halbdaunen
322 1182 1114 1221 20 K, Daunen 24 K. Einzelne Tuchente 10 K,
322 1217 1114 1254 12 K, 14 K, 16 K. Kopfkiſſen 3 K, 3 K 50 h, 4 K.
323 1255 1113 1290 Tuchente 200 cm lang, 140 cm breit, 13 K, 14 K
322 1289 1115 1328 70, 17 K 80, 21 K; Kopfkiſſen 90 cm lang, 70 cm
324 1325 1113 1365 breit, 4 K 50, 5 K 20, 5 K 70; Untertuchete
324 1363 1113 1398 aus ſtarkem, geſtreiften Gradl, 180 cm lang, 116 cm
511 1397 910 1433 breit, 12 K 80, 14 K 80.
325 1432 1111 1471 Verſand gegen Nachnahme, von 12 K an franko.
324 1468 1113 1506 Umtauſch geſtattet, für Nichtpaſſendes Geld retour.
358 1505 1056 1543 Ausführliche Preisliſte gratis und franko.
358 1545 1079 1588 S. Beniſch in Deſchenitz 37, (Böhmen.)
1000 1397 1113 1432 5⸗18ʃ11
264 1654 1163 1825 Hoteliers, Achtung.
267 1833 1166 1880 300 Interieurs, von der einfachſten bis zur feinſten
268 1877 1167 1929 Ausführung, wegen Schluß der Jagdausſtellung,
267 1922 1168 1970 komplette Zimmer von 100 K aufwärts zu verkaufen.
267 1966 1169 2015 Sehr bedeutende Ermäßigung. Auch für
446 2013 996 2058 Landhäuſer und Villen paſſend.
311 2063 1117 2122 Möbelfakriks⸗Etabliſſement Rudolf Haas
264 2126 1170 2175 Wien, VI., Mariahilferſtraße 79 I. St.
598 2175 838 2210 Kataloge gratis.
1057 2178 1171 2212 63⸗10ʃ8
269 2225 1166 2289 Gas-, Benzin⸗, Petrolin- u. Rohöl-
267 2295 1171 2361 motoren, Sauggasanlagen, Benzin-
394 2367 1046 2427 und Petrolin-Lokomobile
724 2436 1172 2476 Betriebskoſten 1 bis 3 Heller
786 2475 1108 2509 pro Pferdekraftſtunde.
723 2511 1171 2548 Pumpen- u. Bewäſſerungs-,
725 2545 1170 2583 Elektriſche Licht- u. Kraft-
725 2581 1170 2618 anlagen liefert billigſt unter
829 2619 1058 2650 voller Garantie
756 2661 1129 2725 Motorenfabrik
730 2732 1158 2820 J. Blaſchke
290 2828 1146 2879 Wien, V|i Ramperſtorffergaſſe 46/9.
433 2880 997 2918 Koſtenanſchläge und Proſpekte gratis.
264 2880 322 2913 235
1102 2884 1172 2921 20ʃ4
759 2946 1005 3001 I. Züricher
587 3015 1169 3141 Chauffeurfachſchule
266 3159 1168 3209 Aelteſtes, größtes und leiſtungsfähigſtes Etabliſſement
266 3206 1168 3253 der Schweiz. Leute jeden Standes werden zu
266 3251 1167 3298 tüchtigen Chauffeuren ausgebildet. Theoretiſcher und
265 3294 1167 3343 praktiſcher Unterricht. Fahrübungen mit Wagen
265 3336 1168 3386 bis zu 40 HP. Proſpekte und Bedingungen koſten⸗
264 3382 1165 3431 los durch die Direktion Ed. Walker, Glärniſch⸗
264 3428 721 3480 rſtaße 30—34, Zürich II.
502 3486 945 3529 Stellenvermittlung gratis.
980 3430 1168 3471 129—0ʃ21
572 3558 1075 3601 Möbel auf Raten
616 3610 1027 3644 nach jeder Station liefert
498 3645 1149 3679 die k. u. k. Hof-Möbel-Fabrik
482 3684 1168 3735 C. W. Skuhersky, Königgrätz
477 3734 1168 3771 Prosp. franko. Per Bar und Wiederverkäufen
617 3770 1013 3805 besonders güstige Preise.
479 3772 533 3803 121
1065 3771 1171 3802 5852-6
511 3825 919 3912 Lüftinger's
282 3916 1158 4112 Wanzentöter
260 4130 1166 4176 geſetzlich geſchützt, wirkt ſofort, binnen 24 Stunden
261 4174 1164 4220 keine Wanze mehr im Hauſe, tötet ſofort Wanzen
260 4220 1158 4265 ſamt Brut, Ameiſen, Aſſeln, Küchenſchaben, Ruſſen
260 4262 1166 4310 Vogel⸗ und Hühnerläuſe. Preis braun per Flaſche
261 4306 1167 4353 40 h, weiß, fleckenrein 60 h, K 1.40, K 2.80,
260 4354 1165 4397 K 4, K 5.60. Man verlange nur eine Flaſche
261 4397 1168 4444 Lüftinger im Hauptdepot von M. Tſchurt⸗
261 4443 823 4489 ſchenthaler in Innsbruck.
1004 4443 1169 4483 135—0ʃ3
1345 467 1944 558 Kundmachung.
1243 564 2097 608 Die gefertigte Verwaltung gibt bekannt, daß die
1198 608 2097 654 Fällung, Aufarbeitung und Lieferung der im Jahre
1198 651 2097 698 1911 zur Nutzung beantragten Holzmengen in den
1197 698 1437 743 Staatsforſten:
1242 751 2033 812 Spitzwald und Nederamtswald
1198 821 1635 864 öffentlich verſteigert wird.
1242 862 2097 908 Die Verſteigerung findet am Montag den 3. Juli
1198 906 2098 952 1911, 10 Uhr vormittags, im Amtslokale der k. k.
1197 951 2053 997 Forſt⸗ und Domänenverwaltung Innsbruck ſtatt.
1238 996 2098 1042 Die näheren Abſteigerungsbedingungen, aus wel⸗
1195 1040 2099 1084 chen auch die Art der Nutzung, die Höhe des zu
1195 1084 2098 1131 erlegenden Angeldes u.ſ.w. - zu entnehmen iſt,
1195 1127 2098 1174 liegen bei der gefertigten Verwaltung zur Einſicht
1196 1174 1262 1216 auſ.
1194 1227 2096 1276 K. k. Forſt⸗ und Domänen⸗Verwaltung.
1239 1281 1839 1324 Innsbruck, am 13. Juni 1911.
1513 1333 2052 1382 Heinrich Prochaska m. p.
1655 1389 1894 1433 k. k. Forſtrat.
1887 1170 2098 1216 J3876—3ʃ3
1213 1462 2082 1513 NUR IN DER FABRIK
1562 1525 2099 1563 ohne Anzahlung. nur unter
1562 1558 2099 1599 Zahlung der erſten Monatsrate mit
1562 1593 2098 1632 3 Jahre Garantie erhalten Sie die
1563 1630 2098 1668 modernſte, beſte Sprechmaſchine
1565 1667 2098 1701 mit und ohne Trichter, auch Platten
1565 1703 2097 1737 ohne Apparat zu ſelben Zahlungs⸗
1562 1737 2098 1776 bedingungen. Reparaturen und Um⸗
1561 1772 2099 1811 tausch alter Apparate und Platten
1563 1807 2098 1845 coulanteſt. Kataloge Nr. 104 gratis
1738 1845 1898 1882 überallhin.
2003 1844 2098 1878 10⸗0ʃ3
1367 1889 1921 1930 Einzige Sprechmaſchinenfabrik Oeſterreichs
1196 1925 2096 1978 Leop. Kimpink Wien, 7. Bez., Kaiſerſtr. 65.
1265 1976 2030 2019 Kein Gaſſenladen. — Vorführungsſäle der Fabrik.
1195 2056 2097 2162 Ia Portland- und Roman-
1523 2185 1768 2286 Cement
1918 2193 2097 2241 J1058⸗0ʃ4
1199 2305 2098 2360 :: Baugips, Steinzeugrohre ::
1240 2366 2055 2426 Dachpappe, Binsen etc. sowie
1199 2427 2098 2486 Kunstdünger und Thomasmehl
1364 2499 1953 2553 liefern prompt und billigst
1198 2567 2099 2663 Nagele und Amplatz Innsbruck
1346 2666 1943 2733 Andreas Hoferstrasse 36.
1493 2868 1804 2949 Gebrauchte
1279 2970 2012 3106 Schreibmaschinen
1275 3136 2020 3186 neu instand gestellt (remodelliert)
1275 3187 2019 3238 als: Underwood, Ideal, Ham-
1274 3243 2020 3295 mond, davon eine Hammond
1361 3295 1932 3346 visible, neuestes Modell.
1273 3358 2019 3409 Besonders empfehlenswert eine
1272 3412 2020 3464 Yost 11 mit separatem, breitem
1274 3465 2019 3517 Wagen 10 und eine Yost visible,
1462 3518 1828 3564 neuestes Modell.
1273 3580 2020 3630 Alle zu äusserst billigem Preise
1549 3633 1731 3681 offeriert
1283 3700 2004 3794 August Salzmann
1365 3798 1934 3857 M. Theresienstrasse 53.
1903 3643 2019 3686 76⸗3ʃ2
1205 4000 2098 4196 Bienenhonig!
1196 4205 2098 4253 geſchleudert, garantiert naturecht, Akazien
1195 4249 2096 4293 oder Linden. Verſand franko in Blechdoſen à 5 Klgr.
1195 4291 2097 4340 gegen Nachnahme von 8 K. Für Wiederverkäufer
1368 4337 1928 4382 ſenden wir Muſter und Offerte.
1194 4392 2099 4442 Erſter ungariſcher Bienenhonig⸗Export
1359 4441 1922 4486 Balatonfőkajar, Ungarn.
1983 4442 2097 4485 18⸗0ʃ8
2165 479 3010 587 MOORBAD
2126 595 3061 838 Aibling
2229 851 2958 901 am Fusse der bayerischen Alpen
2225 899 2964 938 :: von München 1 ½ Bahnstunden. ::
2197 938 2991 974 Eisenhaltige Moorbäder u. Solebäder. Alle modern hygienisch.
2199 968 2992 1001 Einrichtungen d. Balneotherapie. Prachtvolle Gebirgsaussicht.
2200 994 2989 1028 Kurhaus mit Kurpark. Kurkapelle. Reunions, Tennisplatz.
2199 1020 2991 1054 Flussbäder. Ausgangspunkt für lohnende Gebirgstouren.
2464 1058 2723 1092 Indikationen:
2200 1091 2990 1128 Gicht, Rheumatismus, Ischias, Frauenkrankheiten,
2199 1120 2990 1154 Neuralgien, Venen-Entzündungen, Exsudate etc,
2238 1151 2868 1187 Prospekte und Wohnungsverzeichnis durch den
2560 1179 2991 1210 Kur- und Verschönerungsverein.
2182 1276 3044 1425 Sommerſproſſen.
2208 1429 3066 1470 Zur Beſeitigung der Sommerſproſſen
2165 1464 3064 1504 werden viele verſchiedenartige Mittel verwendet. Alle
2163 1500 3064 1540 dieſe Mittel beruhen auf demſelben Prinzipe, daß die
2164 1537 3066 1576 Sommerſproſſen durch das betreffende Mittel aus⸗
2165 1575 2551 1611 gebleicht werden ſollen.
2209 1608 3064 1646 Dieſe Art der Behandlung iſt unrichtig. Will man
2164 1643 3065 1681 die Sommerſproſſen entfernen, ſo genügt ein Aus⸗
2163 1678 3064 1715 bleichen nicht, weil dieſelben bei Unterbrechungen im
2164 1715 3062 1752 Gebrauche der betreffenden Mittel wieder erſcheinen.
2164 1750 2903 1788 Man muß ſie daher vollſtändig vernichten.
2209 1785 3065 1822 Eine gänzliche Beſeitigung der Sommerſproſſen iſt
2165 1819 3063 1858 nur möglich mit der ſogenannten „Creme Hera“.
2164 1856 3067 1894 Das Geſicht wird täglich 2 bis 3 Stunden mit dieſer
2161 1890 3067 1928 Creme beſtrichen und dann mit Seife abgewaſchen.
2204 1926 3067 1963 Die Sommerſproſſen werden durch dieſe ſenſatio⸗
2163 1961 3068 1998 nelle creme binnen kurzer Zeit vollkom⸗
2165 1997 3064 2035 men entfernt und es zeigt ſich ein ſchöner
2163 2033 3064 2070 weißroter Teint. Dieſe Creme iſt nach Anleitung
2163 2068 3063 2106 des Univ.⸗Prof. Dr. Hager hergeſtellt, geſ. geſch. und
2163 2103 3063 2141 iſt heute das einzig garantiert wirkende Mittel und
2165 2139 3062 2177 vollſtändig unſchädlich. Eine Doſe genügt vollkommen.
2209 2175 3002 2211 Preis K 2.50; per Poſt K 2.70 franko.
2209 2211 3065 2248 Zu beziehen gegen Einſendung oder Nachnahme
2158 2249 2367 2283 des Betrages.
2215 2291 3023 2339 J. Kukla, Prag, Perlgaſſe Nr. 37.
2904 2247 3065 2281 .637—15ʃ7
2238 2444 2769 2602 Wanzentöter
2851 2444 2984 2476 306—0ʃ5
2486 2602 2984 2668 ☛ Ting⸗Ting.
2244 2673 2984 2712 Geſetzl. geſchützt, tötet ſofort alle Wanzen ſamt
2243 2710 2984 2745 Brut. Giftfrei, wohlriechend, desinfizierend. —
2244 2745 2984 2783 Zu haben in Flaſchen zu 60 Heller, dazugehörige
2244 2780 2983 2819 Spritze 20 Heller, in ½ und 1⁄1 Literflaſchen ent⸗
2244 2816 2984 2854 ſpechend billiger, nur in der Hauptniederlage in
2332 2852 2887 2898 Innsbruck bei Alois Epp
2418 2896 2805 2934 Herzog Friedrichſtraße 40
2280 2934 2947 2970 Andere Mittel weiſe man entſchieden zurück.
2244 2968 2985 3005 General-Depot: Wien XVIII., Gentzgaſſe 27.
2379 3091 2845 3133 Statt 40 K nur 6 K!
2606 3137 2964 3173 Gelegenheitskauf!
2570 3173 2996 3232 Gemsbart
2538 3245 3044 3298 Pracht⸗Exemplar
2434 3297 3062 3336 ähnlich Hirſchbart, echt, mit ſehr ſchönem
2432 3334 3062 3371 Reif, 16 cm Haarlänge, ſamt Altſilber⸗
2431 3370 3063 3406 Hubertushülſe, verſchiebbarem Ring und
2434 3406 3064 3440 Schraube, zuſammen nur 6 K. Haar wie
2434 3441 3064 3477 Reif garant. naturecht. Gelegenheitskauf,
2559 3477 2941 3513 verſendet per Nachnahme
2600 3513 2899 3556 Gemsbartbinder
2510 3554 2983 3609 Fenichel, Wien IX.
2550 3609 2946 3644 Altmüttergaſſe 3|312.
3007 3475 3066 3510 136
2406 3720 2821 3892 Kropf
2872 3761 2997 3793 2008— -
2188 3926 3040 3958 und Blähhals verschwindet unfehlbar durch Anwen-
2188 3959 3040 3996 dung meines Kropfbalsams, eine farb- und ge-
2189 3995 3039 4032 ruchlose Flüssigkeit zum Einreiben, 1 Flasche 2 K.
2189 4030 3038 4067 Unauffälige Zusendung. Schreiben Sie sofort an Apo-
2228 4068 2994 4103 theker J. N. Fassmann, ungar. Bruck a. d. Leitha.
2230 4143 2998 4295 Der Alleinvertrieb
2161 4306 3080 4352 eines ſoeben erſchienenen Maſſenbedarfsartikels
2160 4348 3070 4393 ſoll für je einen Ort an einen Agenten oder Händler
2159 4394 3073 4438 vergeben werden. Gute Exiſtenz. Anfragen an H.
2163 4438 2798 4484 Unterleitner, Hohenems, Vorarlberg.
2882 4439 3068 4480 12342⸗3.3
