3598 5367
291 208 455 251 Seite 2
867 209 1187 260 Wien, Samstag
1593 210 2005 268 Arbeiter-Zeitung.
2446 214 2726 262 1. Juli 1911
3108 221 3283 258 Nr. 178
512 309 991 386 Maſſen, heraus!
557 397 947 430 (Von unſerem Korreſpondenten.)
890 443 1216 483 Berlin, 29. Juni.
342 492 1250 540 In Preußen werden in den nächſten Tagen
240 534 1253 586 überall Verſammlungen abgehalten werden,
243 577 1253 627 in denen das Volk ſein Urteil über die neueſte
245 622 1252 670 ſchimpfliche Wahlrechtskomödie des
243 664 1249 713 Dreiklaſſenhauſes abgeben wird. Aller
241 709 1257 755 Orten wird ſich empörter Widerſpruch erheben gegen
242 748 1250 798 das Treiben jener nichtswürdigen Geſellſchaft, die
242 791 1248 840 ſich als kompakte Parlamentsmehrheit anmaßt, dem
243 836 1251 884 preußiſchen Staate im Namen des Volkes Geſetze zu
245 878 1252 927 geben. Das Volk hat nichts zu tun und will nichts
242 922 1245 969 zu tun haben mit dieſen Leuten, die ſich durch ihre
246 964 1247 1013 wüſte Vergewaltigungsſucht, gepaart mit platter
246 1005 1248 1057 Unfähigkeit, längſt bei allen redlich und vernünftig
242 1051 1251 1098 denkenden Menſchen um den letzten Reſt von politiſcher
253 1090 1249 1142 Achtung gebracht haben. Kein anderes Verhältnis iſt
241 1136 1245 1186 zwiſchen dem Volke und dieſen Volksvertretern möglich
243 1180 1248 1228 als Kampf um Sein oder Nichtſein, Kampf bis zum
233 1223 456 1268 Aeußerſten!
336 1266 1246 1316 Die Verſammlungen der nächſten Tage ſind ein
235 1306 1250 1356 Glied in der Kette von Kämpfen, die die preußiſchen
236 1352 1247 1403 Arbeiter ſeit Jahren um ihr Recht führen; ſo wenig
236 1397 1247 1445 dieſe neueſte Aktion der Wahlrechtsbewegung die erſte
239 1440 1246 1487 in ihrer Art iſt, ſo wenig wird ſie auch die letzte
240 1481 1250 1531 ſein. Sie wird ihren Zweck reichlich erfüllt haben,
236 1528 1249 1571 wenn ſie einen neuen Anfang bedeuten wird.
234 1568 1250 1616 Wie ein friſcher Windſtoß ſoll ſie in die Stickluft der
232 1611 1252 1659 mit Verweſungsdünſten geſchwängerten preußiſchen Zu⸗
234 1647 1249 1701 ſtände hineinfahren, als Vorbote kommender Wahl⸗
234 1698 1243 1745 rechtswetter, die am Horizont heraufziehen. Mit ein
237 1741 1247 1789 paar Verſammlungen von heute und morgen wird die
238 1783 1248 1832 Machtfrage deutſcher Klaſſenkämpfe, wird die preußiſche
235 1827 1248 1874 Wahlrechtsfrage nicht gelöſt werden, aber dieſe Ver⸗
236 1868 1243 1917 ſammlungen können, müſſen ein Vorzeichen dafür
238 1909 1251 1961 werden, daß das preußiſche Volk die Geſchichte ſatt
239 1956 1243 2005 hat und daß es nicht länger mehr mit ſich ſpaßen
236 1999 443 2042 laſſen will.
346 2039 1243 2088 Es gibt Leute, die über den Wert von Ver⸗
240 2084 1244 2135 ſammlungsaktionen ſkeptiſch denken und die gelegent⸗
240 2126 1246 2176 lich in ihrer Zweifelſucht ſo weit gehen, daß ſie, ſtatt
237 2171 1251 2220 mit ihren übrigen Klaſſen⸗ und Volksgenoſſen gemein⸗
238 2215 1244 2262 ſam zu proteſtieren, lieber zu Hauſe bleiben. Aber
237 2255 1247 2313 dieſe Neunmalweiſen ſind den gefährlichſten Volks⸗
234 2301 1248 2348 feinden, den Junkern, an Klugheit bedeutend unter⸗
239 2344 1241 2392 legen. Die Junker wiſſen ganz genau, daß die ſich
237 2384 1245 2437 immer wiederholenden Verſammlungsfeldzüge der
239 2427 1249 2476 Sozialdemokraten gegen die Dreiklaſſenſchmach das
240 2471 1247 2524 Gebäude ihrer Herrſchaft zum Wanken bringen.
240 2517 1245 2564 Warum wären denn die Junker ſo fanatiſche Gegner
237 2561 1245 2606 der Verſammlungsfreiheit, warum hätte denn die
240 2602 1242 2650 Arbeiterſchaft ſich ihr ſtaatsbürgerliches Recht, ſich zu
237 2646 1247 2693 verſammeln, der Verwaltung und der Geſetzgebung
239 2687 1242 2736 erſt ſtückweiſe abringen müſſen, wenn Verſammlungen,
234 2731 1237 2780 wie jene klugen Leute ſagen, „keinen Zweck“ hätten?
234 2771 1247 2822 Gerade die Geſchichte der preußiſchen Wahlrechts⸗
234 2818 1243 2867 bewegung, die zugleich die Geſchichte des Kampfes
233 2857 1245 2906 um die preußiſche Verſammlungs⸗ und Demonſtrations⸗
236 2905 1240 2956 freiheit iſt, beweiſt aufs deutlichſte, wie ſehr die Junker
230 2949 1242 2996 das Verſammlungsrecht als eine Waffe in der Hand
232 2991 1247 3034 des preußiſchen Volkes fürchten. So mag denn das
232 3034 1247 3077 Volk, unbeirrt durch das Gerede bequemer Beſſer⸗
227 3071 1245 3127 wiſſer, zeigen, daß es dieſe ſcharfe Waffe zu führen
228 3121 379 3165 verſteht.
235 3204 1254 3249 des toten Stoffes. Sie iſt für mich die Ekſtaſe der
234 3245 524 3289 Todesangſt.“
334 3288 1248 3335 Gerade dieſe letzten Worte, das auskoſtende Genießen der
225 3328 1249 3376 Todesangſt und der eigenen Sünde beweiſt, daß der Satanis⸗
233 3378 1248 3422 mus noch derſelbe iſt wie früher. Der Durſt nach dieſem ab⸗
234 3420 1243 3469 normalen Genuß iſt es, der den gläubigen, aber degenerierten
230 3465 1255 3506 Gegenwartsmenſchen in das Dunkel des Satanismus hetzt,
225 3507 1248 3553 ebenſo wie damals in dem verbotenen Zauberſpuk. Natürlich:
227 3549 1245 3594 ein bewußter Satanismus wird unter religiös Gleichgiltigen
227 3596 1246 3642 nie zu finden ſein, denn niemand huldigt einem Prinzip, das
227 3637 1249 3680 er nicht anerkennt. Aber die Satansverehrung wird dort
232 3683 1241 3727 geboren, wo überſpannter Glaube und erotiſcher Myſtizismus
236 3726 1245 3767 ſich in einem kranken, haltloſen Gemüt begegnen. Wir haben
232 3769 1245 3813 in unſeren großen Städten Salonſataniſten, die ſich in
237 3813 1242 3857 dem Triumph der Blasphemie, in dem Vergeſſen des
235 3854 1248 3899 Deliriums zu betäuben ſuchen, unter uns finden ſich Unglück⸗
234 3900 1248 3944 liche genug, die ſich in der Pervertierung des Poſitiven willenlos
230 3938 1242 3982 in den Abgrund des Satanismus gleiten laſſen, für die heute
229 3983 1252 4024 noch dieſelbe Hauptformel gilt, die in dem Ritual der mittel⸗
226 4027 1248 4069 alterlichen Sekten ſtand: „Satan, ſtreiche mich aus dem Buche
225 4068 1241 4111 des Lebens und ſchreibe mich ein in das Buch des Todes.“
230 4113 1241 4156 Ich ſelbſt kann es bezeugen, daß es Gläubige aus tiefſter Seele
225 4158 1240 4200 gibt, die Baphomet, den ſchwarzen Gott der Kabbala, anbeten.
222 4201 1246 4241 Vor mir liegt der Brief eines däniſchen Sataniſten, wo unter
227 4241 1247 4285 anderem folgende Zeilen ſtehen: „Während Europa das Weih⸗
228 4288 1248 4330 nachten des weißen Chriſtus feiert, feiere ich es als das hohe
227 4329 1245 4371 Feſt des einen, Höchſten, des Bockgehörnten... Ich feiere
231 4370 1244 4418 Weihnachten als ein Feſt für Baphomet, den verhüllten Gott,
227 4415 794 4460 den ich anbete und wieder anbete.“
337 4460 1244 4503 Aber um welche Art von Satanismus es ſich auch
230 4507 1247 4549 handeln möge: um den Luziferkultus des kabbaliſtiſchen
233 4552 1245 4596 Myſtikers, um die Ausſchweifungen raffinierter Lüſtlinge, um
229 4595 1247 4643 den plumpen Teufelsglauben des unwiſſenden Volkes das — ſteht
233 4642 1249 4694 unbeſtreitbar feſt, daß der Satanismus mit ſeinen Phänomenen
234 4684 1253 4732 nur ein parodiſtiſch verzerrtes Gemiſch aller Gottesdienſt⸗
234 4726 1245 4778 verzückungen des Altertums iſt, der ſich dem Wandel der
235 4767 1245 4826 wechſelnden Zeiten wohl angepaßt hat, dennoch aber in ſeinen
238 4811 1249 4867 Urſprüngen leicht erkenntlich iſt. Der Satanismus iſt deshalb
239 4855 1253 4913 eine Krankheit, die weder durch Machtmittel noch durch Strafen
234 4902 1253 4958 aus dem Leibe der Menſchheit ausgetrieben werden kann,
239 4948 1256 5003 ſondern wo nur vorbeugende Maßregeln Heilung zu bringen
238 4989 1257 5047 imſtande ſein werden, Maßregeln, welche die Geſellſchaft zur
243 5031 1253 5089 Kräftigung der geiſtigen und körperlichen Geſundheit des Volkes
239 5089 610 5133 ausfindig machen muß.
1397 315 2299 359 Als der Kampf begann, glaubten die Drei⸗
1293 359 2299 405 klaſſenherren hohnlachend auf ihre Macht pochen zu
1294 402 2297 445 können; aber je länger er dauerte, deſto ernſter ſind
1293 445 2305 493 ihre Mienen geworden. Zum erſtenmal ſeit zwei
1291 485 2298 533 Menſchenaltern iſt die preußiſche Reaktion wirklich in
1287 523 2298 575 die Verteidigungsſtellung gedrängt worden und mit
1293 575 2297 618 jedem Tage wird ihre Lage verzweifelter. Verlaufen
1284 617 2299 661 die Verſammlungen der nächſten Tage, wie man mit
1289 656 2302 707 Beſtimmtheit erwarten darf, impoſant und glänzend,
1285 703 2300 746 dann wird das für das Junkertum einen furcht⸗
1289 743 1846 790 baren Schlag bedeuten.
1500 823 2086 893 Die neuen Minister.
1602 909 1990 943 (Von unſerem Korreſpondenten.)
1969 952 2263 992 Paris, 28. Juni.
1390 1001 2300 1052 Um die politiſche Phyſiognomie des neuen Mini⸗
1284 1047 2298 1096 ſteriums einigermaßen zu entziffern, tut man am
1288 1092 2298 1137 beſten, die Aeußerungen der zwei Hauptorgane des
1290 1136 2296 1181 Großkapitals zu betrachten. Der „Temps“ hält ſich
1290 1179 2296 1224 nur mit Mühe von unklug lautem Jubel zurück:
1291 1222 2295 1268 „Herr Caillaux hat nicht das große Miniſterium auf⸗
1291 1266 2295 1310 gebaut, das wir gewünſcht hätten. Aber er hat nicht
1284 1309 2295 1354 gezögert, die Konzentrationspolitik zu ver⸗
1287 1352 2294 1396 ſuchen, die den verſchiedenen Parteien repräſentative
1286 1393 2295 1440 Elemente entnimmt.“ Wohl bedauert der „Temps“,
1287 1438 2296 1482 daß Herr Etienne, ſein Brotgeber, der Häuptling der
1287 1477 2293 1525 Marokkoclique, nicht Kriegsminiſter geworden iſt.
1292 1522 2296 1566 „Herr Etienne,“ meint er, „wäre von der ganzen Armee
1287 1567 2299 1611 mit Freude empfangen worden.“ Die Freude wäre
1284 1609 2299 1652 bei den einfachen Soldaten, die in Marokko oder gar
1290 1651 2295 1695 auf europäiſchen Kriegsſchauplätzen kein Avancements⸗
1286 1696 2295 1745 bedürfnis und keinen Durſt nach Heldentum befriedigen
1289 1738 2293 1783 wollen, wohl nicht gar ſo überwältigend geweſen.
1287 1782 2294 1826 Aber wenn der „Temps“ in ſeinen weltpolitiſchen
1284 1823 2299 1872 Wünſchen nicht voll befriedigt iſt, ſo nimmt er freudig
1289 1869 2299 1913 die Bürgſchaften an, die ihm Caillaux in ſozial⸗
1287 1906 2301 1957 politiſcher Beziehung bietet. Denn Herr Dumont
1289 1955 2291 1999 iſt abgetan „als Opfer der eigenen
1283 2000 2298 2043 Drohungen“, die er gegen die Eiſenbahn⸗
1280 2040 2293 2089 geſellſchaften richtete. Sein Nachfolger Augagneur,
1289 2083 2294 2129 weiß er zu berichten, hat die Abſicht, eine
1289 2127 2295 2176 andere Methode einzuſchlagen: „Er
1286 2166 2298 2215 wird nicht nur den Zugsverkehr auf der Weſtbahn zu
1288 2214 2298 2257 überwachen, ſondern auch unter dem Perſonal der
1289 2257 2293 2300 Eiſenbahnen jenen Reichsfrieden zur Herrſchaft zu
1284 2299 2294 2344 bringen haben, der ſich durch die „Waffen“,
1282 2342 2299 2385 deren ſich Herr Dumont, allerdings vergeblich, zu be⸗
1288 2385 2296 2428 dienen gedacht hat, nicht erzwingen läßt.“ Weiter
1282 2429 2297 2473 erwartet der „Temps“, daß ſich Caillaux mit Augagneur
1285 2471 2293 2514 wegen der Auslieferung der Bergwerkskonzeſſionen an
1285 2514 2293 2557 die Großkapitaliſten ins Einvernehmen geſetzt hat.
1282 2554 2297 2601 Und wenn ihn Augagneurs, des einſtigen ſozialiſtiſchen
1285 2598 2292 2642 Bürgermeiſters von Lyon, autoritärer Charakter ein
1282 2644 2296 2687 wenig beunruhigt, ſo erkennt er dankbar an, daß die
1285 2687 2290 2730 Perſönlichkeit des neuen Kolonienminiſters Lebrun,
1286 2730 2292 2774 eines Schützlings der Großinduſtriellen des Oſtens, ein
1284 2772 2293 2816 „leichtes Gegengewicht“ gegen ihn bilde. Jetzt erwartet
1277 2813 2291 2859 er nur noch die Erklärungen des Miniſteriums über
1284 2858 2291 2905 die Unterdrückung der Sabotage und die Wieder⸗
1281 2901 1777 2944 einſetzung der Eiſenbahner.
1384 2945 2290 2989 Weniger zufrieden iſt das „Journal des Débats“.
1279 2982 2297 3031 Aber immerhin verzeichnet es als „die größte Kühn⸗
1281 3031 2294 3074 heit“ Caillaux', den Arbeitsminiſter Paul⸗Boncour, den
1284 3073 2290 3118 „Verteidiger des unausführbaren Altersverſicherungs⸗
1286 3113 2295 3163 geſetzes“, und den Arbeitsminiſter Dumont, „den
1288 3160 2297 3203 Apologiſten der revolutionären Eiſenbahner“, verab⸗
1286 3203 1605 3245 ſchiedet zu haben.
1380 3244 2295 3291 Am bezeichnendſten aber iſt, daß der „Temps“
1286 3289 2295 3334 vom Proporz, zu deſſen eifrigſten Verfechtern er bisher
1287 3333 2293 3377 zählte, mit auffallender Zurückhaltung und das „Jour⸗
1288 3375 2290 3420 nal des Débats“ davon überhaupt nicht ſpricht.
1285 3419 2291 3464 Für eine Rückkehr zur Aggreſſivpolitik gegen das
1287 3459 2291 3508 Proletariat wären ſie wohl bereit, den Proporz ſtill
1286 3506 2291 3551 einzuſargen. Die Freitagſitzung wird zeigen, ob die
1287 3549 2292 3594 bürgerlichen Republikaner die Schamloſigkeit haben, ihr
1286 3593 2291 3638 Votum vom vorigen Donnerstag zu verraten und eine
1282 3635 2295 3682 Hetze gegen die organiſierte Arbeiterſchaft als Erſatz
1279 3678 2112 3724 für die Wahlreform in Zahlung zu nehmen.
1477 3800 2114 3843 Die Regierungserklärung Caillaux'.
1384 3851 2295 3890 Paris, 30. Juni. Die in der Kammer und im Se⸗
1286 3894 2292 3937 nat verleſene Regierungserklärung fordert das Parlament
1282 3938 2299 3982 auf, zunächſt die Frage der Abgrenzung des Cham⸗
1283 3981 2294 4023 pagnegebietes ſowie die der Wahlreform zu ver⸗
1281 4026 2297 4062 abſchieden, welche nur mit Hilfe aller Republikaner gelöſt werden
1281 4066 2294 4107 könne. Die Regierung wird die Verteidigung der Laienſchule
1282 4109 2294 4149 gegen die unermüdlichen Angriffe der Gegner der weltlichen
1280 4151 2292 4191 Inſtitutionen verlangen und beſtrebt ſein, die Einkommen⸗
1278 4194 2292 4234 ſteuer und die Dienſtpragmatik der Staats⸗
1280 4238 2290 4278 bedienſteten raſch der Erledigung zuzuführen. Die
1283 4279 2292 4322 Regierung wird auch bemüht ſein, die Frage der Oſt⸗
1284 4325 2297 4364 bahnen zu löſen, indem ſie eine Reviſion der Verträge vor⸗
1281 4368 2293 4405 bereitet, die das Kontrollrecht des Staates erweitert. Die Re⸗
1285 4406 2296 4450 gierung will, geſtützt auf die Allianz und die wertvollen
1282 4452 2293 4493 Freundſchaften ſowie dank der wachſenden Kraft der Armee und
1285 4497 2295 4538 Marine den Ruhm des franzöſiſchen Namens aufrecht erhalten.
1286 4540 2290 4580 Die Regierungserklärung ſchließt: Unſer Programm iſt, eine
1287 4584 2290 4626 Regierung zu ſein, welche die Politik des ſozialen Fortſchrittes
1286 4623 2289 4668 unter Achtung der republikaniſchen Ordnung und des Geſetzes
1287 4677 1409 4712 verfolgt.
1390 4723 2288 4761 Die Erklärung in der Kammer, die Miniſterpräſident
1290 4763 2288 4803 Caillaux und im Senat Juſtizminiſter Cruppi ver⸗
1289 4806 2294 4847 laſen, wurde in der Kammer von der Majorität im allgemeinen
1291 4849 2287 4894 beifällig aufgenommen. Die Aufnahme im Senat war dagegen
1293 4898 1467 4937 reſervierter.
1398 4935 2286 4980 Paris, 30. Juni. Nach Verleſung der Programm⸗
1295 4979 2287 5023 erklärung beſchloß die Deputiertenkammer auf Antrag des Miniſter⸗
1294 5024 2284 5067 präſidenten, alle Interpellationen über die allgemeine Politik
1291 5068 1647 5114 gemeinſam zu beraten.
2442 315 3347 356 Briſſon leitete darauf die Interpellationsdebatte mit
2338 359 2926 398 der Beſprechung der Wahlreform ein.
2441 403 3346 444 Mehrere Redner interpellieren über die Einheitlichkeit des
2338 446 3347 487 Oberkommandos in Kriegszeiten, über die Frage der Wieder⸗
2340 486 3347 530 anſtellung der entlaſſenen Eiſenbahnbedienſteten, über das
2331 533 3356 574 ſtändige Anwachſen der Ausgaben, über die Vorlagen betreffend
2331 575 3347 615 den Schutz der Laienſchulen ſowie über die Schaffung von Unter⸗
2338 620 2623 656 ſtaatsſekretariaten.
2437 662 3347 704 Miniſterpräſident Caillaux führt in Beantwortung
2335 704 3347 747 verſchiedener Interpellationen aus, daß die Regierung die
2333 746 3349 788 Wahlreform mit den Republikanern allein
2331 793 3348 834 ſchaffen werde. Auch werde ſie die Verhandlungen über alle
2336 837 3354 875 zuläſſigen Fälle von Wiederanſtellungen entlaſſener Eiſenbahn⸗
2335 874 3351 921 bedienſteten verfolgen. Die Regierung wolle regieren, der dem
2332 921 3347 961 parlamentariſchen Regime nachteiligen Unſicherheit ein Ende
2330 965 3348 1004 machen und ſich von der Revolution ebenſo fernhalten wie von
2332 1007 2540 1043 der Reaktion.
2441 1049 3345 1091 Der Miniſterpräſident ſchließt mit der Erklärung, daß die
2332 1092 3347 1134 Regierung dem Lande die Reformen geben wolle, die es gleich⸗
2330 1139 3347 1177 zeitig mit einer jeder Demagogie fremden republikaniſchen
2333 1178 2944 1219 Ordnung verlangt. (Lebhafter Beifall.)
2458 1251 3225 1321 Die Lords und die Krone.
2647 1336 3037 1369 (Von unſerem Korreſpondenten.)
2901 1385 3312 1421 Kn. London, 27. Juni.
2434 1433 3344 1479 Die Zeremonien der Krönung, die den Adel an
2337 1479 3344 1524 ſeine Vergangenheit erinnerten, ſcheinen auf die
2334 1521 3347 1566 oppoſitionellen Lords verjüngend gewirkt zu haben. An
2333 1563 3342 1606 Stelle der unentſchiedenen Kritiker der Parlaments⸗
2334 1603 3356 1652 bill finden die Liberalen auf einmal kampfbereite
2334 1649 3342 1695 Gegner, die willens zu ſein ſcheinen, das Experiment,
2336 1693 3344 1738 das ſie im Jahre 1909 mit dem Budget machten, im
2334 1735 3342 1781 Jahre 1911 mit der Parlamentsbill zu wiederholen.
2334 1780 3345 1824 Einige meinen, die entſchiedene Stellungnahme der
2334 1821 3343 1869 Lords, die in dem von Lord Lansdowne angekündigten
2332 1864 3346 1912 Amendement zur Parlamentsbill zum Ausdruck kommt,
2333 1910 3345 1956 ſei nur eine Poſe; andere glauben, daß den Lords der
2334 1952 3340 1998 ſtarke Wein der Krönungsfeſtlichkeiten, bei denen ſie
2340 1996 3342 2042 alle Hauptrollen ſpielten, in den Kopf geſtiegen iſt;
2340 2039 3343 2083 wiederum andere verſichern mit Beſtimmtheit, daß die
2339 2082 3341 2127 Lords den König, deſſen ſtarke konſervative Neigungen
2341 2122 3342 2171 allgemein bekannt ſind, dermaßen bearbeitet haben,
2339 2168 3340 2214 daß er den Liberalen, ſollten dieſe einen Pairsſchub
2338 2213 3341 2254 planen, um den Widerſtand des Oberhauſes zu über⸗
2332 2252 3340 2299 winden, nicht willfährig ſein werde. Was auch immer
2331 2297 3340 2342 an dieſen Meinungen und Behauptungen wahr ſein
2335 2340 3342 2386 mag, ſicher iſt, daß die Lords geſonnen ſind, ein
2333 2383 3342 2427 kühnes Spiel zu wagen, bei dem es entweder ihren Tod
2333 2426 3138 2471 oder den Tod der liberalen Regierung gilt.
2439 2469 3341 2514 Mit Hilfe Herrn Balfours hat Lord Lansdowne
2332 2512 3344 2557 einen äußerſt ſpitzen Pfeil geſchmiedet, der gerade auf
2329 2546 3343 2601 das Herz der Vorlage, die Klauſel 2, gerichtet iſt. Dies
2328 2598 3340 2643 iſt der Teil der Parlamentsvorlage, in dem beſtimmt
2332 2642 3337 2686 wird, daß irgend eine Vorlage allgemeiner Natur, die
2333 2684 3335 2731 von den Lords dreimal verworfen worden iſt, auch
2326 2728 3338 2773 ohne die Zuſtimmung des Oberhauſes Geſetzeskraft
2331 2771 3340 2816 erlangen kann. Lord Lansdowne beantragt nun in
2332 2813 3341 2860 ſeinem Abänderungsantrag, daß Vorlagen, die a) die
2338 2858 3343 2904 Exiſtenz der Krone oder die proteſtantiſche Thronfolge
2336 2897 3344 2949 berühren, oder Vorlagen, die b) die Einführung eines
2331 2944 3340 2989 nationalen Parlaments, einer Nationalverſammlung
2330 2987 3343 3033 oder eines Nationalrates mit geſetzgebenden Befug⸗
2327 3030 3344 3073 niſſen bezwecken, oder Vorlagen, die c) nach der An⸗
2326 3069 3343 3118 ſicht eines aus den Vertretern der beiden Kammern
2330 3116 3347 3164 gebildeten gemeinſchaftlichen Ausſchuſſes Fragen von
2333 3157 3343 3206 großer Wichtigkeit betreffen, über die ſich die Wähler⸗
2327 3200 3343 3251 ſchaft noch nicht mit genügender Klarheit ausgeſprochen
2335 3246 3344 3293 hat, nicht, wie in der Klauſel 2 vorgeſehen iſt, dem
2335 3284 3342 3336 König nach der dritten Seſſion einfach zur Genehmigung
2330 3333 3343 3386 vorgelegt werden ſollen, ſondern den Wählern in einer
2325 3374 3341 3426 noch vom Parlament zu beſtimmenden Weiſe (Re⸗
2327 3416 3338 3468 ferendum) zur Abſtimmung unterbreitet werden
2333 3463 3336 3511 müſſen. Die Frage, ob eine Vorlage unter die Be⸗
2330 3506 3338 3555 ſtimmungen der Paragraphen a) und b) fällt, ſoll von
2329 3547 3353 3601 dem erwähnten gemeinſchaftlichen Ausſchuß entſchieden
2334 3595 2473 3628 werden.
2437 3635 3344 3683 Dieſer mit raffinierter Schlauheit ausgeklügelte
2336 3674 3344 3728 Flankenangriff unterſcheidet ſich auffallend von der
2336 3718 3346 3773 bisher beobachteten Taktik der Lords, deren ſtetige
2332 3767 3344 3818 Betonung der Notwendigkeit einer zweiten Kammer
2330 3807 3342 3862 ſich etwas plump ausnahm. Gleich mit den erſten
2332 3854 3338 3902 Worten des Amendements wird die Krone, der man
2329 3899 3337 3947 bange macht, daß die Volksvertretung mit der Parla⸗
2331 3939 3337 3990 mentsbill in der Hand ſie eines Tages einfach hinweg⸗
2330 3985 3342 4031 dekretieren könnte, bei den Haaren in den Streit ge⸗
2329 4027 3342 4074 zogen. Dann folgt ein ſanfter, für die proteſtantiſchen
2331 4069 3344 4116 Eiferer beſtimmter Rippenſtoß. Und ſchließlich kommt
2332 4106 3346 4162 der gegen die iriſche Homerule gerichtete Paragraph,
2331 4156 3346 4204 der die liberale Regierung an der verwundbarſten
2330 4199 3345 4245 Stelle trifft. Denn von allen Punkten des liberalen
2330 4239 3345 4291 Programms iſt die iriſche Selbſtverwaltung zweifels⸗
2330 4286 3346 4335 ohne der am wenigſten populäre. Das Lansdowneſche
2336 4330 3346 4380 Amendement iſt eine direkte Aufforderung an die
2336 4374 3344 4423 Regierung, ihren Trumpf, den Pairsſchub, die Er⸗
2332 4417 3199 4466 nennung von fünfhundert Lords, auszuſpielen.
2437 4457 3344 4513 Die ganze Form des Antrages, der ſich auf
2330 4498 3340 4564 einige weſentliche Punkte beſchränkt, weiſt darauf hin,
2329 4544 3340 4609 daß die Lords eine kurze und ſcharfe Kriſe herauf⸗
2331 4590 3339 4657 beſchwören wollen. Wenn die ganze Operation
2329 4633 3337 4700 nicht ein rieſiger Bluff ſein ſoll, ſo müſſen ſie Grund
2327 4677 3336 4744 zu der Annahme haben, daß Herr Asquith ſeinen
2330 4718 3337 4782 letzten Trumpf entweder nicht ausſpielen will, oder
2330 4761 3333 4828 nicht ausſpielen kann. Sie rechnen offenbar damit,
2330 4805 3333 4878 daß das Kabinett demiſſionieren und der König Herrn
2329 4848 3333 4926 Balfour mit der Regierung beauftragen wird. Daher
2329 4894 3332 4968 die vielen Gerüchte über eine nahe bevorſtehende
2329 4942 3332 5014 Parlamentsauflöſung und Neuwahlen im Juli.
2327 4982 3335 5057 Gemäß den Zeitungsberichten treffen die konſervativen
2325 5023 3329 5101 Wahlagenten ſchon Vorkehrungen für dieſe Wahlen.
2326 5067 3327 5146 Ueber den Ausfall dieſer Wahlen herrſchen die ver⸗
