3600 5369
315 228 491 274 Nr. 178
872 229 1196 284 Wien, Samstag
1599 233 2016 291 Arbeiter-Zeitung.
2455 234 2739 285 1. Juli 1911
3129 241 3294 282 Seite 9
352 328 1266 372 Die Statiſtik der verbandsangehörigen Genoſſenſchaften
250 366 1265 405 konnte infolge der Saumſeligkeit der Genoſſenſchaften nicht voll⸗
250 401 1264 441 ſtändig fertiggeſtellt werden, da von 78 Genoſſenſchaften noch
251 434 1264 476 keine Berichte eingelangt waren. Aus den bisher vorliegenden
251 470 1268 509 Ziffern iſt jedoch zu erſehen, daß die Konſumvereine an Mit⸗
250 506 1264 549 gliederzahl und Umſatz einen ſtarken Zuwachs zu verzeichnen
249 539 356 576 haben.
353 572 1266 615 337 Konſumvereine zählen Ende 1910235.597 Mitglieder mit
253 610 1265 650 73,734.000 Kronen Umſatz. Trotzdem 51 Konſumvereine weniger
250 644 1265 683 als im Vorjahr berichtet haben, beträgt der Mitglieder⸗
250 681 1265 720 zuwachs 11.550 Mitglieder und der Geſamtumſatz iſt
247 713 772 755 auf 96,760.500 Kronen geſtiegen.
351 748 1264 789 Von den Produktivgenoſſenſchaften haben
244 781 1265 826 fünf weniger als im Vorjahre ihre Berichte rechtzeitig eingeſendet,
246 819 1263 858 und zwar 26 Produktivgenoſſenſchaften; ſie zählen 2207 Mitglieder
250 852 1262 893 und haben einen Umſatz von 4,308.512 Kronen 60 Heller. Die
250 886 1264 927 Broſchüre von Dr. Renner: „Die landwirtſchaftlichen Genoſſen⸗
246 920 1263 964 ſchaften und die Konſumvereine“ wurde in einer Auflage von
248 957 1262 995 50.000 Exemplaren verbreitet. Der Bericht erwähnt ferner der
248 990 1261 1031 Errichtung des Landesſekretariats in Prag, des Abſchluſſes von
247 1025 1261 1066 Kollektivverträgen in Wien und den einzelnen Diſtrikten für die
249 1062 1261 1100 in den Verkaufsſtellen der Konſumvereine Beſchäftigten; er be⸗
247 1094 1262 1134 richtet gleichzeitig über die finanzielle Lage des Zentralver⸗
250 1129 1262 1169 bandes und bringt die wichtigſten Ziffern des Rechnungs⸗
249 1165 1263 1202 abſchluſſes zur Kenntnis. Genoſſe Beſel für die Verbands⸗
247 1198 1262 1238 kontrolle erörtert das Rechnungsweſen und teilt mit, daß ver⸗
246 1232 1260 1271 ſchiedene Maßnahmen getroffen wurden, um eine raſchere
248 1266 1262 1307 Ueberſicht über alle Eingänge und Ausgänge ſicherzuſtellen. Er
247 1302 1262 1345 beantragt, dem ſcheidenden Verbandsvorſtand das Abſolutorium
248 1340 429 1373 zu erteilen.
348 1374 1260 1412 An der Debatte beteiligten ſich insbeſondere die Genoſſen
245 1405 1260 1446 Witzmann (Wien), Neumann (Auſſig) und Dr. Kar⸗
247 1444 1261 1480 peles. Witzmann gibt Anregungen, um die Mittel des Ver⸗
246 1477 1260 1515 bandes zu vermehren, Neumann befaßt ſich hauptſächlich mit
247 1511 1262 1552 dem Kollektivvertrag, der zwiſchen den Konſumvereinen und
243 1545 864 1584 ihren Bedienſteten abgeſchloſſen wurde.
353 1579 1260 1620 Der Verbandstag erteilte dem Vorſtand für ſeine Tätigkeit
249 1615 1261 1656 auf Antrag der Kontrolle einſtimmig das Abſoluto⸗
242 1651 373 1685 rium.
347 1685 1260 1725 Hierauf wurde die Wahl der Mandatsprüfungskomiſſion
242 1721 1260 1760 vorgenommen, in die Neunteufel, Butzke, Weichſel⸗
242 1754 942 1793 berger und Mladek gewählt wurden.
347 1789 1261 1826 In ausführlichen Referaten ſprachen Quirin Kokrda
243 1822 1260 1861 und W. Wilhelm über die Lage der Konſumvereine und
244 1857 1259 1898 die Verbandsreviſion. Sie beantragten zwei im Sinne ihrer
245 1891 851 1931 Ausführungen gehaltene Reſolutionen.
347 1932 781 1977 Die eine Reſolution lautet:
379 1976 1259 2016 Auf Grund des in den Berichten der Verbandsreviſoren
278 2011 1258 2052 niedergelegten Tatſachenmaterials ſowie in Anbetracht der
280 2048 1258 2086 Erfahrungen und Wahrnehmungen, die der Verbandsvorſtand
279 2083 1260 2120 und Aufſichtsrat der G. ö. C. machten, beſchließt der Verbands⸗
276 2119 1260 2156 tag, den angehörigen Vereinen die genoſſenſchaft⸗
276 2150 1259 2190 lichen Grundſätze in Erinnerung zu bringen und ihre
279 2186 1038 2227 ſtrikte Beobachtung zur Pflicht zu machen.
381 2221 1260 2260 Insbeſondere legt er Gewicht auf den baren Einkauf
278 2257 1258 2294 und Verkauf der Waren; auf die Erhöhung des Reſervefonds
273 2291 1260 2330 bis zur vollen Höhe der eingezahlten wie ausſtändigen
279 2324 1258 2364 Geſchäftsanteile; auf die ſtändige genoſſenſchaftliche Propaganda
272 2361 1260 2400 und Agitation, durch die unausgeſetzt neue Mitglieder
278 2396 1256 2435 gewonnen und dieſe zu treuen Genoſſenſchaftern herangezogen
279 2430 1261 2470 werden; auf die Förderung der Spartätigkeit durch Anſammlung
273 2465 1260 2503 von Spargeldern, Anlegung von Not⸗ und Hilfsfonds u. ſ. w.;
277 2499 1259 2539 auf die genaue Einhaltung der geſetzlichen und ſtatutariſchen
280 2531 1261 2572 Vorſchriften ſowie der Beſchlüſſe der Generalverſammlungen
275 2569 1260 2608 und ſonſtigen Körperſchaften, die für die Vereine in Betracht
277 2604 1260 2641 kommen; auf eine gewiſſenhafte Buchführung und Kaſſen⸗
277 2635 1261 2674 reviſion, wobei die buchmäßige Kontrolle beſonders die
277 2670 1261 2712 Geſchäftsanteile und Spareinlagen, die Wareninventur und
274 2706 1261 2743 ſonſtigen Vermögensbeſtände, die Außenſtände und Waren⸗
272 2740 1259 2778 ſchulden, das Lagerhalterkonto, die Berechnung der Waren⸗
275 2773 1258 2814 inventuren unter Zugrundelegung der Einkaufspreiſe und
272 2810 1261 2848 ausreichender Abſchreibungen, des Gewinn⸗ und Verluſtkonto
272 2842 1259 2884 ſowie alle Aktiv⸗ und Paſſivpoſten der Bilanz im einzelnen
275 2876 496 2918 umfaſſen ſoll.
380 2914 1261 2952 Der Verbandstag macht ferner den Vereinen den
274 2944 1258 2985 regelmäßigen Beſuch der Einkaufstage und der Diſtrikts⸗
276 2983 1258 3018 verſammlungen zur Pflicht und empfiehlt ihnen in Be⸗
275 3014 1257 3058 tätigung der genoſſenſchaftlichen Solidarität bei Eindeckung
274 3050 1065 3089 des Warenbedarfes den Bezug durch die G. ö. C.
378 3086 1255 3125 Gleichzeitig beauftragt er zum Zwecke der allgemeinen
274 3120 1258 3159 Durchführung oder Sicherung der vorſtehend aufgezählten
272 3155 1258 3194 Maßnahmen den Verbandsvorſtand, im Einvernehmen mit
274 3191 1260 3230 dem Aufſichtsrat der G. ö. C. die Verbandsreviſion zweck⸗
274 3226 956 3266 entſprechend und zeitgemäß auszugeſtalten.
1403 334 2313 376 Dieſe Reſolution wurde einſtimmig angenommen. Ebenſo
1300 367 1977 413 die zweite, welche folgenden Wortlaut hat:
1436 412 2313 453 Der Verbandstag verpflichtet die verbandsangehörigen
1331 448 2313 488 Konſumvereine und Genoſſenſchaften, bei geſchäftlichen Trans⸗
1329 485 2312 523 aktionen aller Art, insbeſondere bei Aufnahme von Leih⸗
1332 518 2313 557 kapitalien, Erweiterung der geſchäftlichen Tätigkeit, Aus⸗
1332 552 2311 589 dehnung der Betriebe der Eigenproduktion ſowie bei
1329 589 2312 626 Inveſtierung von Kapitalien in Bauten eine gutachtliche
1332 622 2310 660 Aeußerung oder die Zuſtimmung des Zentral⸗
1329 656 2309 695 verbandes einzuholen; desgleichen natürlich auch jene
1330 690 2308 728 Genoſſenſchaften, die gemeinſame Produktionsbetriebe errichten.
1437 724 2310 765 Ebenſo werden vom Zentralverband fallweiſe die
1331 760 2310 798 Bedingungen feſtzuſetzen ſein, unter welchen Konſumvereine
1331 794 2308 835 (Genoſſenſchaften) mit anderen Organiſationen Fabriken be⸗
1329 830 2168 869 treiben oder Geſchäftsverbindungen eingehen können.
1435 866 2309 903 Aber nicht nur in dieſen Fällen iſt der Zentralverband
1330 899 2309 939 rechtzeitig zu verſtändigen; ſein Gutachten iſt auch dann —
1329 936 2307 974 vorher — zu begehren, wenn eine andere Organiſation, die
1330 970 2309 1007 außerhalb des Zentralverbandes ſteht, aber auf ſeine, be⸗
1327 1004 2307 1042 ziehungsweiſe der angeſchloſſenen Genoſſenſchaften Unter⸗
1329 1039 2306 1077 ſtützung und Förderung rechnet, mit der Errichtung von
1328 1073 2040 1111 Produktionsbetrieben vorzugehen beabſichtigt.
1433 1108 2305 1145 Welche Produktionszweige den Genoſſenſchaften von
1328 1142 2309 1178 vornherein vorzubehalten, für welche der G. ö. C. die Vor⸗
1328 1177 2307 1213 hand zu reſervieren iſt, beſtimmt von Fall zu Fall der Vor⸗
1329 1210 2309 1247 ſtand des Zentralverbandes gemeinſam mit dem Aufſichtsrat
1329 1247 2309 1281 der G. ö. C. Die Bedingungen für die Errichtung von Pro⸗
1328 1279 2308 1318 duktionsbetrieben ſind für alle Einzelfälle möglichſt gleichmäßig
1330 1317 1502 1354 feſtzuſetzen.
1431 1350 2308 1386 Ebenſo beſchließt der Zentralvorſtand fallweiſe darüber,
1324 1385 2306 1421 welches Minimum an Betriebskapital von vornherein durch
1327 1421 2307 1456 die eigenen Mittel, Geſchäftsanteile und Reſerven geſichert ſein
1326 1453 2308 1490 muß, damit Verbindungen mit kapitaliſtiſchen Intereſſenten
1329 1490 2307 1525 und Beteiligungen fremden Privatkapitals, die zu perhorre⸗
1329 1525 1949 1560 ſzieren ſind, vermieden werden können.
1432 1559 2309 1595 Der Verbandstag warnt die Vereine vor ſpekulativen
1327 1592 2307 1629 Experimenten und empfiehlt ihnen, den Abſatz im weſentlichen
1327 1628 2309 1666 auf dem organiſierten Konſum unter Ausſchaltung des Zwiſchen⸗
1328 1663 1652 1701 handels aufzubauen.
1430 1696 2307 1733 Genoſſenſchaften und Organiſationen, welche den Wei⸗
1326 1732 2307 1768 ſungen, beziehungsweiſe den Ratſchlägen des Zentralverbandes
1327 1768 2306 1804 zuwiderhandeln, iſt die Unterſtützung des Zentralverbandes
1330 1801 1917 1838 und ſeiner Vereine zu verſagen.
1428 1833 2305 1872 Bei Verbandsvereinen iſt erforderlichenfalls mit dem
1328 1869 1762 1908 Ausſchluß vorzugehen.
1396 1908 2305 1950 Auf der Tagesordnung des Verbandstages ſtand auch die
1294 1946 2306 1986 Wahl des Verbandsobmannes und der Verbands⸗
1291 1984 1532 2016 kontrolle.
1394 2015 2307 2056 Beſel teilt mit, daß Genoſſe Exner erklärt habe, infolge
1293 2052 2305 2090 von Ueberbürdung nicht mehr in der Lage zu ſein, die Funktion
1296 2088 2305 2124 des Obmannes auszuüben. Er beantragt, Genoſſen Exner für
1293 2121 2308 2160 ſeine außerordentlichen Verdienſte, die er ſich um die Genoſſen⸗
1294 2155 2307 2195 ſchaftsbewegung und den Zentralverband errungen hat, den
1292 2191 2232 2230 Dank und die Anerkennung auszuſprechen.
1390 2225 2306 2262 Hierauf ſchlägt Exner als neuen Obmann Abgeordneten
1293 2259 2304 2297 Dr. Renner vor. Er legt den Nutzen dar, den es für den
1295 2295 2263 2332 Verband habe, als Obmann einen Parlamentarier zu haben.
1393 2328 2304 2367 Die Wahl Dr. Renners zum Obmann wird hierauf
1293 2364 2307 2404 vom Verbandstag einſtimmig und unter großem Beifall
1293 2402 1517 2438 angenommen.
1392 2433 2307 2471 Dr. Renner erklärt, die Wahl anzunehmen. Unter
1292 2468 2307 2506 ſtürmiſcher Zuſtimmung der Delegierten führt er aus, daß er
1292 2503 2305 2540 ſeine Hauptaufgabe in der parlamentariſchen und literariſchen
1294 2538 2303 2575 Vertretung des Verbandes ſehen werde. Im neuen Hauſe wird
1295 2572 2306 2612 es an zahlreichen Gelegenheiten, für die Genoſſenſchaftsbewegung
1298 2607 2305 2644 der Arbeiter zu arbeiten, nicht fehlen. Die ſozialdemokratiſchen
1292 2641 2304 2679 Abgeordneten werden der bürgerlichen Mehrheit abringen, was
1295 2675 2305 2714 möglich iſt. Es muß darauf hingewirkt werden, daß die Aſchen⸗
1293 2710 2308 2748 brödelrolle, die man den Genoſſenſchaften der Arbeiter zugedacht
1293 2745 2307 2782 hat, verſchwindet. Dr. Renner ſchließt: Ich kann aber bei meiner
1292 2779 2306 2817 Tätigkeit auf die Mithilfe Exners nicht verzichten, ich bin über⸗
1295 2815 2303 2852 zeugt, daß er mir mit ſeinen reichen Erfahrungen zur Seite
1293 2846 1797 2886 ſtehen wird. (Lebhafter Beifall.)
1394 2882 2306 2923 Unter großem Beifall ſpricht hierauf der Verbandstag
1292 2918 2303 2955 Genoſſen Exner, dem Mitbegründer und Organiſator des
1294 2952 2306 2990 Zentralverbandes, den wärmſten Dank für die Dienſte aus, die
1292 2986 2304 3022 er für die öſterreichiſche Genoſſenſchaftsbewegung leiſtete. Der
1293 3019 2305 3060 Verbandstag ſpricht die Hoffnung aus, daß dieſer auch fernerhin
1293 3054 2303 3094 ſeine Kraft dem Verband widmen werde. Exner verſichert, daß
1293 3089 2306 3130 er jederzeit bereit ſei, ſeine Kräfte der Genoſſenſchaftsbewegung
1290 3125 2304 3165 zu widmen, und hebt hervor, wie ſehr auch die übrigen Vor⸗
1293 3158 2065 3199 ſtandsmitglieder für ihre Arbeit Dank verdienen.
1392 3195 2301 3234 In die Verbandskontrolle werden Mayer, Suchanek,
1292 3227 1896 3268 Tobola und Pabitſch gewählt.
2444 338 3359 378 Der Verbandstag beſchließt ferner den korporativen
2347 373 3363 411 Beitritt ſämtlicher verbandsangehörigen Genoſſenſchaften zum
2348 408 3363 444 internationalen Genoſſenſchaftsbund. Die
2349 439 3360 480 auf die angeſchloſſenen Genoſſenſchaften entfallenden Beiträge
2347 478 3360 515 werden auf dieſe aufgeteilt und mit den anderen Verbands⸗
2347 512 2684 549 beiträgen eingehoben.
2448 546 3359 585 Die Delegierten gaben hierauf den auf den einzelnen
2344 580 3357 622 Diſtriktsverbandstagen abgeſchloſſenen Kollektivverträgen ihre
2343 616 2557 654 Zuſtimmung.
2449 649 3363 689 Es wird beſchloſſen, die Verbandsbeiträge in der bis⸗
2345 685 2746 722 herigen Höhe zu belaſſen.
2446 719 3358 762 Der nächſte Verbandstag wird in Graz abgehalten
2346 754 2476 789 werden.
2444 789 3359 829 In ſeinem Schlußwort faßt Exner die Tätigkeit des
2342 824 3356 867 Verbandstages zuſammen, worauf die Delegierten aus⸗
2343 856 2578 898 einandergehen.
2429 929 3269 1008 Unionstag der Textilarbeiter.
2688 1012 3007 1050 Zweiter Tag.
2443 1051 3356 1091 Als Vertreter der ſchweizeriſchen Textilarbeiter iſt Genoſſe
2343 1091 3194 1136 Senn erſchienen, der den Kongreß herzlich begrüßt.
2440 1137 3359 1179 Der zweite Punkt der Tagesordnung iſt die Beratung
2340 1178 3359 1224 und Beſchlußfaſſung über die vorliegenden Anträge. Das
2342 1221 3022 1264 Referat erſtattet Abgeordneter Hanuſch.
2446 1265 3095 1308 Es liegen nämlich folgende Anträge vor:
2442 1307 3126 1353 Die Unionsleitung ſtellt folgenden Antrag:
2478 1353 3309 1394 Der ordentliche Mitgliedsbeitrag beträgt per Woche:
2544 1392 2805 1430 In der 1. Klaſſe
3003 1392 3148 1427 62 Heller
2555 1429 2771 1462 „ „ 2. „
3002 1429 3115 1462 52 „
2557 1463 2766 1497 „ „ 3. „
2999 1463 3113 1497 42 „
2557 1497 2766 1532 „ „ 4. „
2998 1498 3113 1532 36 „
2560 1532 2773 1568 „ „ 5. „
2998 1533 3112 1566 32 „
2558 1567 2765 1602 „ „ 6. „
2998 1567 3112 1600 28 „
2474 1606 3354 1647 In die erſten drei Klaſſen können alle männlichen und
2375 1640 3076 1679 weiblichen Mitglieder aufgenommen werden.
2477 1677 3364 1714 In die 4. und 5. Klaſſe dürfen nur Frauen und
2373 1708 3361 1748 jugendliche Arbeiter bis zu achtzehn Jahren ſowie Haus⸗
2375 1743 3362 1783 weber, die mit Leinen⸗ oder Baumwollgarn arbeiten, auf⸗
2379 1781 2688 1818 genommen werden.
2471 1814 3361 1853 Die 6. Klaſſe iſt für alle neubeitretenden Mitglieder
2373 1847 2510 1890 geſperrt.
2443 1892 3359 1932 Gegen die Sperrung der 6. Klaſſe wenden
2340 1934 3360 1974 ſich mehrere Delegierte mit Hinblick auf die ſchlechten Lohn⸗
2340 1975 3360 2019 verhältniſſe in den Webereidiſtrikten. Von einigen Delegierten
2339 2019 3360 2062 wird beantragt, daß die Sperrung der 6. Klaſſe nicht ſofort
2339 2060 3360 2105 erfolgen, ſondern bis zum nächſten Unionstag verſchoben werden
2340 2106 3359 2148 ſoll. Ein Antrag geht dahin, die 4. und 5. Klaſſe außer den
2340 2149 3359 2192 Hauswebern allen Heimarbeitern (alſo auch den Haus⸗
2339 2194 3358 2237 ſtickern) zugänglich zu machen. Ein weiterer Antrag will, daß
2341 2239 3362 2279 auch die 4. Klaſſe allgemein zugänglich ſei. Andere Anträge
2338 2277 3352 2324 wollen die 6. Klaſſe nicht nur ſperren, ſondern auch für die
2339 2324 2757 2365 alten Mitglieder aufheben.
2438 2368 3359 2413 Bezüglich der Streikunterſtützung hatte die
2339 2411 3355 2451 Unionsleitung beantragt, daß ſie erſt gezahlt werde, wenn der
2338 2452 3354 2497 Streik oder die Ausſperrung länger als eine Woche dauert.
2338 2497 3358 2538 Mit Rückſicht auf die bei der Vorbeſprechung gemachten Ein⸗
2338 2540 3355 2583 wendungen teilt der Referent Hanuſch mit, der Vorſtand ſei
2338 2582 3353 2626 bereit, zuzuſtimmen, daß die Streikunterſtützung ſchon dann
2341 2624 3355 2667 gezahlt werde, wenn der Streik oder die Ausſperrung min⸗
2337 2668 3364 2711 deſtens vier Tage dauert. Verſchiedene Anträge wollen
2336 2712 2967 2755 eine Aenderung der Unterſtützungsſätze.
2439 2754 3364 2796 Eine lebhafte Debatte gibt es in der Frage der Arbeits⸗
2338 2793 3361 2841 loſenunterſtützung. Hiezu liegen von einer Reihe von
2339 2841 3360 2885 Ortsgruppen — ſo von Atzgersdorf⸗Lieſing und von Brünn —
2340 2883 3364 2929 Anträge vor, daß die Unterſtützung vom erſten Tage an gezahlt
2338 2929 3364 2971 werden ſoll, allerdings nur, wenn die Arbeitsloſigkeit länger als
2340 2969 3367 3013 drei Tage dauert. Die Unionsleitung ſpricht ſich dagegen aus, da
2342 3013 3362 3057 die Union dadurch mit mindeſtens 25.000 Kronen belaſtet würde.
2340 3056 3354 3099 Dagegen iſt die Unionsleitung bereit, einen Antrag der Orts⸗
2338 3100 3357 3145 gruppe Ebergaſſing, der eine Unterſtützung im Falle von
2336 3143 3355 3187 Ausſetzen verlangt, zu akzeptieren, jedoch nur dann, wenn
2337 3187 3360 3231 das Ausſetzen nicht einzelne Arbeiter, ſondern ganze Betriebe
2338 3230 3355 3274 oder Betriebsabteilungen betrifft. Dieſer Antrag,
449 3338 1058 3457 Der Entgleiſte.
1175 3420 1233 3452 ſ127
336 3471 1161 3517 Roman von Wilhelm Holzamer.
344 3535 1104 3583 Als er geendet hatte, ſagte Doktor Laforêt:
343 3577 1260 3620 „Dann wäre es doch weit einfacher, ich ſtellte Sie
238 3616 1256 3660 als Aſſiſtenzarzt bei mir an. Das wäre auch richtiger.
238 3656 1259 3696 Sie wären auf dem Platze, auf den Sie gehören — und
236 3693 1259 3740 Sie wären aus der Lage herausgehoben, in die Sie nicht
235 3733 409 3781 gehören.“
336 3771 1258 3816 „Damit wäre mir aber ſchlecht gedient,“ fiel ihm
237 3811 1260 3856 Philipp eifrig ein. „Ich würde ſogar ablehnen, ſo ver⸗
238 3852 1258 3896 lockend Ihr Anerbieten für mich iſt. Ich will nun ein⸗
234 3890 1258 3937 mal von unten weiter gehen. Und da ſich mir die
234 3930 1261 3974 Gelegenheit geboten, will ich meinem Beruf einmal
234 3969 1258 4014 dienend ergeben ſein, ſtatt ihn herrſchend auszuüben. Ich
233 4008 1255 4053 will die Erfahrungen, die ich ſo ſammeln kann, die Auf⸗
236 4048 1259 4091 ſchlüſſe, die ich ſo gewinnen kann, meinem Beruf wieder,
236 4084 1256 4128 wenn ich je dazu komme, dienſtbar machen...“ Der
239 4126 1259 4167 Gedanke war ihm, während er ſprach, klar geworden
237 4165 1259 4204 und ſtark zugleich. „Sie irren, wenn Sie vermuten, ich
235 4202 1258 4243 hätte die Abſicht, die Verhältniſſe hier zu ſtudieren, um
237 4242 1258 4285 ſie hinauszutragen. Was ich davon profitiere, ſoll dem
234 4281 1259 4326 Beruf, ſoll den Kranken, ſoll mir wie Ihnen zugute
237 4320 1260 4364 kommen. Ich will es für mich tun, und ich will einmal
233 4361 1258 4406 in eine andere Beziehung zu unſeren Kranken kommen.
238 4398 1259 4445 Ich will neben ihnen ſtehen, nur ein wenig in meiner
239 4439 1259 4484 Sorge und Beobachtung über ihnen, aber nicht beherr⸗
237 4478 1256 4525 ſchend. Unſer Wiſſen von den Irren wird ein anderes,
236 4515 1257 4567 wenn wir es mit den Erfahrungen des Wärters ver⸗
238 4561 499 4604 einen können.“
345 4598 1254 4657 Der Doktor Laforêt hatte wieder das Kräuſeln auf
240 4651 444 4700 den Lippen.
341 4689 1256 4744 „Mein Lieber, Sie wollen ein Experiment machen
243 4735 960 4792 — mit ſich, mit den Kranken, mit mir!“
346 4783 876 4837 „Iſt nicht alles Experiment?“
344 4824 1259 4885 „Wohl... ſchon...! Aber wie kommen Sie gerade
244 4871 949 4926 zu mir? Und warum gerade bei mir?“
343 4910 1260 4971 Philipp ſah, daß er immer noch mißtrauiſch war.
250 4948 1262 5010 Er ſetzte ihm noch einmal auseinander, wie ihm die
249 4999 806 5055 Gelegenheit dargeboten worden.
354 5027 1264 5097 „Ich habe nicht daran gedacht, es iſt kein vorge⸗
247 5071 1266 5137 nommener, erwogener Plan. Der Gedanke iſt in mir ſtark
250 5109 1268 5177 geworden, ich habe ihn als fruchtbar in mir wachſen
1293 3307 2307 3352 laſſen, als ich die Möglichkeit eines Wärterpoſtens für mich
1294 3347 2307 3392 ſah. Ich wollte, ohne Hinterhaltigkeit, ohne Eigennutz, ohne
1292 3386 2307 3427 Nebenabſicht, unbekannt und unerkannt die dienende
1293 3425 2305 3468 Stellung des Wärters in meinem Beruf auf mich nehmen.
1294 3464 2307 3506 Als eine Prüfung, als eine Brücke — ich war ja ſo außer⸗
1292 3503 2306 3547 halb meines Berufes geraten —, als ein entſcheidendes
1294 3542 2307 3585 Experiment, in dem es ganz auf mich ankäme, ob ich ſtehen
1290 3581 2305 3625 bleiben ſollte oder höher ſteigen könnte. Und wie ich ſchon
1292 3619 2307 3662 ſagte, während unſeres Geſpräches kamen die anderen
1293 3660 2306 3701 Lockungen und die übrigen Bedeutungen, die das Experi⸗
1293 3699 2304 3740 ment noch hat. Ich konnte mich vor Ihnen nicht ver⸗
1293 3738 2307 3780 bergen, aber wenn Sie mir nicht trauen können, ſo bitte
1290 3776 2306 3822 ich, mich zu entſchuldigen; ich werde mich dann nicht mehr
1292 3816 1484 3854 bewerben.“
1393 3854 2303 3900 Er machte eine Verbeugung und ſchickte ſich an
1292 3894 1455 3940 zu gehen.
1397 3934 2304 3977 „Nicht ſo kurz und eilig, mein Freund,“ bedeutete
1291 3973 2305 4019 ihn Doktor Laforêt zu warten. „Ich bin der Meinung,
1291 4012 2304 4057 Sie hätten Ihren ganzen Weg anders machen können,
1293 4053 2302 4094 Sie hätten ihn leichter haben können. Aber jeder nach
1291 4089 2303 4133 ſeinem. Geſchmack — ich habe nicht darüber zu richten.
1293 4128 2304 4174 Sie ſind Ethiker, und Sie haben ſich in einen ethiſchen
1293 4168 2306 4209 Gedanken verrannt. Ich weiſe es nicht von der Hand,
1292 4206 2305 4248 daß ſeine Ausführung nicht ohne Nutzen wäre. Für Sie
1287 4244 2303 4287 — ich ſehe zunächſt nur, Sie lernen dienen. Wenn es
1291 4286 2301 4329 Ihnen darauf ankommt... nun wohl! Allerdings — ja
1292 4324 2302 4367 freilich — auch praktiſche Erfahrungen, getrübt durch das
1294 4362 2300 4406 Auge des Arztes, dem Sie die beſondere Schärfe ja nun
1293 4402 2300 4446 doch nicht auf einmal wieder nehmen können. Wiſſen
1292 4440 2299 4485 Sie was, ich bin für das Experiment gewonnen. Ich ver⸗
1291 4478 2301 4521 ſpreche mir perſönlichen Nutzen davon. Und ich bin
1290 4518 2300 4560 Egoiſt, ich geſtehe das gern ein. Warum nicht? Aber
1289 4557 2300 4602 hören Sie — zwei Gründe, der erſte: Sie wollen hier alles
1290 4595 2300 4641 von unten anſehen, es wird alles die Beurteilung von
1288 4635 2296 4683 unten dadurch erfahren. Ich bin präziſe. Nicht, daß ich
1287 4673 2296 4721 mich fürchtete, nein — aber warum ſoll gerade ich mich
1289 4710 2297 4762 dem ausſetzen? Ich ſtehe hier ſo ziemlich allein. Ich
1289 4751 2295 4797 habe Feinde ringsum. Und ich bin nicht chriſtlich. Ich
1290 4789 2296 4839 liebe meine Feinde nicht, ich ſuche ſie zu vernichten. Ich
1292 4827 2294 4879 will es in Ihrem ethiſchen Sinne ſo begründen: Sie ſcha⸗
1292 4866 2294 4917 den nicht allein mir, Sie ſchaden unſerer Sache. Machen
1294 4904 2293 4954 Sie das Experiment anderswo — ich werde davon pro⸗
1295 4941 2293 4986 fitieren. Es wird mir eine Kleinigkeit ſein, Sie in
1295 4981 2295 5034 Ville Evrard als Wärter unterzubringen. Sie ſind hier
1298 5023 2294 5068 wie dort auf ein Jahr verpflichtet. Aber es gibt Aus⸗
1299 5064 2291 5112 nahmen. Sie können nach einem halben Jahre bei mir
1302 5105 2292 5151 als Aſſiſtenzarzt eintreten. Denn dies iſt der zweite
2341 3312 3359 3356 Grund: Sie ſind Deutſcher. Es iſt billig, daß die Er⸗
2339 3351 3356 3395 fahrungen, die an uns gemacht werden, uns auch zu
2342 3391 3357 3436 Nutzen dargebracht werden. Ich weiß, ſolche Erfahrungen
2341 3430 3355 3475 werden raſch international. Aber ſie ſollen von unſerer
2339 3469 3348 3512 Verwirklichung ausgehen — ich will ſie hier nützen.
2342 3507 3352 3551 Ich bin Egoiſt. Ich bin es aber nicht mehr als Sie.
2341 3546 3355 3587 Wir arbeiten beide für unſeren Beruf. Und wir können
2341 3587 3352 3629 ehrliche Leute bleiben, wenn wir uns offen vor einander
2341 3625 3357 3671 ausſprechen. Das tun wir eben... und ich hoffe, Sie
2340 3662 2601 3709 verſtehen das.“
2442 3709 3358 3758 Philipp war eingeſponnen. Das war ſo plauſibel
2338 3752 3355 3799 — dagegen konnte er nichts einwenden. Er ſpürte wohl,
2337 3793 3357 3837 er war dem Dr. Laforêt Werkzeug und Mittel, aber er
2338 3833 3359 3878 war's ihm ja für die Sache. Es ging um der Sache
2338 3870 3355 3916 willen und nützte der Sache, ſelbſt wenn der Chefarzt
2338 3909 3354 3958 von Sainte⸗Anne ein weiteres für ſich herausſchlagen
2338 3948 3358 4000 würde. Es könnte nur nützen, ſeine Stellung zu befeſtigen,
2339 3988 3354 4039 denn er war der modernſte Pſychiater Frankreichs. Das
2338 4027 3356 4073 erwog Philipp raſch in ſeinen Gedanken. Und er war ein
2337 4068 3354 4117 Franzoſe, er könnte es auf keine andere Art auffaſſen als
2338 4105 2710 4153 eben auf franzöſiſche.
2436 4153 2805 4201 Philipp willigte ein.
2437 4200 3358 4248 „Ich verſpreche Ihnen,“ ſagte Doktor Laforêt nun
2339 4236 3358 4286 ſehr ernſt, „Sie nicht gegen meine Feinde auszunützen.
2336 4278 3357 4327 Ich werde nur von Ihnen nehmen, was Sie mir geben.
2335 4318 3355 4368 Wir werden zuſammen an der Praxis arbeiten. Sie
2336 4359 3355 4407 werden mir für meine Anſtalt nützen und wir werden
2333 4396 3354 4448 einander geben und voneinander nehmen, ohne zu fragen,
2332 4437 3352 4488 wer der Gebende und wer der Nehmende iſt. Sollten
2333 4473 3350 4532 Sie mir Beſtätigungen meiner Behandlungsweiſe bringen,
2332 4514 3351 4574 ſo wird mich das glücklich machen; ſollten Sie ſie um⸗
2330 4554 3348 4616 ſtoßen, ſo werden Sie derjenige ſein, der das zu be⸗
2332 4595 3351 4660 gründen hat, und ich werde Sie weder behindern noch
2331 4635 3347 4697 gar unterdrücken. Meine Karten ſind offene. Und in
2331 4674 3345 4739 dem, was zu erſtreben iſt, werde ich weder eitel noch
2330 4714 3343 4776 egoiſtiſch ſein. Ich habe beides nicht nötig,“ — er tat
2331 4752 3348 4817 einen Blick in den Spiegel — „ich habe einiges getan,
2328 4789 3049 4847 das von mir ganz allein getan worden.“
2432 4840 3112 4901 Er ſchmunzelte. Philipp verneigte ſich.
2430 4885 3341 4952 Sie beſprachen nun noch weiter den Plan. Philipp
2328 4920 3341 4987 ſollte als Philippe Villebois dem Wärterperſonal der
2328 4959 3345 5024 Irrenanſtalt von Ville Evrard eingegliedert werden. Er
2328 5001 3011 5062 habe ſich um nichts mehr zu kümmern.
2428 5044 2996 5105 Philipp wollte ſich verabſchieden.
2709 5110 2947 5152 (Fortſetzung folgt.)
