<?xml version="1.0" encoding="UTF-8" standalone="yes"?>
<PcGts xmlns="http://schema.primaresearch.org/PAGE/gts/pagecontent/2013-07-15" xmlns:xsi="http://www.w3.org/2001/XMLSchema-instance" xsi:schemaLocation="http://schema.primaresearch.org/PAGE/gts/pagecontent/2013-07-15 http://schema.primaresearch.org/PAGE/gts/pagecontent/2013-07-15/pagecontent.xsd">
    <Metadata>
        <Creator>University of Innsbruck</Creator>
        <Created>2018-11-29T10:47:49.139+01:00</Created>
        <LastChange>2023-05-03T10:26:32.888+02:00</LastChange>
        <Comments>
                Measurement unit: pixel
                PrimaryLanguage: German
                Language: GermanStandard
                Producer: https://transkribus.eu/Transkribus/</Comments>
        <TranskribusMetadata docId="1394947" pageId="53863157" pageNr="21" tsid="120727305" status="GT" userId="99551" imgUrl="https://files.transkribus.eu/Get?id=YNWLYHORFLWGWCMOIPSRGPJM&amp;fileType=view" xmlUrl="https://files.transkribus.eu/Get?id=FCJPCQVDSZHJMPPTLOZJKDRS" imageId="38488772"/>
    </Metadata>
    <Page imageFilename="ONB_ibn_18640702_003.tif" imageWidth="1536" imageHeight="2288">
        <PrintSpace>
            <Coords points="0,0 1536,0 1537,2287 -1,2287"/>
        </PrintSpace>
        <ReadingOrder>
            <OrderedGroup id="ro_1683103646788" caption="Regions reading order">
                <RegionRefIndexed index="0" regionRef="r1"/>
                <RegionRefIndexed index="1" regionRef="r2"/>
                <RegionRefIndexed index="2" regionRef="r3"/>
                <RegionRefIndexed index="3" regionRef="r4"/>
                <RegionRefIndexed index="4" regionRef="r5"/>
                <RegionRefIndexed index="5" regionRef="r6"/>
                <RegionRefIndexed index="6" regionRef="r7"/>
                <RegionRefIndexed index="7" regionRef="r8"/>
            </OrderedGroup>
        </ReadingOrder>
        <TextRegion type="header" id="r1" custom="readingOrder {index:0;} structure {type:header;}">
            <Coords points="679,1 802,0 802,43 679,44"/>
            <TextLine id="r1l1" primaryLanguage="German" custom="readingOrder {index:0;}">
                <Coords points="695,2 794,0 794,0 794,29 713,31 695,31"/>
                <Baseline points="695,31 713,31 794,29"/>
                <TextEquiv>
                    <Unicode>1335</Unicode>
                </TextEquiv>
            </TextLine>
        </TextRegion>
        <TextRegion type="heading" id="r2" custom="readingOrder {index:1;} structure {type:heading;}">
            <Coords points="497,67 973,67 973,131 497,131"/>
            <TextLine id="r2l1" primaryLanguage="German" custom="readingOrder {index:0;}">
                <Coords points="524,79 560,78 560,78 938,78 965,82 965,128 534,130 524,124"/>
                <Baseline points="524,122 962,120"/>
                <TextEquiv>
                    <Unicode>Verſchiedenes.</Unicode>
                </TextEquiv>
                <TextStyle fontFamily="Times New Roman" fontSize="23.0"/>
            </TextLine>
        </TextRegion>
        <TextRegion type="paragraph" id="r3" custom="readingOrder {index:2;} structure {type:paragraph;}">
            <Coords points="270,131 1207,129 1207,172 270,174"/>
            <TextLine id="r3l1" primaryLanguage="German" custom="readingOrder {index:0;}">
                <Coords points="280,144 286,140 1118,133 1198,134 1199,165 282,174 280,172"/>
                <Baseline points="280,168 505,164 603,162 679,161 714,161 767,161 860,160 947,160 1025,160 1074,159 1198,159"/>
                <TextEquiv>
                    <Unicode>Thermometerſtand am Innrain um 7 Uhr Morgens 9 Grad Wärme.</Unicode>
                </TextEquiv>
            </TextLine>
        </TextRegion>
        <TextRegion type="paragraph" id="r4" custom="readingOrder {index:3;} structure {type:paragraph;}">
            <Coords points="60,174 1437,171 1437,381 621,382 550,402 57,402"/>
            <TextLine id="r4l1" primaryLanguage="German" custom="readingOrder {index:0;}">
                <Coords points="154,186 224,181 1416,172 1417,224 154,229"/>
                <Baseline points="153,221 282,222 478,219 899,217 1049,215 1207,213 1417,211"/>
                <TextEquiv>
                    <Unicode>Heute Samſtag Geſellſchaftsabend. — Morgen Sonntag</Unicode>
                </TextEquiv>
                <TextStyle fontFamily="Times New Roman" fontSize="18.0" bold="true"/>
            </TextLine>
            <TextLine id="r4l2" primaryLanguage="German" custom="readingOrder {index:1;}">
                <Coords points="73,240 74,239 1227,227 1227,227 1394,231 1415,235 1415,273 73,287"/>
                <Baseline points="73,279 229,278 273,277 372,277 638,274 715,272 1060,270 1126,269 1233,267 1415,265"/>
                <TextEquiv>
                    <Unicode>Abends 8 Uhr Schlußfeier des Kaiſerſchießens auf dem Landes⸗</Unicode>
                </TextEquiv>
                <TextStyle fontFamily="Times New Roman" fontSize="18.0" bold="true"/>
            </TextLine>
            <TextLine id="r4l3" primaryLanguage="German" custom="readingOrder {index:2;}">
                <Coords points="73,293 1111,283 1417,285 1417,332 1403,333 73,341"/>
                <Baseline points="72,333 433,330 693,329 774,327 999,326 1274,322 1417,321"/>
                <TextEquiv>
                    <Unicode>hauptſchießſtande Innsbruck bei feſtlicher Beleuchtung nebſt</Unicode>
                </TextEquiv>
                <TextStyle fontFamily="Times New Roman" fontSize="18.0" bold="true"/>
            </TextLine>
            <TextLine id="r4l4" primaryLanguage="German" custom="readingOrder {index:3;}">
                <Coords points="74,343 463,339 462,396 74,394"/>
                <Baseline points="74,388 436,384 463,384"/>
                <TextEquiv>
                    <Unicode>Muſikproduktion.</Unicode>
                </TextEquiv>
                <TextStyle fontFamily="Times New Roman" fontSize="18.0" bold="true"/>
            </TextLine>
        </TextRegion>
        <TextRegion type="heading" id="r5" custom="readingOrder {index:4;} structure {type:heading;}">
            <Coords points="50,406 506,406 506,514 50,514"/>
            <TextLine id="r5l1" custom="readingOrder {index:0;}">
                <Coords points="74,414 497,414 494,488 399,506 253,509 74,489"/>
                <Baseline points="74,490 494,487"/>
                <TextEquiv>
                    <Unicode>Berg⸗Iſel.</Unicode>
                </TextEquiv>
            </TextLine>
        </TextRegion>
        <TextRegion type="paragraph" id="r6" custom="readingOrder {index:5;} structure {type:paragraph;}">
            <Coords points="511,406 1432,398 1437,502 511,507"/>
            <TextLine id="r6l1" primaryLanguage="German" custom="readingOrder {index:0;}">
                <Coords points="521,415 1415,408 1418,453 522,461"/>
                <Baseline points="518,449 606,449 833,446 908,447 1075,444 1264,443 1415,441"/>
                <TextEquiv>
                    <Unicode>Heute Nachmittags bei günſtiger Witterung Geſell⸗</Unicode>
                </TextEquiv>
                <TextStyle fontFamily="Times New Roman" fontSize="17.0"/>
            </TextLine>
            <TextLine id="r6l2" primaryLanguage="German" custom="readingOrder {index:1;}">
                <Coords points="523,462 526,460 731,457 748,466 748,489 731,498 523,500"/>
                <Baseline points="522,492 748,489"/>
                <TextEquiv>
                    <Unicode>ſchaftsſchießen.</Unicode>
                </TextEquiv>
                <TextStyle fontFamily="Times New Roman" fontSize="17.0"/>
            </TextLine>
        </TextRegion>
        <TextRegion type="heading" id="r7" custom="readingOrder {index:6;} structure {type:heading;}">
            <Coords points="56,519 1435,516 1435,627 55,624"/>
            <TextLine id="r7l1" primaryLanguage="German" custom="readingOrder {index:0;}">
                <Coords points="155,535 230,529 1231,520 1366,521 1419,522 1419,564 1350,571 154,581"/>
                <Baseline points="154,570 329,570 435,569 491,568 628,567 713,566 762,565 866,564 1153,561 1419,559"/>
                <TextEquiv>
                    <Unicode>Morgen, den 3. Juli um 4 Uhr Nachmittags Kaſſaſchluß</Unicode>
                </TextEquiv>
                <TextStyle fontFamily="Times New Roman" fontSize="18.0" bold="true"/>
            </TextLine>
            <TextLine id="r7l2" primaryLanguage="German" custom="readingOrder {index:1;}">
                <Coords points="75,584 83,582 838,574 838,574 838,621 95,627 75,622"/>
                <Baseline points="74,622 123,621 565,615 640,615 837,613"/>
                <TextEquiv>
                    <Unicode>im Gerichtsſchießſtande in Wilten.</Unicode>
                </TextEquiv>
                <TextStyle fontFamily="Times New Roman" fontSize="18.0" bold="true"/>
            </TextLine>
        </TextRegion>
        <TextRegion type="paragraph" id="r8" custom="readingOrder {index:7;} structure {type:paragraph;}">
            <Coords points="56,628 1437,622 1448,1344 1451,1991 1451,2171 55,2173 60,2018 56,1118"/>
            <TextLine id="r8l1" primaryLanguage="German" custom="readingOrder {index:0;}">
                <Coords points="157,642 224,638 1337,626 1409,628 1416,642 1416,656 1325,671 183,683 157,674"/>
                <Baseline points="156,671 215,672 477,669 657,666 771,667 912,665 986,664 1036,664 1140,662 1295,660 1416,658"/>
                <TextEquiv>
                    <Unicode>Der Stadtmagiſtrat Innsbruck erläßt unterm 27. v. Mts. folgende Kund⸗</Unicode>
                </TextEquiv>
                <TextStyle fontFamily="Times New Roman" fontSize="17.0"/>
            </TextLine>
            <TextLine id="r8l2" primaryLanguage="German" custom="readingOrder {index:1;}">
                <Coords points="76,702 119,693 140,691 1361,674 1361,674 1420,676 1420,715 76,732"/>
                <Baseline points="76,725 200,721 230,722 319,722 426,718 527,717 570,716 606,716 1052,711 1154,710 1226,708 1312,709 1351,708 1420,707"/>
                <TextEquiv>
                    <Unicode>machung: In Folge hoher k. k. Statthalterei⸗Kundmachung vom 31. Mai d. Js.</Unicode>
                </TextEquiv>
                <TextStyle fontFamily="Times New Roman" fontSize="17.0"/>
            </TextLine>
            <TextLine id="r8l3" primaryLanguage="German" custom="readingOrder {index:2;}">
                <Coords points="74,737 1422,723 1422,763 76,781"/>
                <Baseline points="76,779 100,779 135,771 232,770 328,768 439,766 585,765 727,764 805,762 889,761 1082,760 1280,757 1422,756"/>
                <TextEquiv>
                    <Unicode>Z 13097 wird hiemit bekannt gemacht, daß die Aſſentirung Derjenigen, welche</Unicode>
                </TextEquiv>
                <TextStyle fontFamily="Times New Roman" fontSize="17.0"/>
            </TextLine>
            <TextLine id="r8l4" primaryLanguage="German" custom="readingOrder {index:3;}">
                <Coords points="76,785 1420,769 1421,811 75,828"/>
                <Baseline points="75,818 264,816 348,814 529,813 579,813 786,811 1012,807 1195,806 1277,805 1342,806 1421,804"/>
                <TextEquiv>
                    <Unicode>beabſichtigen, als Freiwillige in mexikaniſche Militärdienſte einzutreten, am 15. Juli</Unicode>
                </TextEquiv>
                <TextStyle fontFamily="Times New Roman" fontSize="17.0"/>
            </TextLine>
            <TextLine id="r8l5" primaryLanguage="German" custom="readingOrder {index:4;}">
                <Coords points="77,842 98,832 1296,820 1296,820 1420,822 1420,861 77,875"/>
                <Baseline points="77,867 92,867 161,865 314,864 408,863 459,861 571,862 627,861 701,860 778,859 861,858 1051,857 1267,853 1340,852 1420,853"/>
                <TextEquiv>
                    <Unicode>d. Js. beginnt, und es haben ſich die aus dem Civilſtande Eintretenden mit dem</Unicode>
                </TextEquiv>
            </TextLine>
            <TextLine id="r8l6" primaryLanguage="German" custom="readingOrder {index:5;}">
                <Coords points="74,879 1420,867 1420,910 75,925"/>
                <Baseline points="76,919 97,921 107,914 210,912 293,911 375,912 466,910 708,908 939,906 1137,903 1282,901 1420,900"/>
                <TextEquiv>
                    <Unicode>Zeugniſſe, daß ſie ihrer öſterreichiſchen Militärpflicht vollkommen Genüge geleiſtet</Unicode>
                </TextEquiv>
                <TextStyle fontFamily="Times New Roman" fontSize="17.0"/>
            </TextLine>
            <TextLine id="r8l7" primaryLanguage="German" custom="readingOrder {index:6;}">
                <Coords points="78,928 1421,914 1421,959 78,969"/>
                <Baseline points="78,964 166,962 258,959 418,957 520,958 615,954 810,954 937,952 992,950 1059,952 1151,950 1250,949 1422,945"/>
                <TextEquiv>
                    <Unicode>haben oder derſelben nicht mehr unterliegen, dann ob ſie ledig oder kinderloſe</Unicode>
                </TextEquiv>
                <TextStyle fontFamily="Times New Roman" fontSize="17.0"/>
            </TextLine>
            <TextLine id="r8l8" primaryLanguage="German" custom="readingOrder {index:7;}">
                <Coords points="78,975 1421,961 1421,1002 78,1015"/>
                <Baseline points="77,1009 186,1007 282,1006 348,1006 492,1005 639,1003 696,1002 872,999 946,1000 1194,996 1285,996 1356,994 1421,995"/>
                <TextEquiv>
                    <Unicode>Witwer ſind, und welcher Religion ſie angehören, die Reſervemänner aber mit der</Unicode>
                </TextEquiv>
                <TextStyle fontFamily="Times New Roman" fontSize="17.0"/>
            </TextLine>
            <TextLine id="r8l9" primaryLanguage="German" custom="readingOrder {index:8;}">
                <Coords points="78,1023 1423,1007 1424,1051 78,1065"/>
                <Baseline points="77,1056 268,1055 346,1054 407,1053 533,1051 784,1049 877,1048 948,1047 1057,1045 1209,1043 1275,1043 1348,1042 1383,1042 1421,1041"/>
                <TextEquiv>
                    <Unicode>Reſervekarte und die bereits verabſchiedeten Leute mit ihrem Abſchiede bei dem k. k.</Unicode>
                </TextEquiv>
                <TextStyle fontFamily="Times New Roman" fontSize="17.0"/>
            </TextLine>
            <TextLine id="r8l10" primaryLanguage="German" custom="readingOrder {index:9;}">
                <Coords points="78,1072 1421,1056 1421,1096 78,1115"/>
                <Baseline points="78,1106 920,1094 996,1094 1058,1093 1228,1091 1296,1089 1421,1089"/>
                <TextEquiv>
                    <Unicode>Kaiſerjäger⸗Regiments⸗Ergänzungsbezirks⸗Kommando hier zur Aſſentirung zu melden.</Unicode>
                </TextEquiv>
                <TextStyle fontFamily="Times New Roman" fontSize="17.0"/>
            </TextLine>
            <TextLine id="r8l11" primaryLanguage="German" custom="readingOrder {index:10;}">
                <Coords points="158,1116 1424,1104 1424,1145 159,1157"/>
                <Baseline points="159,1151 231,1151 264,1150 318,1148 625,1144 696,1144 768,1144 972,1141 1203,1140 1423,1135"/>
                <TextEquiv>
                    <Unicode>Das k k. Finanzminiſterium hat den hierländigen proviſoriſchen Finanzwach⸗</Unicode>
                </TextEquiv>
                <TextStyle fontFamily="Times New Roman" fontSize="17.0"/>
            </TextLine>
            <TextLine id="r8l12" primaryLanguage="German" custom="readingOrder {index:11;}">
                <Coords points="79,1168 81,1167 1352,1150 1352,1150 1395,1151 1424,1152 1424,1192 91,1207 79,1201"/>
                <Baseline points="79,1201 234,1198 343,1196 456,1195 565,1194 597,1194 648,1193 808,1192 1031,1188 1424,1184"/>
                <TextEquiv>
                    <Unicode>Kommiſſär dritter Klaſſe, Karl v. Payr zum proviſoriſchen Finanzwach⸗Kommiſſär</Unicode>
                </TextEquiv>
            </TextLine>
            <TextLine id="r8l13" primaryLanguage="German" custom="readingOrder {index:12;}">
                <Coords points="79,1215 1299,1200 1299,1200 1382,1201 1410,1210 1424,1215 1424,1230 1382,1240 1379,1240 79,1256"/>
                <Baseline points="81,1247 177,1247 298,1243 376,1244 447,1244 921,1236 978,1236 1094,1236 1332,1233 1424,1232"/>
                <TextEquiv>
                    <Unicode>zweiter Klaſſe und den Finanzwach⸗Oberreſpizienten Jeſeph Treitner zum hier⸗</Unicode>
                </TextEquiv>
            </TextLine>
            <TextLine id="r8l14" primaryLanguage="German" custom="readingOrder {index:13;}">
                <Coords points="79,1264 1217,1247 1218,1292 79,1303"/>
                <Baseline points="79,1297 207,1295 436,1291 822,1286 938,1286 1057,1283 1218,1282"/>
                <TextEquiv>
                    <Unicode>ländigen proviſoriſchen Finanzwach⸗Kommiſſär dritter Klaſſe befördert.</Unicode>
                </TextEquiv>
                <TextStyle fontFamily="Times New Roman" fontSize="17.0"/>
            </TextLine>
            <TextLine id="r8l15" primaryLanguage="German" custom="readingOrder {index:14;}">
                <Coords points="161,1307 1427,1295 1427,1341 161,1348"/>
                <Baseline points="161,1347 179,1348 191,1342 269,1342 452,1339 531,1338 573,1336 617,1337 931,1335 1009,1333 1226,1330 1427,1325"/>
                <TextEquiv>
                    <Unicode>In Mals wurde eine k. k. Telegraphenſtation mit beſchränktem Tagesdienſt</Unicode>
                </TextEquiv>
            </TextLine>
            <TextLine id="r8l16" primaryLanguage="German" custom="readingOrder {index:15;}">
                <Coords points="82,1370 105,1361 180,1359 180,1359 203,1362 271,1373 271,1397 100,1401 82,1394"/>
                <Baseline points="82,1394 206,1390 271,1389"/>
                <TextEquiv>
                    <Unicode>eröffnet. —</Unicode>
                </TextEquiv>
                <TextStyle fontFamily="Times New Roman" fontSize="17.0"/>
            </TextLine>
            <TextLine id="r8l17" primaryLanguage="German" custom="readingOrder {index:16;}">
                <Coords points="164,1403 1430,1391 1433,1435 164,1445"/>
                <Baseline points="163,1439 202,1437 343,1434 449,1433 569,1433 621,1431 783,1430 963,1427 1153,1424 1348,1422 1431,1421"/>
                <TextEquiv>
                    <Unicode>Wien, 30. Juni. Der in Karlsbad Montag Nachmittags verſchiedene un⸗</Unicode>
                </TextEquiv>
            </TextLine>
            <TextLine id="r8l18" primaryLanguage="German" custom="readingOrder {index:17;}">
                <Coords points="81,1464 98,1452 1365,1438 1400,1439 1430,1446 1430,1478 81,1496"/>
                <Baseline points="81,1488 237,1485 356,1481 459,1480 508,1480 636,1479 948,1475 1086,1474 1155,1472 1238,1472 1431,1470"/>
                <TextEquiv>
                    <Unicode>angeſtellte FML. Fürſt Eduard Liechtenſtein, ein Oheim des jetzt regierenden</Unicode>
                </TextEquiv>
            </TextLine>
            <TextLine id="r8l19" primaryLanguage="German" custom="readingOrder {index:18;}">
                <Coords points="80,1501 1432,1485 1432,1485 1432,1524 80,1540"/>
                <Baseline points="80,1534 194,1535 289,1531 356,1530 428,1530 570,1528 672,1526 810,1526 888,1524 958,1523 1027,1521 1164,1520 1264,1519 1338,1518 1432,1517"/>
                <TextEquiv>
                    <Unicode>Fürſten, war am 22. Februar 1809 geboren und ſeit 15. Oktober 1839 mit einer</Unicode>
                </TextEquiv>
                <TextStyle fontFamily="Times New Roman" fontSize="17.0"/>
            </TextLine>
            <TextLine id="r8l20" primaryLanguage="German" custom="readingOrder {index:19;}">
                <Coords points="80,1545 1433,1530 1432,1570 82,1588"/>
                <Baseline points="82,1584 188,1581 425,1576 598,1574 684,1573 847,1571 959,1570 1082,1567 1169,1567 1316,1565 1433,1563"/>
                <TextEquiv>
                    <Unicode>Gräfin Choloniewska vermählt. Er hinterläßt einen Sohn, den Prinzen Alois,</Unicode>
                </TextEquiv>
                <TextStyle fontFamily="Times New Roman" fontSize="17.0"/>
            </TextLine>
            <TextLine id="r8l21" primaryLanguage="German" custom="readingOrder {index:20;}">
                <Coords points="79,1593 1432,1579 1433,1624 80,1634"/>
                <Baseline points="80,1631 127,1629 197,1628 272,1627 605,1623 709,1621 754,1620 853,1620 931,1616 1190,1614 1433,1611"/>
                <TextEquiv>
                    <Unicode>der bei der Garde⸗Gendarmerie dient. — Zu den intereſſanteſten Schießproben,</Unicode>
                </TextEquiv>
                <TextStyle fontFamily="Times New Roman" fontSize="17.0"/>
            </TextLine>
            <TextLine id="r8l22" primaryLanguage="German" custom="readingOrder {index:21;}">
                <Coords points="82,1646 1434,1622 1434,1668 83,1687"/>
                <Baseline points="82,1679 177,1675 220,1676 292,1674 421,1673 505,1672 569,1670 664,1670 844,1667 922,1667 1074,1663 1272,1660 1433,1659"/>
                <TextEquiv>
                    <Unicode>welche in der letzten Zeit auf dem Steinfelde bei Neuſtadt ſtattfinden, gehören</Unicode>
                </TextEquiv>
                <TextStyle fontFamily="Times New Roman" fontSize="17.0"/>
            </TextLine>
            <TextLine id="r8l23" primaryLanguage="German" custom="readingOrder {index:22;}">
                <Coords points="82,1690 1433,1672 1433,1720 82,1731"/>
                <Baseline points="82,1725 190,1722 284,1722 352,1722 403,1720 493,1720 552,1720 624,1718 944,1714 996,1714 1192,1710 1273,1708 1433,1706"/>
                <TextEquiv>
                    <Unicode>jene, welche am 1. Juli in den Vormittagsſtunden in Gegenwart Sr. Majeſtät</Unicode>
                </TextEquiv>
                <TextStyle fontFamily="Times New Roman" fontSize="17.0"/>
            </TextLine>
            <TextLine id="r8l24" primaryLanguage="German" custom="readingOrder {index:23;}">
                <Coords points="84,1737 1434,1722 1434,1761 82,1782"/>
                <Baseline points="83,1772 132,1771 270,1769 452,1768 569,1766 658,1765 785,1765 898,1762 1059,1761 1129,1760 1268,1757 1435,1754"/>
                <TextEquiv>
                    <Unicode>des Kaiſers ſtattfinden ſollen. Es werden hiebei Kanonen des größten Kalibers,</Unicode>
                </TextEquiv>
                <TextStyle fontFamily="Times New Roman" fontSize="17.0"/>
            </TextLine>
            <TextLine id="r8l25" primaryLanguage="German" custom="readingOrder {index:24;}">
                <Coords points="83,1785 1434,1768 1434,1814 82,1828"/>
                <Baseline points="83,1819 177,1818 359,1817 403,1816 454,1816 695,1813 946,1810 1104,1807 1184,1806 1243,1804 1291,1804 1435,1802"/>
                <TextEquiv>
                    <Unicode>welche überhaupt je in öſterreichiſchen Stückgießereien gegoſſen, und die in jüngſter</Unicode>
                </TextEquiv>
                <TextStyle fontFamily="Times New Roman" fontSize="17.0"/>
            </TextLine>
            <TextLine id="r8l26" primaryLanguage="German" custom="readingOrder {index:25;}">
                <Coords points="84,1834 1434,1816 1434,1863 84,1875"/>
                <Baseline points="83,1867 145,1867 213,1866 254,1865 298,1865 456,1864 645,1862 780,1859 1049,1855 1176,1853 1318,1851 1370,1849 1434,1850"/>
                <TextEquiv>
                    <Unicode>Zeit im k. k. Arſenale angefertigt wurden, vorgenommen. Dieſe Kanone iſt ein</Unicode>
                </TextEquiv>
                <TextStyle fontFamily="Times New Roman" fontSize="17.0"/>
            </TextLine>
            <TextLine id="r8l27" primaryLanguage="German" custom="readingOrder {index:26;}">
                <Coords points="83,1879 1435,1865 1436,1913 83,1923"/>
                <Baseline points="85,1913 230,1910 448,1910 528,1910 608,1910 818,1906 1022,1905 1099,1903 1174,1901 1263,1898 1435,1898"/>
                <TextEquiv>
                    <Unicode>gezogener 84 Pfünder, aus dem kegelförmige Stahlkugeln von 100 Pfd. geſchoſſen</Unicode>
                </TextEquiv>
                <TextStyle fontFamily="Times New Roman" fontSize="17.0"/>
            </TextLine>
            <TextLine id="r8l28" primaryLanguage="German" custom="readingOrder {index:27;}">
                <Coords points="86,1927 1437,1913 1438,1960 88,1968"/>
                <Baseline points="87,1960 205,1960 295,1959 511,1958 646,1957 729,1954 817,1955 926,1953 1052,1948 1123,1950 1245,1948 1437,1945"/>
                <TextEquiv>
                    <Unicode>werden. In militäriſchen Kreiſen ſieht man dieſen Proben mit großer Spannung</Unicode>
                </TextEquiv>
                <TextStyle fontFamily="Times New Roman" fontSize="17.0"/>
            </TextLine>
            <TextLine id="r8l29" primaryLanguage="German" custom="readingOrder {index:28;}">
                <Coords points="86,1985 122,1980 122,1980 228,1980 295,1990 295,2015 110,2015 86,2008"/>
                <Baseline points="86,2008 228,2008 295,2007"/>
                <TextEquiv>
                    <Unicode>entgegen. —</Unicode>
                </TextEquiv>
                <TextStyle fontFamily="Times New Roman" fontSize="17.0"/>
            </TextLine>
            <TextLine id="r8l30" primaryLanguage="German" custom="readingOrder {index:29;}">
                <Coords points="168,2019 1438,2008 1438,2052 168,2065"/>
                <Baseline points="167,2055 227,2054 403,2053 441,2053 542,2052 677,2050 737,2050 920,2047 1211,2044 1345,2041 1438,2037"/>
                <TextEquiv>
                    <Unicode>Der Magiſtrat von Wien hat an ſämmtliche Hauseigenthümer folgende Ver⸗</Unicode>
                </TextEquiv>
            </TextLine>
            <TextLine id="r8l31" primaryLanguage="German" custom="readingOrder {index:30;}">
                <Coords points="83,2079 101,2072 152,2067 1433,2055 1433,2055 1434,2062 1434,2097 83,2110"/>
                <Baseline points="82,2102 190,2101 361,2102 489,2100 555,2100 664,2098 713,2099 794,2097 953,2094 1031,2092 1113,2091 1189,2092 1350,2088 1434,2089"/>
                <TextEquiv>
                    <Unicode>ordnung erlaſſen: Weder bei Tag noch zur Nachtzeit darf aus den Fenſtern, von</Unicode>
                </TextEquiv>
                <TextStyle fontFamily="Times New Roman" fontSize="17.0"/>
            </TextLine>
            <TextLine id="r8l32" primaryLanguage="German" custom="readingOrder {index:31;}">
                <Coords points="81,2115 1297,2104 1429,2105 1429,2143 1373,2144 218,2162 83,2152"/>
                <Baseline points="83,2152 184,2152 271,2150 360,2150 431,2151 523,2149 629,2148 746,2146 888,2142 1020,2141 1131,2140 1305,2137 1429,2135"/>
                <TextEquiv>
                    <Unicode>Erkern oder ſonſt von oben herab Etwas gegoſſen oder geworfen werden, wodurch</Unicode>
                </TextEquiv>
                <TextStyle fontFamily="Times New Roman" fontSize="17.0"/>
            </TextLine>
        </TextRegion>
        <SeparatorRegion id="r_3" custom="readingOrder {index:8;}">
            <Coords points="645,393 834,393 834,400 645,400"/>
        </SeparatorRegion>
        <SeparatorRegion id="r_4" custom="readingOrder {index:9;}">
            <Coords points="662,511 823,509 823,513 662,516"/>
        </SeparatorRegion>
    </Page>
</PcGts>
