3345 5259
68 90 247 135 Nr. 3184
807 78 1087 126 Wien, Samstag
1361 69 1937 120 Neue Freie Presse.
2170 61 2411 105 5. Juli 1873
3016 50 3147 90 Seite 3
20 157 1052 210 Nachdem Katzmayer dies rundweg verweigerte, trat Weiner als fünf⸗
22 198 637 242 ter Verwaltungsrath für einen Tag ein.
108 226 1054 277 Adolf Kuhner, Bau⸗Unternehmer, iſt der geweſene Aſſocié
20 264 1058 315 Botſtieber's, der nach deſſen und der übrigen Verwaltungsräthe
22 294 1053 347 Zugeſtändniß als Käufer der Starhemberg'ſchen Häuſer von Bot⸗
24 328 1052 384 ſtieber vorgeſchoben wurde. Kuhner ſelbſt beharrt auf das beſtimm⸗
25 371 769 415 teſte dabei, daß er der reelle Käufer geweſen ſei.
104 399 1053 445 Präſ.: In welcher Weiſe kamen Sie mit dem Central⸗Bau⸗
22 435 1057 482 verein in Berührung? — Kuhner: Ich kaufte die vier Czermak'ſchen
21 477 275 516 Häuſer von ihm.
107 500 1064 549 Präſ.: Czermak beſaß niemals mehr als Ein Haus. —
22 539 941 588 Kuhner: Ich meine, die vier Häuſer in der Czermakgaſſe.
108 574 1054 620 Präſ.: Und haben wirklich Sie dieſe Häuſer gekauft? —
21 615 380 652 Kuhner: Wer denn?
110 639 1049 691 Präſ.: Wir haben bereits das Zugeſtändniß Botſtieber's,
24 675 907 724 daß er der Käufer war. — Kuhner: Das iſt eine Lüge.
110 706 1051 756 Präſ.: Ich wüßte nicht, warum Botſtieber eine ihn belaſtende
24 744 1058 791 falſche Angabe machen ſollte. — Kuhner: Bitte recht ſehr, der
27 776 1055 829 Käufer war ich. Ich mußte die an Botſtieber's Ordre geſtellten
25 821 285 860 Wechſel bezahlen.
112 843 1057 893 Präſ.: Iſt Ihnen nicht aufgefallen, daß die Wechſel, welche
27 879 1061 931 Ihnen zur Acceptation vorgelegt wurden, an Botſtieber's Ordre
28 913 1059 964 geſtellt waren und nicht an jene des Vereins, der doch Käufer war?
28 947 1059 997 — Kuhner: Warum hätte mir das auffallen ſollen; die Accepte
29 981 1059 1034 wurden mir vom Verein ſo vorgelegt und ich kümmerte mich nicht
28 1019 674 1064 um Botſtieber's Geſchäfte mit dem Verein.
112 1049 1061 1097 Präſ: Zeuge Dr. Moriz Schweinburg hat aber beſtimmt
30 1083 1061 1137 ausgeſagt, daß Sie ſich weigerten, den Vertrag zu unterfertigen,
30 1121 1072 1170 wenn nicht jene Wechſel an Botſtieber's Ordre geſtellt wurden. —
31 1153 1015 1202 Kuhner: Daran erinnere ich mich nicht, glaube es aber nicht.
114 1189 1067 1238 Präſ.: Wie verkauften Sie die Häuſer? — Kuhner: Ich
30 1226 737 1270 verkaufte ſie einzeln für zuſammen 186,000 fl.
114 1260 1063 1303 Präſ.: Nachdem Ihnen die Häuſer 200,000 fl. koſteten,
24 1291 1071 1342 machten Sie ein ſehr ſchlechtes Geſchäft. — Kuhner: Allerdings,
32 1323 1064 1377 ich verlor 14,000 fl., weil ich mich auf die Garantie Botſtieber's
33 1366 680 1407 verlaſſen hatte, ich würde nichts verlieren.
118 1389 1065 1440 Präſ.: Es liegt weiters ein Honorarbrief vor, in welchem
33 1427 1065 1479 Botſtieber einem gewiſſen Mauthner eine Proviſion zuſichert, wenn
34 1464 1068 1512 er für eines jener Häuſer, die er ausdrücklich als „ſeine“ bezeichnete,
33 1496 1067 1549 einen Käufer finden würde. — Kuhner: Was geht mich der Brief
36 1536 766 1580 an; Botſtieber kann alles Mögliche verſprechen.
118 1566 1067 1613 Präſ.: Es hätte dies doch gar keinen Sinn. Botſtieber, was
35 1597 1069 1653 ſagen Sie zu dieſer Ausſage? — Botſtieber: Ich glaube, wir
33 1641 700 1687 haben das Geſchäft in Compagnie gemacht.
124 1668 1068 1718 Präſ.: Haben Sie noch Anſprüche an Botſtieber zu ſtellen?
38 1705 868 1752 — Kuhner: Ich glaube, noch einige hundert Gulden.
122 1744 1068 1793 Präſ.: Sie haben in der Unterſuchung erklärt, daß Sie ſich
36 1777 1069 1831 bereits vollſtändig mit ihm verrechnet und keinerlei Anſprüche mehr
35 1815 955 1863 an ihn haben. — Kuhner: Da muß ich mich geirrt haben.
123 1852 1070 1905 Präſ.: Wurde Ihnen in der General⸗Verſammlung eine Func⸗
38 1891 1036 1941 tion zugedacht? — Zeuge: Ja, ich wurde zum Reviſor gewählt.
123 1933 1072 1983 Präſ.: Haben Sie revidirt? — Zeuge: Wir haben begon⸗
40 1974 495 2015 nen, wurden aber nicht fertig.
119 1999 1074 2048 Präſ.: Haben Sie Unregelmäßigkeiten vorgefunden? — Zeuge:
40 2040 603 2084 Ja, wir fanden Poſten ohne Belege.
126 2068 1074 2116 Präſ.: Was ſind das für Poſten? — Zeuge: Die Grün⸗
39 2100 1074 2156 dungskoſten mit 80,000 fl. waren nicht belegt; ich forderte Belege,
40 2145 576 2186 ſie wurden uns aber nicht gegeben.
125 2170 1074 2219 Präſ.: War zu jener Zeit der Verein bereits paſſiv? —
42 2208 835 2257 Zeuge: Soweit war unſere Arbeit nicht gediehen.
132 2239 1075 2286 Staatsanwalt: Waren Sie wirklich Käufer der Star⸗
43 2271 1075 2324 hemberg'ſchen Häuſer oder blos vorgeſchoben? — Zeuge: Ich war
44 2318 340 2354 wirklich der Käufer.
131 2336 1075 2388 Staatsanwalt: Die Angeklagten, Botſtieber ſelbſt,
44 2375 808 2425 geben das zu. — Zeuge: Wer kann das ſagen?
129 2406 1072 2454 Staatsanwalt: Sie haben gehört, daß fünf Perſonen
44 2440 1076 2494 dasſelbe ſagen. — Zeuge: Das iſt nicht richtig, die Wahrheit ſage
44 2493 160 2527 nur ich.
130 2512 1078 2562 Staatsanwalt: Sie ſind der Ausfluß der Wahrheit. —
45 2556 481 2599 Zeuge: Ich kann ſchwören.
132 2582 1079 2634 Richter Gernerth: Botſtieber geht mit ſeinen Zugeſtänd⸗
45 2617 1081 2669 niſſen ſo weit, daß er ſich als Compagnon bei dem Ankaufe
43 2651 1081 2702 erklärt. Sie ſagen das Gegentheil. — Zeuge: Ich war allein der
46 2686 1016 2733 Käufer, Botſtieber hat mir blos für allfällige Verluſte gehaftet.
130 2724 1081 2772 Richter Gernerth: Sie, Herr Botſtieber, wo liegt die Wahr⸗
49 2757 1081 2806 heit? Waren Sie Eigenthümer der Häuſer oder war es Kuhner?
45 2790 1081 2834 — Botſtieber: Ich war mir ſelbſt nicht klar darüber, ich hatte
48 2830 607 2874 die Intentionen, ich ſei Compagnon.
133 2865 1082 2916 Richter Gernerth: Mit Intentionen werden keine Geſchäfte
53 2901 1084 2955 aufgeklärt. Hier handelt es ſich darum, für weſſen Rechnung
52 2937 1084 2991 die Häuſer gekauft wurden? — Botſtieber: Ich bin darüber nicht
56 2988 221 3021 im Reinen.
137 3009 1086 3059 Präſ.: Es war ein ſchmutziges Geſchäft, Sie haben insge⸗
52 3043 1087 3096 ſammt im Trüben gefiſcht und da finde ich es begreiflich, daß man
52 3092 282 3127 nicht rein ſieht.
138 3112 1089 3161 Auf Befragen des Staatsanwaltes muß der Zeuge zugeben,
51 3146 1094 3198 daß auch er für Botſtieber aus den 10,000 fl. Angeld auf Bri⸗
53 3180 1090 3233 gittenauer Gründe 2800 fl. als Zahlung für einen gleichlautenden
53 3216 1089 3268 Wechſel erhalten hatte, ohne jedoch den Wechſel zurückgeſtellt
48 3263 200 3304 zu haben.
1181 146 2122 192 Staatsanwalt: Wo kam der Wechſel hin? — Zeuge:
1094 178 2122 228 Den habe ich mir zurückbehalten für Forderungen, die ich zu
1095 224 1273 262 ſtellen habe.
1181 251 1663 298 Zeuge wird unbeeidet entlaſſen.
1181 284 2124 328 Hof⸗ und Gerichtsadvocat Dr. Baruch Beck hat für ſeinen
1097 315 2124 369 Clienten Weiß gegen den Central⸗Bauverein eine Strafanzeige er⸗
1096 353 2091 402 ſtattet, weil von demſelben Antheilſcheine nicht eingelöſt wurden.
1182 384 2126 434 Später hat Zeuge für ſeinen Clienten Thauſing wegen Ankaufs
1096 417 2126 471 der Brigittenauer Gründe intervenirt und 48 fl. per Quadratklafter
1098 453 2126 504 angeboten. Es kam jedoch zu keinem Abſchluſſe, da mittlerweile
1096 486 2129 538 Kuffler die Gründe angekauft hatte. Für Weiß war aus dieſem
1097 521 2127 573 Verkaufe die Einlöſung der Antheilſcheine in Ausſicht genommen
1098 556 2124 608 und ihm auch brieflich zugeſichert; doch iſt bis zur Stunde die Zah⸗
1098 589 2094 639 lung nicht gefloſſen. (Fortſetzung folgt.)
1490 678 1738 734 Amtliches.
1296 733 1929 772 (Aus dem amtlichen Theile der k. k. Wiener Zeitung.)
1185 773 2126 822 Se. k. und k. Apoſtoliſche Majeſtät hat dem penſionirten Sec⸗
1101 806 2128 860 tionsrathe des Finanzminiſteriums Moriz Ritter v. Dobler den
1101 845 1959 893 Titel eines Hofrathes mit Nachſicht der Taxen verliehen.
1188 876 2131 925 Se. k. und k. Apoſtoliſche Majeſtät hat die Ueberſetzung des
1103 913 2133 963 Poſtdirectors in Lemberg, Friedrich Seelig, als Ober⸗Poſtdirector
1103 943 2133 997 nach Graz geſtattet und gleichzeitig den Bezirkshauptmann in Grodek,
1103 979 2064 1028 Anton Schiffner, zum Ober⸗Poſtdirector in Lemberg ernannt.
1833 1014 2098 1052 Banhans m. p.
1188 1048 2133 1096 Der Handelsminiſter hat den Poſtdirections⸗Kaſſen⸗Adjuncten
1099 1080 2132 1130 Anton Stöckl zum Poſt⸗Kaſſendirector in Wien, ferner die Poſt⸗
1105 1114 2135 1165 directions⸗Kaſſen⸗Adjuncten Franz Masner und Jacob Lawitſchka,
1105 1150 2136 1201 dann den Poſtdirections⸗Caſſier Karl Wutt zu Poſtzahlmeiſtern und
1105 1184 2135 1234 die Poſtdirections⸗Caſſiere Gottfried Jolsdorf, Johann Neuſſer,
1106 1217 2135 1268 Ignaz v. Götz, Karl Alleſch, Bernhard Schmuck, dann den
1106 1250 2135 1305 Poſtamts⸗Controlor Marcus Heinzel zu Hauptcaſſieren der Poſt⸗
1108 1297 1449 1335 kaſſe in Wien ernannt.
1193 1320 2135 1369 Der Ackerbauminiſter hat den Concepts⸗Praktikanten der
1109 1351 2134 1407 Finanz⸗Procuratur in Innsbruck, Dr. Alphons v. Eccher, zum
1110 1387 2134 1442 Secretär bei der Forſt⸗ und Domänen⸗Direction in Innsbruck
1110 1443 1231 1470 ernannt.
1102 1515 2143 1607 Telegramme des Correſpondenz-Bureau.
1196 1600 2140 1659 Darmſtadt, 5. Juli. Der Paläontologe Kaup iſt
1111 1651 1695 1702 hieſelbſt am Typhus geſtorben.
1197 1693 2140 1749 Rom, 4. Juli. Die Opinione meldet: Piſanelli
1112 1739 2140 1795 lehnt aus Geſundheitsrückſichten die Annahme eines Porte⸗
1113 1780 2141 1838 feuilles ab; deſſenungeachtet hieß es, daß das Cabinet heute
1114 1825 2140 1882 gebildet werden wird; ſpäter tauchten jedoch neue Schwie⸗
1114 1880 1406 1926 rigkeiten auf.
1200 1915 2142 1972 London, 4. Juli. (Unterhausſitzung.) Auf eine Inter⸗
1114 1961 2143 2017 pellation Shaw's antwortet Enfield, daß die Regierun⸗
1114 2002 2143 2065 gen von England und Frankreich wegen eines die gegenſei⸗
1117 2044 2144 2101 tigen Intereſſen wahrenden Uebereinkommens in der Han⸗
1118 2088 2143 2145 delsvertrags⸗Frage fortwährend in Verhand⸗
1117 2145 1341 2185 lung ſtehen.
1201 2179 2147 2235 Konſtantinopel, 4. Juli. Der Sultan hat die
1118 2221 2145 2280 Einladung des Khedive zu einem morgen ſtattfindenden
1116 2265 2142 2320 Diner angenommen. Abſchriften des letzten egyptiſchen Fer⸗
1117 2307 2148 2363 mans ſind Mittwoch an die fremden Mächte verſendet
1118 2365 1245 2398 worden.
1204 2391 2148 2447 Der Khedive wird wahrſcheinlich nicht nach Wien
1121 2440 1945 2501 gehen, ſondern direct nach Egypten zurückkehren.
1205 2484 2150 2547 Konſtantinopel, 5. Juli. Die Suez⸗Canal⸗
1119 2527 2155 2594 Commiſſion hat ihre Arbeiten beendigt und ihren Be⸗
1118 2573 2155 2636 richt dem Miniſterrathe vorgelegt. In der von dem Mini⸗
1121 2617 2148 2675 ſterrathe getroffenen definitiven Entſcheidung, die jedoch noch
1123 2658 2152 2716 nicht officiell den Mächten mitgetheilt wurde, wird erklärt,
1124 2703 2152 2758 daß die Pforte unter Tonnengehalt niemals das in den
1123 2745 2154 2798 Schiffsdocumenten aufgeführte Aichmaß, ſondern nur den
1126 2786 2153 2839 benützbaren Tragraum verſtand. Der Miniſterrath er⸗
1124 2828 2156 2882 kennt die Schwierigkeiten bei der Feſtſetzung einer gerechten,
1127 2872 2155 2928 einheitlichen Gehaltsbeſtimmung, empfiehlt jedoch Leſſeps und
1124 2916 2157 2973 den Seemächten, ſich ins Einvernehmen zu ſetzen und das
1128 2956 2159 3021 engliſche Syſtem von Morſſon anzunehmen, ſonſt müßte
1131 3000 2158 3061 eine internationale Commiſſion zur Entſcheidung dieſer Frage
1130 3043 2159 3104 zuſammentreten. Der Miniſterrath beſchränkt ſich darauf, die
1129 3082 2158 3147 Bedeutung des Ausdruckes „Tonnengehalt“ zu conſtatiren,
1131 3129 2160 3191 und will offenbar darunter verſtanden haben, daß Leſſeps
1132 3172 2160 3234 das Recht zuſtehe, die Taxe nach dem gegenwärtigen Sy⸗
1127 3234 1540 3278 ſteme zu beſtimmen.
2411 126 2943 177 Nach Schluß des Blattes.
2250 172 3184 229 Trieſt, 5. Juli. Das Kanonenboot „Velebich“ iſt
2167 215 3184 274 geſtern in Cadix angekommen; die Corvette „Zrinyi“ iſt
2166 264 2908 317 heute von Spalato nach Trieſt abgegangen.
2247 309 3189 364 Peſt, 5. Juli. Zum Sections⸗Chef im Honved⸗
2168 353 3189 409 miniſterium wurde, anſtatt des nach Preßburg als Bataillons⸗
2169 395 3189 450 Chef verſetzten Majors Kralitz, der Hunyader Bataillons⸗
2168 443 2916 490 Commandant Major Jelencſik ernannt.
2170 522 3192 612 Telegramme der „Neue Freien Preſſe“.
2254 606 3195 665 Klagenfurt, 5. Juli. Der Kronprinz hat ſich heute
2170 648 3193 707 Früh halb 7 Uhr mittelſt Separatzuges der Rudolphsbahn
2172 693 3192 746 nach Hüttenberg begeben, um die großartigen Etabliſſements
2172 735 3194 789 der „Union“ dort und in der Umgebung zu beſichtigen. Ver⸗
2165 778 3194 834 ſchiedene Feſtlichkeiten werden dort veranſtaltet, unter An⸗
2171 820 3191 881 derem ein Bergtanz der Knappen. Abends erfolgt die Rück⸗
2173 878 2378 919 fahrt hieher.
2253 914 3202 971 Peſt, 5. Juli. In der geſtrigen Sitzung der Juſtiz⸗
2174 957 3198 1013 reform⸗Enquête wurde die Discuſſion über die Ge⸗
2175 1000 3198 1054 richts⸗Organiſation fortgeſetzt. Die Aufhebung des
2173 1043 3199 1097 Caſſationshofes wird von den meiſten Reduern gewünſcht,
2177 1086 3201 1139 dagegen die Uebertragung der Grundbuchführung an die
2178 1128 3200 1184 Bezirksgerichte wegen Mangels an geeigneten Kräften für
2179 1173 3200 1227 unausführbar gehalten. Die Berathung wird morgen fort⸗
2174 1226 2285 1275 geſetzt.
2264 1264 3210 1321 Berlin, 5. Juli. Die Spener'ſche Zeitung meldet, daß
2183 1310 3209 1363 die Streitfrage wegen Bemeſſung der Suez⸗Canal⸗
2179 1349 3202 1404 Gebühren in ein neues Stadium getreten ſei, weil die
2181 1392 3204 1444 internationale Commiſſion in Konſtantinopel ſtatt in Lon⸗
2180 1435 3204 1488 don zuſammentritt. Die türkiſchen Commiſſions⸗Arbeiten ſeien
2181 1478 3203 1531 ungenügend, General Ignatieff influire auf den Gang
2181 1520 3201 1575 der Dinge. Die Antipathie Rußlands gegen
2182 1571 2645 1620 England ſei augenfällig.
2259 1614 3206 1670 London, 5. Juli. Die Königin verlieh dem
2182 1654 3205 1716 Schah von Perſien den Hoſenband⸗Orden mit
2182 1699 3206 1757 Umgehung des üblichen Ceremoniels. Der Großvezier
2183 1741 3206 1800 erhielt das Ehren⸗Großcomthurkreuz des Sternes von
2179 1796 2314 1848 Indien.
2268 1825 3208 1890 Konſtantinopel, 4. Juli. Raſchid Paſcha hat an die
2184 1875 3208 1936 Vertreter der Türkei im Auslande ein Circulär gerichtet,
2185 1916 3212 1977 worin der Inhalt des neuen, dem Khedive gewährten Fer⸗
2187 1977 2556 2020 mans notificirt wird.
2272 2006 3199 2061 Gerüchtweiſe verlautet, die Regierung werde mit der
2181 2049 3197 2108 Häuſern Cohen und Merton eine Anleihe von 25 Millio
2187 2092 3171 2149 nen (Was? D. Red.) abſchließen. (Agence Bordeano.)
2185 2174 3204 2226 Telegraphiſche Witterungs⸗Berichte der k. k. Central⸗Anſtalt für Meteo
2188 2216 3206 2269 rologie und Erdmagnetismus vom 4. Juli 1873, 7 Uhr Morgens
2253 2371 2411 2397 Stationen:
2481 2279 2663 2304 Luftdruck in
2513 2301 2636 2330 Millimeter
2488 2378 2561 2409 beob⸗
2478 2407 2565 2436 achteter
2592 2351 2649 2383 Ab⸗
2575 2380 2659 2409 weichg.
2574 2406 2661 2434 v. nor⸗
2578 2431 2658 2460 malen
2672 2273 2850 2303 Temperatur u.
2713 2299 2801 2325 Celsius
2680 2377 2748 2405 beob⸗
2675 2405 2757 2433 achtete
2787 2350 2837 2379 Ab⸗
2765 2377 2851 2406 weichg.
2764 2406 2851 2430 v. nor⸗
2769 2427 2844 2456 malen
2885 2311 2975 2350 Wind=
2873 2364 2989 2402 Richtung
2887 2417 2979 2450 Stärke
3029 2337 3197 2384 Bewölkung
2239 2506 2416 2540 Nördliche:
2191 2541 2290 2576 Bludenz
2195 2573 2256 2603 Iſchl
2194 2596 2321 2629 Klagenfurt
2195 2626 2259 2655 Prag
2194 2653 2263 2679 Wien
2194 2673 2279 2706 Krakau
2195 2699 2314 2732 Debreczin
2191 2729 2292 2759 Lemberg
2196 2752 2315 2785 Tarnopol
2269 2785 2419 2824 Südliche:
2194 2826 2257 2855 Riva
2195 2853 2290 2881 Ancona
2195 2878 2260 2909 Görz
2198 2906 2267 2937 Trieſt
2199 2932 2258 2964 Pola
2200 2951 2405 2987 Semaphor Porer
2197 2982 2278 3014 Agram
2200 3012 2273 3039 Leſina
2199 3031 2383 3066 Semaphor Liſſa
2197 3061 2307 3091 Durazzo
2200 3086 2308 3118 Szegedin
2198 3111 2358 3145 Hermannſtadt
2494 2536 2562 2565 710˙0
2497 2566 2561 2592 721˙5
2497 2592 2562 2619 723˙6
2496 2617 2561 2643 743˙7
2495 2644 2562 2669 743˙7
2495 2671 2565 2697 742˙4
2498 2697 2562 2722 747˙6
2496 2721 2561 2747 734˙3
2497 2746 2566 2774 732˙0
2500 2822 2563 2850 754˙2
2501 2849 2560 2873 762˙0
2501 2874 2566 2899 753˙5
2498 2898 2566 2923 759˙0
2499 2923 2563 2949 758˙4
2500 2949 2564 2977 760˙7
2500 2974 2566 3004 747˙8
2504 3002 2564 3029 758˙7
2501 3028 2565 3055 757˙4
2502 3055 2570 3082 759˙5
2504 3081 2566 3108 753˙7
2517 3112 2553 3132 —
2577 2531 2651 2561 — 1˙2
2580 2560 2655 2589 — 0˙1
2579 2589 2654 2617 + 1˙3
2581 2615 2656 2641 + 0˙4
2581 2640 2660 2667 — 0•3
2581 2665 2665 2695 + 0˙4
2582 2692 2661 2718 — 0˙3
2582 2719 2662 2743 — 0 7
2582 2741 2665 2772 — 3˙4
2582 2822 2660 2847 + 0˙9
2584 2847 2664 2873 + 0˙7
2581 2871 2665 2900 + 0˙2
2580 2898 2665 2922 + 0˙4
2580 2923 2665 2948 + 0˙6
2585 2947 2664 2974 + 0˙5
2583 2977 2666 3003 + 0˙8
2584 3001 2666 3027 + 0˙3
2613 3026 2662 3050 0˙0
2586 3052 2661 3079 — 0˙3
2586 3077 2662 3109 + 1˙1
2610 3108 2649 3131 —
2695 2535 2755 2562 16˙8
2701 2561 2756 2588 18˙0
2701 2587 2756 2615 15˙4
2701 2614 2753 2641 13˙4
2700 2640 2752 2669 17˙8
2704 2665 2756 2690 17˙8
2703 2691 2757 2719 18˙2
2700 2718 2754 2743 16˙8
2703 2742 2750 2769 17˙2
2701 2819 2755 2843 22˙9
2700 2846 2756 2869 25˙3
2701 2871 2752 2896 20˙0
2703 2897 2755 2922 24˙2
2702 2921 2754 2947 22˙9
2704 2945 2755 2971 21˙6
2704 2972 2752 2999 17˙3
2702 2998 2755 3025 23˙0
2703 3024 2756 3051 22˙4
2704 3051 2755 3076 23˙8
2706 3076 2758 3104 20˙0
2717 3106 2751 3128 —
2770 2526 2846 2561 + 2˙7
2805 2557 2846 2584 4˙2
2770 2584 2850 2612 + 0˙2
2771 2613 2842 2638 — 2˙7
2774 2637 2846 2663 + 0˙1
2770 2664 2843 2690 + 2˙7
2775 2690 2845 2714 — 1˙0
2771 2716 2849 2741 + 0.4
2774 2741 2848 2767 + 1˙2
2775 2816 2849 2844 + 2˙4
2776 2843 2845 2869 + 0˙3
2775 2869 2849 2893 — 0˙2
2773 2891 2850 2922 + 1˙9
2808 2921 2849 2945 0˙0
2776 2944 2846 2970 — 1˙3
2776 2968 2850 2996 — 2˙2
2776 2995 2847 3022 — 0˙7
2776 3021 2853 3048 — 1˙3
2775 3046 2849 3077 — 0˙4
2777 3075 2847 3103 + 0˙7
2791 3102 2834 3123 —
2880 2530 2978 2559 SW 3
2877 2557 2980 2586 S 1
2914 2588 2946 2609 —
2908 2613 2945 2638 —
2910 2638 2944 2661 —
2915 2661 2943 2684 —
2879 2685 2984 2714 NO 3
2879 2711 2986 2738 W 3
2881 2735 2983 2765 NW 1
2914 2811 2949 2835 —
2878 2835 2985 2869 NNW 1
2912 2868 2948 2891 —
2910 2890 2947 2912 —
2914 2916 2941 2939 —
2880 2938 2987 2971 NW 1
2884 2969 2982 2995 SW 3
2881 2992 2985 3021 NW 2
2882 3016 2993 3051 WNW 4
2917 3048 2956 3071 —
2885 3070 2992 3101 N 3
2918 3102 2951 3121 —
3009 2527 3216 2557 größtenth. bewölkt
3011 2554 3218 2582 theilweiſe bewölkt
3074 2581 3148 2608 heiter
3073 2607 3147 2634 heiter
3074 2633 3145 2660 heiter
3089 2658 3142 2686 trüb
3011 2683 3212 2713 zur Hälfte bewölk
3089 2712 3143 2737 trüb
3051 2734 3174 2765 ganz trüb
3076 2808 3145 2838 heiter
3076 2838 3149 2864 heiter
3075 2861 3152 2890 heiter
3078 2890 3148 2914 heiter
3030 2912 3196 2943 beinahe heiter
3080 2941 3150 2968 heiter
3078 2966 3147 2993 heiter
3079 2991 3148 3019 heiter
3081 3016 3152 3047 heiter
3077 3044 3151 3070 heiter
3017 3064 3228 3102 zur Hälfte bewölkt
3106 3099 3140 3118 —
2287 3128 3225 3179 Der Luftdruck iſt gefallen zu Iſchl um 4˙2 Millimeter und
2203 3164 3225 3222 iſt nahezu gleich dem normalen. Die Temperatur iſt gefallen (zu
2203 3199 3226 3251 Semaphor Porer um 2˙9° Celſius) und iſt theils ober, theils unter
195 3347 948 3454 Protestantische Jesuiten.
394 3449 759 3500 Hiſtoriſcher Roman von
309 3487 839 3550 Louiſe Mühlbach.
488 3575 669 3608 4. Fortſetzung.
146 3609 1092 3664 „Nein, Majeſtät, ich erwartete dieſes Wort; aber ich möchte
62 3648 1093 3706 mir erlauben. Eure Majeſtät zu fragen, wie weit die Amneſtie
62 3689 1094 3742 ausgedehnt werden ſoll, oder ob ſie etwa überhaupt alle Gefangenen
63 3741 210 3781 betrifft?“
144 3763 1095 3816 „Alle Gefangenen?“ fragte der König lächelnd. „Beruhigen
64 3803 1097 3858 Sie ſich, Rochow, ich werde nicht daran denken, eine Amneſtie
65 3843 1097 3899 zu geben auch für die Räuber, die Diebe und die Einbrecher,
65 3885 856 3937 ſondern nur eine für die politiſchen Gefangenen.“
147 3928 1097 3982 „Majeſtät,“ rief Rochow lebhaft, „das ſind die ſchlimmſten
67 3968 1099 4020 Räuber, Diebe und Einbrecher, ſchlimmer als alle die Anderen,
64 4005 1103 4060 welche vielleicht nur die Noth des Lebens zum Verbrechen ge⸗
67 4053 260 4095 trieben hat.“
146 4078 1100 4133 „Ah, mein lieber Miniſter,“ rief der König lachend, „das
69 4117 1101 4176 iſt ein hartes, grauſames Wort, und wenn das Ihre Feinde
67 4160 1104 4215 hörten, würden ſie darin Stoff finden zu neuen Anſchuldi⸗
72 4194 1103 4254 gungen wider Sie! Denn Sie wiſſen doch, Rochow, daß Sie
68 4245 322 4297 Feinde haben?“
153 4273 1103 4327 „Ja, Majeſtät, ich weiß, daß ich Vielen ein Dorn im Auge
65 4320 409 4369 bin und daß ſie“ —
153 4349 1105 4406 „Und daß ſie darüber den Balken in ihrem eigenen Auge
73 4387 1105 4445 gar nicht ſehen,“ lachte der König. „Beruhigen Sie ſich, meine
74 4425 1105 4486 Augen ſehen klar und ſind nicht von Dornen und Balken getrübt.
74 4463 1107 4525 Wir begnadigen die politiſchen Gefangenen. Es iſt der letzte
77 4510 1113 4566 Segensgruß meines hochſeligen Vaters. So will ich, daß man es
77 4558 320 4601 betrachten ſoll.“
157 4581 1110 4639 „Majeſtät,“ ſagte Rochow mit dumpfer, grollender Stimme,
81 4617 1109 4683 „ich erlaube mir zu bemerken, daß diejenigen, welche Eure Ma⸗
77 4655 1110 4717 jeſtät jetzt begnadigen und aus dem Gefängniß befreien wollen,
80 4692 1110 4759 doch auf Befehl Sr. Majeſtät, des hochſeligen Königs, im Ge⸗
82 4746 535 4802 fängniß waren, und daß —“
162 4778 1114 4841 „Still,“ unterbrach ihn der König mit ſtolzer Miene, „mein
87 4817 1114 4882 Entſchluß ſteht feſt und ich weiß, daß ich im Sinne meines
85 4857 1114 4921 Vaters handle, meines theuren Vaters, deſſen Milde und hoch⸗
84 4895 1117 4958 herzige Güte man freilich oft verdunkelt hat. Doch reden wir
83 4935 1117 4999 nicht davon. Sie kennen jetzt meinen unabänderlichen Entſchluß,
83 4973 1009 5045 eine Amneſtie zu geben für alle politiſchen Gefangenen.“
162 5028 758 5079 Der Miniſter neigte leiſe ſein Haupt.
1213 3310 2163 3369 „Darf ich mir erlauben, einige Erörterungen von Eurer
1135 3354 1950 3409 Majeſtät zu erbitten?“ ſagte er mit dumpfem Ton.
1210 3396 2163 3453 „Fragen Sie und erörtern wir,“ rief der König, indem er
1136 3433 2163 3493 ſich auf einen Fauteuil vor ſeinem Schreibtiſch niederließ, ein
1135 3473 2163 3531 Blatt Papier nahm und mit der kleinen, fein zugeſpitzten Raben⸗
1135 3509 2164 3573 feder, wie ſolche ſich immer auf ſeinem Schreibtiſch befinden
1136 3565 1560 3610 mußte, zu zeichnen begann.
1209 3603 1544 3650 „Erörtern wir alſo.“
1217 3626 2166 3685 „Zunächſt denn erlaube ich mir, Eure Majeſtät zu fragen,
1140 3673 1811 3724 ob die Amneſtie ohne Einſchränkung iſt?“
1217 3697 2170 3774 „Ohne Einſchränkung,“ erwiderte der König, indem er haſtig
1136 3752 2170 3813 weiter zeichnete. „Ich will Ihnen ſagen, wie ungefähr der Erlaß
1129 3786 2171 3847 zu formuliren ſein wird und wie ich ihn mir gedacht habe, oder
1142 3826 2167 3887 beſſer, ich laſſe Sie das Concept leſen, welches ich mir heute
1139 3879 1639 3926 Morgens ſchon aufgeſetzt habe.“
1210 3910 2169 3969 Er hielt einen Augenblick inne in ſeinen Zeichnungen, öffnete
1144 3949 2170 4011 haſtig die große Schatulle ſeines Tiſches und nahm daraus ein Blatt
1143 3993 1938 4050 Papier hervor, welches er dem Miniſter darreichte.
1222 4034 2171 4096 „Haben Sie die Güte, lieber Rochow, leſen Sie mir das,
1145 4074 2171 4138 was auf dem Papier ſteht, vor. Ich kann dann beſſer beurthei⸗
1145 4112 2173 4174 len, ob es richtig und gut iſt, und Sie werden mir Ihre Bemerkun⸗
1140 4162 1807 4223 gen und Zuſätze machen. Leſen Sie alſo.“
1221 4199 2173 4258 Er nahm wieder ſeine kleine Rabenfeder und begann eifrig
1147 4237 2175 4302 weiter zu zeichnen an dem großen Thurme, den er vorher ſchon
1148 4287 1754 4340 mit einigen Contouren begonnen hatte.
1218 4333 1516 4384 „Leſen Sie alſo!“
1639 4357 1694 4406 V.
1547 4412 1778 4453 Die Amneſtie.
1226 4453 2177 4513 Der Miniſter v. Rochow überflog mit eiligem Blicke das
1151 4490 2177 4553 Papier, und ſeine Miene ward düſter und ſeine Stimme zitterte
1151 4541 1487 4592 zuweilen, als er las:
1232 4568 2177 4630 „Eingedenk der königlichen Worte der Verzeihung und der
1153 4607 2179 4669 letztwilligen Verordnung meines in Gott ruhenden Herrn Vaters,
1153 4645 2181 4707 will ich hiemit allen denen, welche während der Regierung meines
1154 4683 2181 4745 Herrn Vaters in Verkennung der dem angeſtammten Landesherrn
1154 4722 2180 4785 ſchuldigen Treue und Ehrerbietung des Hochverrathes, des
1151 4760 2184 4825 Landesverrathes, der Majeſtäts⸗Beleidigung, der Theil⸗
1156 4801 2184 4864 nahme an unerlaubten Verbindungen, der Erregung von
1157 4837 2189 4909 Mißvergnügen gegen die Regierung ſich ſchuldig gemacht
1159 4874 2185 4943 haben, die wider ſie verhängten Freiheits⸗ und noch unvoll⸗
1160 4916 2185 4979 ſtreckten Vermögensſtrafen, mit Einſchluß der ihnen auferlegten
1160 4955 2186 5017 und der noch nicht eingezogenen Unterſuchungskoſten erlaſſen; in
1161 4991 2187 5056 Anſehung derjenigen aber, gegen welche noch nicht rechtskräftig er⸗
2206 3281 3230 3345 kannt iſt, die eingeleiteten oder noch einzuleitenden Unterſuchungen
2205 3317 3233 3381 niederſchlagen und auch allen denen, die der Anſtellungs⸗Fähigkeit
2207 3357 3230 3421 für verluſtig erklärt ſind, ſolche wieder gewähren. Ich rechne auf keinen
2201 3394 3229 3461 perſönlichen Dank, glücklich in dem Gefühle, das heilige Vermächt⸗
2203 3436 3230 3496 niß des Königs erfüllt und an ſein Andenken neuen Segen ge⸗
2207 3493 2484 3535 knüpft zu haben.“
2282 3514 3228 3572 „Nun,“ fragte der König, immerfort weiter zeichnend, „nun
2207 3552 3230 3613 ſagen Sie mir ehrlich, Rochow, iſt noch etwas hinzuzufügen an
2206 3590 3235 3650 dieſen Erlaß oder ſind Sie, wie er da iſt, mit ihm einver⸗
2209 3647 2359 3689 ſtanden?“
2284 3663 3227 3726 Der Miniſter athmete nochmals hoch auf, bevor er zu ant⸗
2209 3723 2479 3765 worten vermochte.
2286 3745 3230 3802 „Ich glaube, es iſt noch Einiges hinzuzufügen,“ ſagte er
2210 3781 3231 3845 dann. „Es fehlt da noch die Anführung der Geſetzesſtellen, kraft
2208 3819 3239 3883 deren diejenigen, welche Eure Majeſtät begnadigen wollen, ver⸗
2210 3861 3234 3922 haftet worden ſind. Es wäre ſchon deßhalb nothwendig, weil es
2210 3900 3236 3960 ſonſt den Anſchein haben könnte, als wären alle die Verhaftun⸗
2210 3940 3137 4006 gen und Anſchuldigungen wider Recht und Geſetz geweſen.“
2289 3982 3236 4044 „Ah, ich begreife,“ ſagte der König „Nun, ich übergebe
2211 4023 3236 4085 Ihnen im vollen Vertrauen den Erlaß. Fügen Sie die nöthigen
2214 4062 3235 4123 Geſetzesſtellen, die zu Ihrer und des Herrn v. Kamptz Recht⸗
2215 4103 3024 4160 fertigung nothwendig ſind, hinzu. Iſt das Alles?“
2288 4134 3239 4199 „Nein, Majeſtät! Auch ferner muß ich noch fragen, ob auch
2215 4177 3242 4239 diejenigen, welche vor der gerechten Strafe in das Ausland ge⸗
2212 4212 3244 4276 flohen ſind, jetzt begnadigt und zur Rückkehr berechtigt ſein ſollen?“
2298 4249 3246 4315 „Nein,“ ſagte der König, „den Feigen, welche flohen, darf
2215 4289 3249 4356 man nicht dieſelbe Gnade erweiſen, wie den Tapferen und Mu⸗
2212 4327 3246 4399 thigen, welche ſich der Strafe nicht entzogen. Auch das fügen Sie
2215 4391 2418 4438 noch hinzu.“
2297 4406 3242 4471 „Und dann weiter,“ ſagte der Miniſter, „ſollen die Gefan⸗
2220 4448 3072 4512 genen gezwungen werden, die Befreiung anzunehmen?“
2296 4487 3243 4552 „Nein, mein lieber Freund, ich will Niemanden zu ſeinem
2221 4528 3247 4595 Glücke zwingen,“ rief der König lachend, „fügen Sie auch das noch
2216 4570 3242 4636 hinzu; wer nicht frei ſein will, mag gefangen bleiben. Alſo ord⸗
2217 4609 3242 4674 nen Sie mir das und bringen Sie mir das corrigirte und weiter
2220 4647 3244 4714 ausgeführte Actenſtück alsdann nach Sansſouci, wohin ich heute
2219 4684 3247 4752 mich zu begeben gedenke. Es ſoll dann dieſe Amneſtie ſofort pu⸗
2226 4721 3245 4787 blicirt werden. Ich wünſche, daß es geſchieht, noch bevor ich mich
2225 4761 3250 4827 mit meiner Gemalin nach Königsberg zur Huldigung begebe. Für
2227 4800 3248 4866 die genaue Ausführung und Befolgung der Amneſtie bürgt mir
2221 4845 3032 4907 Ihre bekannte Rechtlichkeit und Gewiſſenhaftigkeit.“
2306 4883 3249 4950 „Doch müſſen mir Eure Majeſtät erlauben, noch einige
2224 4923 3249 4992 Fragen zu thun,“ ſagte Herr v. Rochow aufathmend. „Ich muß
2225 4961 3251 5032 wiſſen, wie eng oder wie weit Eure Majeſtät die Grenze der po⸗
