3346 5257
144 69 285 107 Seite 4
896 65 1171 112 Wien, Samstag
1445 65 2036 113 Neue Freie Presse.
2263 57 2509 110 5. Juli 1873
3072 61 3205 109 Nr. 31
115 142 1139 185 der normalen. Die Luft iſt ſchwach, bei Bludenz, Debreczin, Lem⸗
112 178 1139 218 berg, Agram, Liſſa und Szegedin mäßig bewegt und meiſtentheils
112 212 1137 252 heiter; zu Prag war heute Morgens Nebel, zu Pola geſtern Mit⸗
111 247 1139 286 tags entferntes Gewitter in Oſt. Das Meer iſt ruhig, bei Liſſa
112 283 308 318 leicht bewegt.
197 314 1139 356 Nach Berichten des Pariſer Obſervatoriums, neuerliches Fallen
111 349 1140 390 des Luftdruckes in ganz Europa, ſehr ſtark in Irland, ſchwaches
108 386 1139 425 Steigen desſelben in der Provence und in der Schweiz, ſchwache
109 418 1140 455 Winde herrſchen bei heiterem Himmel auf dem Feſtlande und auf der
111 452 1140 492 See, der niedrigſte Luftdruck zu 748 Millimeter zu Greencaſtle, der
110 485 1140 524 höchſte 767 Millimeter zu Lyon. — Berichte aus Florenz melden
110 521 1141 560 unveränderten Stand des Luftdruckes in Italien, meiſt heiterer
110 555 1137 596 Himmel, ruhige See und ſchwache Winde aus Nordweſt, geſtern
110 591 581 627 ſtarke Regen in Mittel⸗Italien.
142 654 1108 697 Meteorologiſche Beobachtungen an der k. k. Central⸗Anſtalt für
253 697 1006 738 Meteorologie. Hohe Warte. Seehöhe 194 Meter.
121 790 204 815 Datum
229 784 315 816 Stunde
332 763 434 788 Luftdruck
348 789 424 812 Milli⸗
349 814 422 839 meter
456 759 648 785 Temper. Celsius
456 802 532 827 beob⸗
454 826 533 852 achtete
561 816 658 838 normale
669 749 772 777 Feuchtig⸗
680 776 759 800 keit in
690 801 756 829 Per⸗
673 829 759 856 centen
785 761 903 788 Windrich⸗
788 792 899 816 tung und
806 817 886 839 Stärke
960 773 1008 803 Be⸗
930 801 1032 837 wölkung
1060 782 1132 822 Ozon.
119 872 202 903 4. Juli
121 908 191 933 „ „
122 928 200 952 5. Juli
222 875 323 897 2 U. Nm.
221 902 322 924 9 U. Abs.
222 928 322 955 7 U. Mg.
360 871 426 899 742˙0
363 899 425 925 741˙1
362 923 427 955 742˙2
484 874 540 899 25˙5
483 899 541 926 19˙6
487 927 534 954 19˙7
600 873 643 901 23˙7
596 902 647 925 19˙6
599 928 645 954 17˙7
699 875 737 901 61
703 901 734 928 73
701 929 735 953 80
780 876 907 901 W 1
778 902 909 927 W 0
779 929 908 955 W 5
919 874 1034 905 fast heiter
917 904 1041 930 ganz trüb
918 930 1045 957 größt. bew.
1085 888 1117 901 —
1081 904 1122 931 3˙0
1076 931 1123 960 5˙0
203 969 1062 1012 5. Juli: höchſte Temperatur 27˙0°, tiefſte 12˙4° Celſius.
493 1009 742 1043 Niederſchlag 0˙4.
194 1047 1140 1089 Luftdruck gefallen um 2˙6 Millimeter, Nachts geſtiegen um
110 1082 1141 1123 1˙1 und iſt 1˙8 Millimeter unter dem normalen. Temperatur ſteigt
111 1117 1141 1158 bis 1˙8° über die normale. Wind tagsüber, Nachts ziemlich ſtark
111 1150 1142 1191 aus Weſt. Tagesmittel der Geſchwindigkeit 22˙7 Kilometer per
111 1188 1141 1225 Stunde. (Maximum 12—1 Uhr Nachts 53 Kilometer.) Tagsüber
110 1222 1139 1261 leichte Federwolken, Abends trüb, Wetterleuchten im Süden. Regen.
104 1256 1141 1292 5. Juli Morgens: Temperatur 2˙0° über der normalen, größten⸗
110 1287 1140 1328 theils bewölkt, ſtarker Weſt. Tiefſte Temperatur 17˙5° Celſius. Stadt,
114 1323 1140 1364 12 Uhr Mittags: Temperatur + 23˙3° Celſius (+ 18˙7° Réaumur).
275 1385 962 1446 Wiener Börſe vom 5. Juli.
339 1452 910 1488 Notirungen um 12 Uhr 45 Minuten.
191 1490 1140 1531 An der heutigen Vorbörſe beſchränkte ſich der Handel zu⸗
110 1526 1142 1565 meiſt auf die internationalen Werthe. Die günſtigen Meldungen
110 1560 1139 1602 der deutſchen Plätze wirkten anregend; auch die Localpapiere waren
102 1598 286 1636 gut gefragt.
195 1630 1139 1668 Nationalbank erhöhten ſich bis 985, Creditactien ſtiegen bis
109 1664 1138 1704 235.50, Anglo⸗Bank⸗Actien blieben 190.50, Staatsbahn avancirten
108 1699 979 1738 auf 341, Lombarden auf 142, Karl⸗Ludwigbahn bis 229.
196 1733 1138 1773 Sonſt waren von Bankpapieren Vereinsbank bis 55, Franco⸗
110 1769 441 1806 Bank zu 80 umgeſetzt.
189 1800 1138 1843 Von Baubankwerthen erhöhten ſich Allgemeine Baugeſellſchaft
108 1836 1138 1877 von 125 bis 128; Wiener Baugeſellſchaft notirten 137.50 nach 136,
107 1870 1137 1912 Bauverein 44 nach 43, Parcellirungs⸗Baugeſellſchaft 61.50 nach 60,
107 1906 780 1944 Brigittenauer Baugeſellſchaft 41.50 nach 40.
193 1941 524 1978 Um 11 Uhr ſchloſſen:
193 1974 1137 2013 Creditactien 235, Anglo⸗Bank⸗Actien 191, Hypothekar⸗Renten⸗
107 2008 1071 2048 bank 74, Vereinsbank 55, Lombarden 192, Staatsbahn 340.50.
193 2043 1139 2082 Der Beginn des Mittagsgeſchäftes erfolgte in feſter, theil⸗
107 2077 1138 2117 weiſe lebhafter Stimmung. Mai⸗Rente war bis 67.80, Silber⸗Rente
108 2110 1136 2152 bis 73 gefragt. Creditactien erhöhten ſich von 235 bis 236, Anglo⸗
107 2145 1139 2184 Bank⸗Actien blieben unverändert, Unionbank 135, Franco⸗Bank
107 2182 579 2219 80, Hypothekar⸗Rentenbank 75.
193 2215 1138 2255 Allgemeine Baugeſellſchaft ermäßigten ſich auf 126.50, Union⸗
108 2249 651 2287 Baugeſellſchaft erholten ſich auf 76.
194 2283 687 2319 Staatsbahn avancirten auf 344.
193 2317 1138 2358 Im weiteren Verlaufe des Geſchäftes traten wenig bemer⸗
108 2352 1138 2393 kenswerthe Momente hervor. Papier⸗Rente (Mai⸗Coupon) war bis
106 2385 1139 2427 68 gefragt. Creditactien blieben 236, Anglo⸗Bank⸗Actien 190.50,
107 2421 1139 2462 Unionbank 135.50, Vereinsbank 54; Hypothekar⸗Rentenbank ſchwäch⸗
107 2454 1139 2494 ten ſich auf 73.50, Italiſch⸗Oeſterreichiſche Bank auf 46 ab. Allge⸗
108 2489 992 2530 meine Oeſterreichiſche Bank dagegen erholten ſich auf 142.
194 2522 1141 2563 Die Baubanken blieben größtentheils unverändert, ebenſo die
106 2557 316 2594 Bahnpapiere.
193 2590 1141 2627 Der Geſchäftsgang wurde etwas ſchwächer, die Luſt zu Reali⸗
104 2624 1141 2665 ſirungen vorwiegend, da die Avancen vom Morgen genügende
110 2663 415 2701 Marge dafür boten.
108 2753 308 2794 Papier⸗Rente
108 2788 304 2828 Silber⸗Rente
107 2822 402 2860 Loſe vom Jahre 1860
107 2857 399 2897 Loſe vom Jahre 1864
106 2893 311 2930 Nationalbank
107 2926 300 2964 Creditanſtalt
106 2962 412 2998 N.⸗Oe. Escomptebank
107 2997 407 3034 Anglo⸗Auſtrianbank
107 3028 412 3068 Franco⸗Auſtriabank
104 3064 275 3101 Unionbank
105 3098 274 3136 Bankverein
107 3133 376 3171 Oeſterr. Vereinsb.
105 3167 376 3204 Donau⸗Dampfſch.
102 3200 260 3241 Tramway
104 3237 316 3274 Verkehrsbank
107 3271 368 3310 Auſtro⸗Egyptiſche
436 2724 494 2758 Geld
438 2757 473 2787 68
438 2791 516 2822 72.90
423 2826 473 2856 102
422 2862 472 2890 133
422 2895 476 2922 985
421 2928 518 2962 235.50
422 2964 473 2993 955
424 2999 472 3026 191
437 3033 474 3062 80
422 3067 473 3094 135
423 3101 474 3129 180
438 3133 474 3162 55
422 3168 472 3197 587
422 3203 473 3232 265
422 3238 473 3267 150
423 3273 472 3301 131
529 2723 613 2754 Waare
543 2753 620 2789 68.10
542 2792 576 2818 73
525 2826 620 2856 102.50
526 2861 619 2890 133.50
521 2895 575 2923 987
519 2928 577 2959 236
524 2964 577 2991 960
526 2998 577 3025 192
541 3031 620 3059 80.50
526 3065 620 3094 135.50
525 3099 576 3127 182
542 3133 619 3162 55.50
523 3167 580 3201 588
524 3203 576 3231 266
524 3237 574 3265 151
524 3272 576 3300 132
630 2753 838 2788 Wechslerbank
630 2789 779 2826 Nordbahn
630 2824 809 2861 Staatsbahn
629 2856 774 2895 Südbahn
629 2891 839 2929 Eliſabethbahn
628 2926 890 2963 Karl⸗Ludwigbahn
630 2958 794 2999 Theißbahn
627 2993 796 3032 Pardubitzer
627 3028 839 3065 Nordweſtbahn
628 3061 884 3099 Frankf. 100 fl. | 6
629 3095 890 3133 London, 10 Pf. | 6
630 3128 886 3171 Paris, 100 Frcs. | 6
629 3166 882 3202 K. Münz⸗Ducaten
628 3200 847 3238 Napoleons d'or
627 3235 726 3272 Silber
626 3267 931 3308 Preuß. Kaſſenanweiſ.
956 2723 1016 2756 Geld
943 2788 995 2825 218
943 2823 996 2859 340
944 2858 994 2893 192
942 2892 1041 2928 227.50
941 2926 994 2962 228
943 2960 994 2996 215
944 2997 994 3031 158
940 3029 994 3065 209
959 3065 1043 3099 94.10
943 3098 1042 3132 111.25
958 3130 1042 3168 43.70
976 3165 1044 3201 5.28
976 3200 1041 3236 8.87
944 3236 1044 3271 109.30
944 3265 1044 3310 1.67 ¼
1061 2725 1144 2756 Waare
1043 2789 1099 2825 219
1043 2823 1098 2859 344
1042 2857 1143 2893 192.50
1042 2892 1099 2928 228
1042 2926 1098 2962 229
1043 2962 1099 2996 216
1042 2995 1099 3030 160
1043 3029 1098 3064 210
1059 3064 1142 3099 94.20
1042 3098 1141 3132 111.50
1063 3130 1141 3167 43.80
1077 3166 1140 3201 5.29
1078 3202 1140 3237 8.88
1044 3235 1142 3270 109.50
1044 3270 1140 3310 1.67 ½
1524 143 1853 194 Fremde Börſen.
1186 221 1402 259 Berlin, 4. J.
1186 257 1403 291 Oeſt. Silber⸗R.
1181 289 1263 325 Wien
1179 325 1400 360 Oeſt. Staatsb.
1181 357 1362 397 Creditactien
1186 393 1410 432 Breslau 4. J.
1180 427 1342 464 Banknoten
1181 461 1264 498 Wien
1184 495 1411 535 Hambrg. 4. J.
1184 533 1375 564 Silber⸗Rente
1184 568 1362 597 Creditactien
1442 217 1495 252 Bez.
1436 255 1510 297 65 ⅞
1430 290 1508 332 88 ⅝
1421 329 1473 363 204
1423 360 1509 401 138 ¼
1432 434 1476 459 —
1437 468 1476 494 —
1433 534 1476 562 —
1437 576 1474 593 —
1525 223 1761 261 Frankfurt, 4. J.
1525 259 1748 293 Oeſt. Silber.⸗R.
1525 291 1690 329 Bankactien
1524 326 1703 363 Creditactien
1527 362 1752 393 Amerikan. 1882
1526 393 1607 431 Wien
1526 430 1748 462 Oe. 1860er Anl.
1527 463 1757 500 Amſterd. 4. J.
1525 497 1747 535 Oeſt. Papier⸗R.
1543 531 1716 569 „ Silber⸗R.
1527 567 1761 603 Wiener Wechſel
1794 222 1844 252 Bez.
1785 257 1855 298 65 ⅝
1772 295 1838 328 1027
1769 325 1859 368 242 ½
1784 360 1853 402 96 ½
1770 392 1860 436 104 ⅞
1784 432 1819 466 93
1780 492 1862 542 60 ½
1780 530 1858 573 65 ¼
1786 576 1823 593 —
1876 222 2091 260 Leipzig, 4. J.
1875 259 2035 294 Banknoten
1875 292 2099 328 Paris, 4. Juli
1873 326 2063 364 3 perc. Rente
1875 358 2057 398 Staatsbahn
1875 392 2041 432 Lombarden
1875 428 2101 467 Credit Mobilier
1874 464 2098 498 Oe. 1860er Loſe
1873 495 2065 535 N. Oe. Oblig
1873 531 2090 566 London, 4. J.
1874 569 1991 602 Conſols
2139 215 2188 251 Bez.
2129 262 2173 285 —
2128 324 2216 359 56.30
2135 361 2185 394 796
2134 393 2187 429 440
2134 429 2186 464 417
2129 467 2173 494 —
2130 502 2172 524 —
2112 550 2216 603 92 11⁄16
1262 614 2211 656 [Telegr.] Schluß der Wiener Börſe. Um 1 Uhr
1183 653 2211 692 30 Minuten. Creditactien 235, Anglo⸗Bank 190, Unionbank
1185 691 2210 731 135, Vereinsbank 55.25, Franco⸗Bank 82, Italiſch⸗Oeſterreichiſche
1183 728 2210 771 Bank 45.50, Handelsbank 125.50, Allgemeine Baugeſellſchaft 126,
1179 767 2212 812 Wiener Baugeſellſchaft 136.50, Union⸗Baugeſellſchaft 75, Bau⸗
1183 806 2211 847 verein 43.50, Parcellirungs⸗Baugeſellſchaft 62, Brigittenauer
1183 844 2210 886 Baugeſellſchaft 40, Staatsbahnactien 344, Karl⸗Ludwigbahn
1177 884 1379 924 229. Still.
1262 954 2210 996 [Telegr. der „N. Fr. Pr.“] Peſt, 5. Juli. Das
1184 994 2210 1036 ungariſche Credit⸗Aushilfs⸗Comité hat in ſeiner Sitzung
1184 1033 2210 1074 die Statuten verleſen und angenommen. Laut dieſer beträgt das
1184 1071 2210 1114 Kapital zwei Millionen Gulden, beſtehend aus Kaſſenſcheinen zu
1185 1114 1338 1152 10,000 fl.
1261 1158 2210 1196 [Telegr. der „N. Fr. Pr.“] Peſt, 5. Juli. Die
1183 1196 2207 1237 Conſtituirung des Aushilfsvereines erfolgte heute
1183 1234 2204 1274 unter zahlreicher Betheiligung der hieſigen Credit⸗Inſtitute. Das
1183 1272 2210 1314 Verlangen der kleineren Localbanken, Garantiefonds⸗Beiträge unter
1184 1311 2209 1352 10,000 fl. anzunehmen, blieb unberückſichtigt. Der Statuten⸗
1183 1350 2208 1392 Entwurf des Aushilfsvereines wurde mit geringfügigen Aenderun⸗
1175 1393 1452 1431 gen angenommen.
1260 1433 2207 1474 [Telegr. der „N. Fr. Pr.“] Konſtantinopel, 4. Juli.
1182 1472 2150 1514 Allgemeine Schuld 60.07 Piaſter. Türkenloſe 155.50 Francs.
1267 1563 2209 1601 Hamburg, 4. Juli. Silber⸗Rente 65 ⅝ bis —.—. Oeſterr.
1183 1597 2209 1636 Creditactien 207 ½ bis —.—. 1860er Loſe 92 ¾. Ruſſiſches
1182 1629 2208 1668 Prämien⸗Anlehen vom Jahre 1864 —.—. vom Jahre 1866 126.
1182 1666 2206 1703 Amerikaner 92—. Staatsbahn 763— bis —.—. Lombarden 431 ½
1180 1700 2211 1738 Italiener 60 ¾. Anglo⸗Deutſche Bank —.—. Wiener Unionbank
1180 1734 2207 1774 —.—. Deutſche Effecten⸗ und Wechslerbank —. Feſt, mäßiges Ge⸗
1181 1771 1598 1807 ſchäft, Staatsbahn begehrt.
1893 1827 2173 1866 Berlin, 4. Juli.
1259 1869 2208 1914 [Berliner Börſenbericht.] In unerwartetſter Weiſe
1181 1909 2206 1954 geſtaltete ſich die heutige Börſe ſo andauernd feſt, wie ſie ſeit Langem
1180 1949 2206 1989 nicht geweſen. Die günſtige Tendenz, welche gleich zu Anfang
1182 1985 2208 2030 platzgriff, war um ſo überraſchender, als die flauen Meldungen,
1179 2026 2207 2066 die aus Frankfurt a. M. geſtern Abends — wahrſcheinlich in
1180 2064 2207 2108 Rückwirkung der geſtrigen hieſigen Geſchäftsloſigkeit — gekommen
1180 2103 2207 2146 waren, wenigſtens bei Beginn das Vorherrſchen einer gedrückten
1181 2142 2212 2183 Stimmung vermuthen ließen. Die heutige Entwicklung des Börſen⸗
1180 2181 2209 2221 verkehrs iſt um ſo ermuthigender, als die Umſätze bei ſteigenden
1181 2219 2209 2260 Curſen ſehr bedeutende waren, und die Gründe hiefür nur bei den
1177 2257 2212 2300 wenigſten Papieren, wie bei Staatsbahn und Galiziſchen Karl⸗
1181 2296 2209 2341 Ludwigbahn, auf concrete Thatſachen, im Uebrigen aber lediglich
1182 2335 2209 2378 auf das erwachende Vertrauen innerhalb der Börſe ſowol wie
1177 2373 2210 2420 im Privat⸗Publicum zurückzuführen ſind. Die Hauſſe in Staats⸗
1181 2411 2210 2454 bahnactien war durch die Erwartung einer bedeutenden Mehrein⸗
1181 2450 2212 2495 nahme hervorgerufen. Galizier waren, beſonders zu Anfang der
1181 2489 2212 2530 Börſe, auf die geſtrigen Wiener Meldungen lebhaft und ½ Percent
1182 2525 2213 2570 höher gehandelt. Die anderen öſterreichiſchen Bahnen blieben feſt
1183 2558 2213 2603 und ſtill, ebenſo die öſterreichiſchen Renten, die etwas höher
1184 2598 2218 2643 notirten. Neben Staatsbahn waren auch Lombarden ganz beſon⸗
1179 2638 2213 2684 ders feſt und lebhaft; ebenſo feſt, doch weniger lebhaft hielten ſich
1184 2679 2212 2720 Credit. Von den internationalen Speculations⸗Papieren erzielten
1183 2717 2211 2761 auch Türken und Amerikaner bei bedeutenden Umſätzen einen Curs⸗
1183 2757 2212 2801 gewinn. Induſtriepapiere ſind überall beſſer, wenn auch wenig
1177 2795 2214 2842 Geſchäft. Banken gingen mit Ausnahme von Disconto⸗Com⸗
1182 2835 2211 2880 mandit, die ſich etwas erholten, durchweg geſchäftslos und niedriger.
1182 2868 2213 2916 Preußiſche Bahnen waren beſſer bei geringem Geſchäft. Geld iſt
1181 2912 2215 2956 flüſſig. Tägliches mit 4, per Ultimo mit 5 Percent zu haben.
1181 2946 2214 2992 Privatdiscont 5—5 ¼ Percent. Die geſtrige Frankfurter Baiſſe
1182 2986 2213 3035 anlangend, iſt noch zu bemerken, daß dieſelbe künſtlich herbeigeführt
1182 3034 1315 3072 ſein ſoll.
1932 3076 2178 3119 Paris, 3. Juli.
1268 3123 2212 3166 Die Börſe iſt auch heute feſt, doch konnten ſich die höchſten
1183 3156 2215 3201 Curſe nicht bis zum Schluſſe behaupten. Rente bleibt 56.45 nach
1182 3195 2213 3234 56.52 und neue Anleihe kam von 91.10 wieder auf 90.95 zurück.
1178 3228 2212 3272 Banque de France ſehr beliebt, 4235. In dem heutigen Wochen⸗
1182 3264 2211 3304 ausweiſe iſt das Portefeuille um 90.₆, der Barvorrath um 7, das
2256 141 3284 183 Sconto der Privaten um 33.₈ Millionen und auf der anderen Seite
2255 176 3285 216 der Notenumlauf um 79.₇ Millionen geſtiegen, das Sconto des
2255 211 3286 253 Staatsſchatzes dagegen um 1.₇ Millionen zurückgegangen Italiener
2254 247 3280 286 noch immer flau, 64.05; Banque de Paris 1105; Oeſterreichiſche
2255 280 3280 321 Staatsbahn erreicht 790, was ſelbſt mit Einrechnung des Report
2254 316 3282 355 noch eine Hauſſe von circa zehn Francs darſtellt. Lombarden 437,
2254 351 2859 393 Oeſterreichiſche Bodencredit⸗Anſtalt 958.
3011 409 3248 445 Wien, 5. Juli.
2331 450 3285 491 [Lemberg⸗Czernowitz⸗Jaſſy Bahn.] Nachdem
2254 488 3281 530 die Collaudirung der Lemberg⸗Czernowitz⸗Jaſſy Bahn beendigt iſt,
2253 527 3281 569 ſind, dem Vernehmen nach, auf Grund des §. 71 des Strafgeſetz⸗
2254 565 3282 606 buches die darauf bezüglichen Acten der Staatsanwaltſchaft zur
2254 605 2922 645 weiteren Amtshandlung übergeben worden.
2336 691 3279 732 [Fruchtbörſe.] Der Stillſtand und die flaue Tendenz ſind
2255 727 3281 766 anhaltend, und die Käufer bleiben ſehr reſervirt, theils wegen des
2255 758 3282 799 ſtockenden Mehlabſatzes, theils auch, weil bereits neue Waare auf
2254 797 3282 835 kurze Lieferungsfriſten ausgeboten wird. Neue Banater Weizen⸗
2254 830 3284 870 muſter werden heute ſchon vorgezeigt; ſie präſentiren ſich zumeiſt
2254 865 3281 904 recht ſchön, doch ſind viele Körner gedrückt. Im geſchäftlichen Ver⸗
2255 898 3282 938 kehre fehlt an der Börſe jedes Animo, und werden Weizen und
2254 932 3281 973 Korn weſentlich billiger offerirt. Mais, viel angeboten, iſt um
2256 965 3281 1006 15 kr. gewichen. Hafer, ohne Begehr, hält 7—8 kr. niedriger als
2255 1001 3283 1043 Samſtag. Mehle, ohne Nachfrage, notiren 50 kr. bis 1 fl. billiger
2254 1038 2460 1074 als Samſtag.
2467 1099 3069 1140 Telegraphiſche Handels⸗Depeſchen.
2338 1143 3282 1183 Köln, 4. Juli. (Productenmarkt.) Weizen feſt, per
2254 1177 3288 1218 Juli 8 Thaler 21— Silbergroſchen, per November 7 Thaler
2253 1213 3278 1250 23 ½ Silbergroſchen. Roggen beſſer, per Juli 5 Thaler 7 Sil⸗
2253 1247 3280 1288 bergroſchen, per November 5 Thaler 9 ½ Silbergroſchen. Rüböl
2254 1281 3281 1321 loco behauptet, 11 ⅖ Thaler, per October —.— Thaler. Spiritus
2253 1318 2826 1355 loco —.—, per Mai Thaler. Schwül.
2337 1357 3283 1398 Zürich, 4. Juli. (Getreidemarkt.) Weizen matt, Preiſe
2253 1393 3076 1433 weichend. Prima ruſſiſcher 38 ½ bis 39 ½ loco Zürich.
2336 1433 3281 1472 Liverpool, 4. Juli. (Baumwollmarkt.) Umſatz 10,000
2252 1467 3283 1507 Ballen. Orleans 9 ⅛. Middling Upland 8 ⅞ bis —. Fair Dhollerah
2252 1502 3283 1543 6 ⅛. Middling Fair Dhollerah 5 ⅜. Good Middling Dhollerah 4 ⅝.
2253 1537 3283 1577 Middling Dhollerah 4—. Fair Bengal 4—. New Fair Oomra 6 5⁄16.
2250 1570 3282 1612 Fair Oomra 6 ¾. Fair Pernam 10—. Smyrna 6 ¾. Egyptiſche 9 ½.
2253 1609 2648 1645 Tages⸗Import — Ballen.
2331 1649 3282 1689 — (Wochenbericht.) Umſatz 68,000, Export 7000, wirk⸗
2253 1684 3282 1725 licher Export 9000, Conſum 57,000, Vorrath 917,000, Wochen⸗
2251 1720 2576 1757 import —.— Ballen.
2337 1762 3282 1801 — (Productenmarkt.) Weizen 1 Penny, Mehl 6 Pence
2251 1796 2731 1834 niedriger, Mais 3 Pence höher.
2322 1868 3280 1912 Köln, 4. Juli. [Telegr. der Oeſterr. See⸗
2251 1906 3282 1952 handlung.] Per Juli: Weizen 8 Thaler 22 Silbergroſchen;
2250 1946 3289 1989 Roggen 5 Thaler 7 ½ Silbergroſchen. October⸗Oel 11 Thaler
2250 1984 3283 2028 3 Silbergroſchen, Mai⸗Oel 11 Thaler 18 Silbergroſchen. Per
2250 2023 3283 2068 November: Weizen 7 Thaler 23 ½ Silbergroſchen. Roggen
2251 2063 2710 2105 5 Thaler 9 ½ Silbergroſchen.
2328 2106 3288 2148 Zürich, 4. Juli. [Telegr. der Oeſterr. See⸗
2243 2147 3283 2190 handlung.] Weizen, Stimmung ſehr flau, äußerſt wenig Kauf⸗
2253 2186 3284 2229 luſt. Preiſe nominell, 38.75 Francs bis 39.50 Francs ab Sta⸗
2252 2225 3033 2267 tionen. Hafer ohne Nachfrage. Schönes Wetter.
2309 2362 3216 2485 Todes-Anzeige.
2383 2532 3230 2564 Mit tiefbetrübtem Herzen zeigen wir unſeren Freunden und Bekannten
2303 2559 3238 2591 an, daß uns am 4. d. M. nach kurzem ſchweren Leiden, unſer über alles ge⸗
2301 2582 2780 2613 liebter Gatte, Vater und Bruder, Herr
2397 2621 3134 2700 Moriz Löwner,
2694 2700 2851 2736 Kaufmann,
2302 2749 2982 2781 im Alter von 58 Jahren durch den Tod entriſſen wurde.
2383 2775 3235 2808 Die Beerdigung findet Sonntag 6. Juli, Vormittags 9 Uhr, auf dem
2306 2803 2796 2834 iſraelitiſchen Friedhofe zu Währing ſtatt.
2748 2841 3195 2900 Die Hinterbliebenen.
2390 2976 3167 3073 Doctor in absentia
2256 3078 3285 3111 der Philosophie, Medicin, Chemie und Zahnheilkunde wird mit Discretion vermit-
2256 3105 3159 3143 telt. Adresse: Medicus, 46 Königsstrasse, Jersey, England.
3217 3107 3286 3138 7421
2323 3171 3046 3207 Herausgeber: Michael Etienne, Adolph Werthner.
2325 3212 2956 3249 Verantwortlicher Redacteur: Joseph Mitter.
2323 3249 3178 3294 Druckerei der „Neuen Freien Preſſe“: Christoph Reisser.
112 3355 1141 3399 litiſchen Verbrechen zu ziehen befehlen. Gehören die gefangenen
108 3393 1141 3438 Biſchöfe von Köln und von Poſen auch zum Beiſpiel zu denen,
103 3434 767 3477 welche in Freiheit geſetzt werden ſollen?“
176 3488 1141 3530 „Gewiß,“ rief der König raſch, „vor allen Dingen gehören
109 3526 1142 3569 ſie dazu, ſie, die Märtyrer ihres Glaubens und ihrer religiöſen
105 3565 1151 3608 Anſichten, welche in der Gefangenſchaft ſchmachten um ihres Glau⸗
110 3604 1141 3647 bens und ihrer Religion willen; ſie ſollen die Freiheit haben.
109 3644 1143 3685 Ich will Frieden machen, hören Sie wohl, Rochow, Frieden mit
110 3683 1143 3725 der ganzen Welt und mit allen Gewiſſen. Mit allen Gewiſſen;
110 3721 1142 3764 deßhalb ſollen die Biſchöfe nicht allein befreit werden, ſondern ich
109 3761 1142 3803 will auch, was an mir iſt, dazu thun, daß ſie und die frommen
110 3799 1143 3841 Katholiken alle verſöhnt werden. Sie haben gekämpft für ihre
108 3839 1142 3880 Rechte, das heißt für die Rechte ihrer Kirche, die man ihnen,
111 3877 1142 3919 wie ich glaube, in unſeren Landen allzu ſehr beſchränken
111 3915 1142 3959 wollte. Die Kirche muß vor allen Dingen frei ſein;
110 3955 1142 3997 ſie iſt ein Staat für ſich und kann ſich dem politiſchen
110 3994 1143 4034 Staat nicht unterordnen, ſondern in Freiheit und Gleichheit
110 4031 1140 4074 müſſen beide neben einander beſtehen. So verſtehe ich es, und
111 4069 1142 4115 darum werde ich auch mit freier Gewiſſensüberzeugung nachgeben
107 4109 1146 4152 in dieſem Streite der Biſchöfe! Das Placetum regium ſoll ab⸗
109 4147 1142 4192 geſchafft werden, die Biſchöfe ſollen nicht mehr gehalten ſein, für
110 4181 1145 4229 die päpſtlichen Verordnungen in Kirchenſachen erſt die Genehmi⸗
105 4225 1142 4270 gung des Staates einzuholen, bevor ſie dieſelben in ihren Kirchen
110 4265 1143 4305 publiciren dürfen. Und ferner will ich auch darin nachgeben, daß
109 4304 1142 4345 die Kirche die Ehe nur auf ihre eigenen Bedingungen einſegnen
112 4341 1143 4387 darf, wie ſolches die frommen Biſchöfe verlangen und als ihr
112 4376 1141 4425 heiliges Recht begehren. Der Staat hat ſich in dieſe Gewiſſens⸗
112 4421 1143 4462 und Geiſtesangelegenheiten gar nicht einzumiſchen und muß es
112 4457 1141 4503 den Prieſtern überlaſſen, ſich in dieſen Dingen zu einigen
113 4496 1142 4541 mit dem Volke. Ich will die Gewiſſen frei machen,
113 4535 1141 4581 hören Sie wohl, Rochow. Und aus demſelben Grunde,
114 4575 1139 4618 aus welchem ich allen Biſchöfen und der katholiſchen Kirche ihre
113 4614 1141 4657 Rechte wiedergebe, will ich auch den Lutheranern ihre Rechte
113 4651 1141 4696 ſichern und wiedergeben. Alle Gotteshäuſer waren bedroht und
114 4688 1145 4732 überall loderten die Flammen der Zwietracht auf; ich will alle
112 4730 1143 4773 Gotteshäuſer ſchützen und will die feindſeligen Flammen mit der
114 4767 1141 4811 Liebe Gottes dämpfen und zur Ruhe bringen. Die Lutheraner
113 4802 1140 4854 ſollen nicht mehr gezwungen werden, ſich der reformirten Landes⸗
115 4845 1142 4893 kirche anzuſchließen. Wir werden ihnen eine General⸗Conceſſion
110 4883 1145 4930 ertheilen, durch welche ſie vor allen Verfolgungen geſchützt wer⸗
114 4923 1141 4967 den und frei in ihrer Kirche beten dürfen zu dem Herrn, ihrem
115 4961 1142 5006 Gott, wie es ihnen beliebt. Ich will gerecht ſein, wie Sie ſehen,
113 5000 1144 5045 Rochow, gerecht nach allen Seiten hin. Ich will aber auch zu⸗
1186 3350 2214 3395 gleich ein Zeugniß geben, daß mir der Glaube und die Kirche
1180 3390 2213 3433 heilig ſind. Ich habe viel geforſcht, dieſe Fragen viel erwogen und
1187 3428 2214 3470 viel gelernt aus den Büchern der Geſchichte, und bin endlich
1181 3467 2213 3512 zu der feſten und unerſchütterlichen Ueberzeugung gekommen, daß
1186 3506 2215 3549 gegen die Schäden der Zeit kein anderes Mittel mehr wirkſam iſt,
1183 3540 2215 3589 als das wahrhaft lebendige Chriſtenthum, mag es nun ſich luthe⸗
1186 3583 2215 3627 riſch, evangeliſch oder katholiſch nennen. Ich weiß, was die Re⸗
1187 3621 2215 3665 volution iſt, und ich habe es aus den Büchern der Geſchichte
1187 3661 2216 3704 klar erkannt, daß gegen die Revolution nicht zu ſtreiten iſt mit
1188 3698 2215 3743 menſchlichen Waffen, daß nur Einer ihr Meiſter und ſtark genug
1183 3738 2221 3783 iſt, ſie zu bändigen; dieſer Eine iſt Jeſus Chriſtus, der Ge⸗
1188 3777 2216 3820 kreuzigte! Dem diene ich aus treuem Herzen, und deſſen Kirche
1187 3816 2217 3859 zu ſchützen und zu ſchirmen, das habe ich mir ſelber gelobt in
1188 3855 2216 3896 der erſten Stunde, da ich von Gott und dem Heilande berufen
1188 3894 2216 3937 war, die Krone Preußens zu tragen. Und dieſes Gelübde, das
1188 3932 2216 3976 glauben Sie mir, Rochow, das werde ich halten bis zu der letz⸗
1188 3971 2217 4013 ten Stunde meines Lebens. Chriſto, dem Gekreuzigten, will ich
1186 4009 2217 4054 dienen mit meinem ganzen Hauſe. Die Religion iſt die einzige
1185 4049 2216 4093 und beſte Schutzwehr gegen das Böſe, und der Teufel wird
1186 4088 2216 4132 machtlos und ohnmächtig, wenn man ihm das heilige Zeichen des
1187 4129 1537 4171 Kreuzes entgegenhält.“
1258 4173 2216 4216 Und während er ſo ſprach, ſtrahlte das Angeſicht des Kö⸗
1187 4211 2216 4255 nigs in frommer Begeiſterung, und ſeine Augen hefteten ſich
1187 4249 2220 4293 mit einem entzückten Ausdrucke auf das Bild dort drüben, auf
1187 4290 2163 4331 die ſchöne und wohlgelungene Copie der Disputa von Rafael.
1267 4336 2215 4381 „Sehen Sie,“ rief der König mit lauter Stimme, „ſehen
1187 4375 2217 4419 Sie, dies iſt das Ideal, dem ich nachſtrebe, und das immer vor
1187 4414 2217 4457 meinem inneren Auge ſtrahlt und glänzt! Wie dort Chriſtus ſitzt
1186 4455 2215 4495 inmitten der Gewaltigen und der Großen, ſie Alle überſtrahlend
1186 4491 2215 4534 und Allen doch ausſtrahlend von ſeinem Lichte, ſie Alle ſo
1186 4531 2216 4573 überragend, daß vor ihm die Großen zuſammenſchrumpfen zu
1186 4570 2216 4610 Zwergen und die Klugen verdummen und von ihm ihre Weisheit
1187 4610 2216 4648 erhalten, ſo ſoll auch in meinem Staate Chriſtus ſitzen inmitten
1186 4646 2215 4689 all der Großen und Mächtigen, ſoll da ſitzen auf ſeinem Throne,
1182 4685 2220 4728 und wir wollen uns neigen vor ſeiner Majeſtät und ſeiner Herr⸗
1186 4722 2217 4766 lichkeit. Dahin gedenke ich mein Volk zu führen, daß es mit mir
1186 4761 2216 4808 gläubig, ſelig und beglückt durch ſeine Nähe auf ſeinen Knien
1186 4799 2216 4843 liegt vor dem geiſtigen Chriſtus und anbetet in dem Sohne die
1181 4835 2218 4882 Herrlichkeit des Vaters und empfangen will von ihm die Läute⸗
1185 4876 2216 4921 rung und die Weihe des Glaubens und der Erkenntniß, in wel⸗
1186 4917 1981 4960 cher untergehen alle Vernunft und aller Verſtand.“
1256 4950 2219 4997 Er hob die beiden Arme zu dem Bilde empor, und in ſeiner
1183 4991 2221 5040 Verzückung hatte der König es ganz vergeſſen, daß er nicht allein
2256 3340 3288 3389 war, nicht mit ſich ſelber und dem Chriſtus dort auf dem Bilde
2254 3380 3288 3429 ſprach. Er ſtand immer noch da in ſeliger Begeiſterung und achtete
2257 3418 3288 3464 gar nicht auf dieſen Mann, der hinter ihm nahe an der Thüre
2249 3454 3289 3507 ſtand und mit gerunzelter Stirn und düſterer Miene hinſchaute
2257 3496 3291 3540 auf den begeiſterten König. Ein leiſes Hüſteln erinnerte Friedrich
2251 3536 3292 3580 Wilhelm endlich daran und rief den König zurück in die Gegen⸗
2257 3573 3296 3621 wart. Er ließ die erhobenen Arme ſinken und trat von dem Bilde
2257 3620 2353 3660 zurück.
2338 3651 3289 3698 „Sie wiſſen nun, was mein Ideal iſt,“ ſagte er kurz und
2259 3694 3058 3738 haſtig. „Wollen Sie mir helfen, es auszuführen?“
2338 3737 3289 3785 „Ich kann nur thun, was in meinen Kräften iſt,“ erwiderte
2259 3782 2716 3823 der Miniſter, ſich verneigend.
2338 3813 3291 3863 „Und was meinen Sie, daß in Ihren Kräften iſt?“ fragte
2259 3859 2433 3900 der König.
2339 3891 3292 3937 „Ich kann nur danach trachten, die Ordnung aufrecht zu er⸗
2260 3929 3291 3977 halten und darüber zu wachen, daß der Geiſt der Rebellion und
2260 3969 3290 4016 Revolution nicht ſein Haupt erhebe und ſich die Macht anmaße.
2259 4008 3291 4054 Aber,“ fügte der Miniſter mit leiſer Stimme hinzu, „aber, das
2260 4045 3292 4093 wird freilich ſchwierig werden, wenn Eure Majeſtät ſelber dieſen
2261 4086 3293 4132 Geiſt des Aufruhrs und der Rebellion begnadigen und ihn ſomit
2260 4124 3293 4170 befreien von den Feſſeln, welche wir geglaubt haben, ihm anlegen
2261 4163 3292 4211 zu müſſen. Es ſind zu viele aufrühreriſche Köpfe unter den Ge⸗
2262 4201 3294 4251 fangenen, die nun durch das Gnadenwort Eurer Majeſtät befreit
2260 4246 2615 4287 werden ſollen und —“
2340 4278 3292 4326 „Genug, genug“, unterbrach ihn der König, „ich habe keine
2260 4318 3292 4367 Furcht vor den aufrühreriſchen Köpfen und es hilft Ihnen nichts,
2260 4354 3294 4404 mich daran zu erinnern. Ich bin entſchloſſen, die Amneſtie zu
2255 4397 3293 4443 geben. Alſo laſſen wir das und führen Sie aus, was ich Ihnen
2259 4435 3295 4482 geſagt. Fügen Sie die nöthigen Geſetzesſtellen, welche Sie zur
2261 4473 3294 4519 Rechtfertigung der vorigen Regierung nothwendig halten, hinzu
2260 4512 3294 4556 und dann legen Sie mir das Papier zur Unterſchrift vor. Geben
2260 4550 3295 4596 Sie ſich nicht die Mühe, ändern zu wollen oder zu glauben, daß
2261 4589 3295 4632 ich noch anderen Sinnes werden möchte. Ich habe mir in der
2260 4626 3295 4672 Stunde, da ich mich zum erſtenmale als König denken mußte,
2260 4663 3293 4711 dieſes Gelübde gethan, daß ich verſöhnen will, was vielleicht allzu
2261 4705 3295 4751 hart geſchehen iſt, und ich breche meine Gelübde nie. Es muß
2260 4746 2937 4793 alſo ſein. Fügen Sie ſich darein, Rochow!
2340 4784 3294 4828 „Ich bitte Eure Majeſtät, nur noch mir eine Frage zu ge⸗
2256 4823 3110 4869 ſtatten, zur Erläuterung jenes wichtigen Documents.“
2341 4868 3298 4921 „Nun denn, fragen Sie! Ich glaubte, mich deutlich und klar
2261 4906 3297 4951 ausgedrückt zu haben, und ſehe doch nun zu meinem Erſtaunen,
2260 4946 3294 4990 daß ſich überall deuteln und überall Uuklares heraustüfteln läßt.
2260 4987 3262 5035 Alſo fragen Sie.“ (Fortſetzung folgt.)
