3488 5358
155 177 324 220 Seite 24
738 169 1025 218 Wien, Samstag
1484 163 2079 211 Neue Freie Presse.
2447 158 2674 200 1. Juli 1911
3064 157 3268 198 Nr. 16830
445 379 1790 431 Wir erfüllen hiemit die traurige Pflicht, von dem am
265 455 1789 511 28. Juni 1911, nachts, nach schwerer Krankheit im 60. Lebens-
261 536 1121 604 jahre erfolgten Ableben des Herrn
264 665 1789 939 Moritz Koralek
543 941 1531 982 Fabrikanten in Topkowitz a. d. Eibe
268 1051 746 1109 Kenntnis zu geben.
444 1121 1796 1185 Die Beerdigung des teueren Verstorbenen findet Sonntag
272 1193 1794 1263 den 2. Juli von der städtischen Leichenhalle aus auf dem
261 1276 1346 1340 israelitischen Friedhofe in Bodenbach statt.
449 1364 1190 1424 Bodenbach, 29. Juni 1911.
676 1476 1402 1533 Ottilie Koralek, Gattin.
273 1552 1794 1619 Arthur Koralek, Ernst Koralek, Lilly Koralek,
950 1628 1125 1671 Kinder.
275 1699 1800 1765 Anna Koralek (Budyn), Antonie Eisenstein
300 1770 1764 1848 (Theresienstadt), Kathi Engl (Bodenbach), Schwestern.
505 1841 1570 1919 Rosa Stein (Teplitz), Schwiegermutter.
264 1924 1804 2005 Ida Rubin (Meran), Anna Koralek (Leitmeritz),
848 2002 1223 2062 Schwägerinnen.
499 2063 1584 2153 Joachim Koralek (Budyn), Schwager.
330 2181 1748 2299 Kranzspenden werden dankend abgelehnt.
345 2567 1738 2667 Statt jeder besonderen Anzeige.
399 2726 1837 2777 Frau Henriette Seidl geb. Bermann gibt, vom tiefsten Schmerze
257 2778 1839 2832 gebeugt, in ihrem eigenen sowie im Namen sämtlicher Familienmitglieder Nachricht
246 2825 1843 2890 von dem Hinscheiden ihres innigstgeliebten, unvergesslichen Gatten, resp. Vaters,
259 2885 1247 2937 Bruders, Grossvaters und Schwiegervaters, des Herrn
404 2975 1704 3209 Sami Seidl
257 3240 1853 3311 welcher Freitag den 30. Juni 1911 um ½ 1 Uhr mittags nach kurzem Leiden in
255 3310 1119 3364 seinem 54. Lebensjahre sanft entschlafen ist.
407 3376 1844 3429 Die Beerdigung des teuren Verblichenen findet Sonntag den 2. Juli um
267 3428 1844 3483 ½ 11 Uhr vormittags von der Leichenhalle des Zentralfriedhofes (israelitische
267 3492 646 3536 Abteilung) aus statt.
407 3557 890 3599 Wien, den 1. Juli 1911.
2158 332 3202 375 Schmerzerfüllt und tiefbetrübt geben die Unterzeichneten Nachricht von
2055 376 2898 419 dem Hinſcheiden ihres geliebten Seniorchefs, des Herrn
2140 463 3114 755 Sami Seidl
2037 793 3102 842 welcher uns durch jähen, unerwarteten Tod geſtern entriſſen wurde.
2161 849 3206 890 Wir verlieren nicht nur einen wahrhaft väterlichen Freund, ſondern
2057 892 3206 933 einen Mann, deſſen glänzende Charaktereigenſchaften jedem das Beſtreben
2057 937 3208 979 zur Nacheiferung erweckte und der ſich hiedurch ein unverlöſchbares Andenken
2058 985 2414 1019 in aller Herzen errang.
2162 1044 2511 1081 Wien, 1. Juli 1911.
2507 1097 3214 1170 Das Personal der Firma Seidl & Back.
2118 1419 3161 1476 Statt jeder besonderen Anzeige.
2167 1577 3210 1617 Wir geben hiemit die tieferschütternde Nachricht, dass unser ge-
2063 1625 2434 1660 liebter Seniorchef, Herr
2156 1713 3120 1840 Sami Seidl
2067 1891 3214 1932 Freitag den 30. Juni 1911 um ½ 1 Uhr mittags nach kurzem Leiden im
2067 1937 2648 1973 54. Lebensjahre sanft entschlafen ist.
2172 1987 3213 2025 Wir verlieren in dem uns so jäh Entrissenen nicht nur einen
2069 2030 3215 2070 treuen Berater und Führer, sondern einen geliebten Freund, dessen An-
2070 2077 2772 2113 denken uns stets unvergesslich bleiben wird.
2744 2147 3105 2184 Seidl & Back
2673 2196 3172 2235 Wien, I., Werdertorgasse Nr. 4.
2005 2411 2094 2437 N. F. P.
2000 2450 2109 2494 SCHUTZ
2317 2406 2369 2436 11.
2284 2454 2387 2492 MARKE.
2002 2564 2385 2599 Jedem ergrauten Haare die
2003 2596 2379 2625 ursprüngl. natürl. schwarze,
2004 2621 2379 2652 braune, châtain oder blonde
2004 2646 2380 2672 Haarfarbe binnen 15 Minuten
2003 2674 2376 2703 wiederzugeben, empfiehlt sich
2004 2700 2380 2726 der 1870 mit k. u. k. ausschl.
2063 2726 2317 2758 Priv. ausgezeichnete
2015 2759 2379 2880 Nuss-Extrakt
2006 2887 2382 2915 welcher, aus der grünen Nuss-
2006 2913 2382 2940 schale bereitet, die einfachste,
2008 2938 2383 2968 beste und garantiert völlig un-
2005 2965 2383 2991 schädliche Haarfarbe ist, welche
2006 2991 2383 3016 das Haar haltbar u. echt färbt,
2007 3016 2383 3042 ohne dass die Farbe beim
2055 3044 2330 3070 Waschen heruntergeht.
2009 3067 2387 3095 1 Fl. Nuss-Extrakt K 6 u. 3
2009 3094 2386 3121 1 Etui m. 6 Probe-Fläsch. 7.50
2008 3120 2385 3152 Nuss-Milch, Haar-Rég. 6 u. 3
2006 3146 2385 3175 Nuss-Pom. u. Nuss-Oele 4 u. 2
2006 3173 2386 3202 Nuss-Pasta z. Schatt. d. Bart. 2
2009 3197 2386 3226 Nuss-Extr.-Double, Bartf. 6 u. 4
2007 3224 2387 3253 Echt zu beziehen vom Erfinder
2012 3252 2389 3299 A. Maczuski
2008 3302 2396 3335 Wien, III/2, Erdbergerlände 2
2006 3332 2392 3359 vis-à-vis d. Sophienbrücke, ferner
2011 3357 2387 3385 in der Alten Salvator-Apotheke,
2008 3383 2387 3412 l., Kärntnerstrasse Nr. 16; bei
2013 3409 2388 3437 M. E. Mayer, k. u. k. Hof-
2009 3432 2388 3463 lieferant, l., Graben 17, l.,
2007 3460 2388 3491 L bkowitzplatz 1; M. Wallace,
2012 3483 2392 3514 k. u. k. Hoflieferant, l., Kärntner
2009 3512 2393 3542 strasse 30; Drogerie: l., Lichten-
2152 3536 2249 3566 steg 3.
2011 3562 2400 3594 Warnung vor Nachahmungen !
2335 3537 2404 3561 13500
1983 3642 2250 3683 Echte Briefmarken.
2273 3635 2413 3662 Preisliste
2248 3662 2426 3691 gratis sendet
1984 3694 2429 3730 August Marbes, Bremen.
2560 2518 2783 2609 Dr Pierre
2477 2937 2854 3010 EAU DENTIFRICE
2477 3001 2858 3078 DU DOCTEUR PIERRE
2475 3049 2865 3122 DE LA FACULTÉ DE MÉDECINE DE
2588 3131 2746 3175 PARIS
2523 3213 2815 3279 GRAND PRIX
2607 3284 2741 3336 1900
2941 2370 3324 2411 Die Arbeiten von Koch
2905 2410 3328 2446 Pasteur, Cumberland,
2905 2442 3329 2481 bestätigen die Heilkunst
2906 2480 3328 2512 der Alten welche die
2907 2519 3328 2549 aromatischen Gewürze
2908 2554 3328 2590 als Antiseptik gebrauch-
2907 2589 3329 2623 ten. Die aromatischen
2906 2627 3328 2656 Essenzen des Pflanzen-
2907 2662 3329 2698 reiches sind als Antiseptik
2909 2699 3329 2735 den phenischen Produk-
2908 2734 3331 2771 ten 10 mal überlegen,
2909 2767 3330 2806 schonen den Magen und
2908 2805 3329 2841 greifen die Schleimhäute
2908 2844 3061 2877 nicht an.
2962 2904 3329 2953 Die Zahnmittel
2909 2973 3332 3021 des Docteur Pierre
2909 3042 3332 3075 von der med. Facultät in
2908 3083 3333 3118 Paris, sind streng anti-
2910 3123 3334 3160 septisch hergestellt unter
2909 3165 3334 3199 Verwendung von aroma-
2909 3203 3334 3240 tischen vegetalischen
2909 3246 3077 3274 Essenzen.
2908 3302 3334 3325 Man verlange Muster gratis und franko
2930 3348 3315 3399 8, Place de l'Opéra, PARIS.
2468 3428 2988 3544 Etablissement Kointsch
3039 3430 3290 3474 Bade- und Kurort
2988 3479 3349 3541 Velden am Wörthersee
2475 3557 3334 3591 Familienhaus erſten Ranges. Prachtvolle, ruhige, ſtaubfreie, erhöhte
2474 3584 3335 3619 Lage, herrliche Ausſicht auf das große obere Wörtherſeebecken, das
2475 3610 3337 3643 Hochgebirge der Karawanken ſowie auf die Villacher Alpen, Hoch⸗
2484 3637 3338 3671 quellenwaſſerleitung, elektriſches Licht, Bäder im Hauſe, Reſtau⸗
2479 3664 3335 3695 rant mit vorzüglicher Wiener Küche im Nachbarhauſe. Proſpekte
2477 3693 2922 3722 gratis und franko. Preiſe mäßig.
3251 3692 3335 3719 12170
214 3809 1132 3928 Frühlingstaumel.
373 3954 970 3999 Roman von Gabriele Reuter.
560 4028 781 4064 (64. Fortſetzung.)
238 4097 1187 4150 Sie begriff im Tiefſten jenen Schrei der Dichterin
159 4145 1120 4196 bei der Berührung des eben noch ſo heiß Geliebten:
420 4229 751 4269 Nicht berühre mich !
414 4264 893 4317 Ich bin den Göttern heilig.
240 4342 1192 4396 Es war wie ein Flehen des eigenen unendlichen
141 4388 1193 4439 Verlangens nach Ruhe, nach Frieden, nach einem letzten
162 4431 1194 4487 Sieg und Ende, das ſie an den Lenker ihres Schickſals
161 4479 989 4528 richtete, wenn ſie Sapphos Gebet wiederholte:
250 4566 873 4612 O gebt nicht zu, daß eure Prieſterin
247 4605 964 4653 Ein Ziel des Hohnes werde eurer Feinde,
253 4645 997 4693 Ein Spott des Toren, der ſich weiſe dünkt.
253 4682 1104 4733 Ihr bracht die Blüten, brechet auch den Stamm !
259 4724 979 4770 Laßt mich vollenden ſo wie ich begonnen,
258 4762 992 4807 Erſpart mir dieſes Ringens blut'ge Qual.
260 4798 1107 4849 Zu ſchwach fühl ich mich, länger noch zu kämpfen,
260 4838 1042 4893 Gebt mir den Sieg, erlaſſet mir den Kampf !
248 4999 1201 5048 Und ſie fühlte es wie ein triumphierendes Sieges⸗
169 5043 1201 5096 gefühl die Bruſt durchdringen bei dem letzten begeiſterten
166 5099 270 5142 Ruf:
265 5168 967 5214 Die Flamme lodert und die Sonne ſteigt,
265 5203 1129 5253 Ich fühl's, ich bin erhört ! Habt Dank, ihr Götter !
1305 3761 2261 3807 Es überkam ſie oft ein Ahnen, während ſie das Ge⸗
1231 3807 2260 3854 ſchick dieſer tragiſchen Figur in ſich nachſchuf, durch Worte,
1232 3850 2263 3900 Geſten, Tränen und Blicke es zu einer ephemeren Auf⸗
1233 3894 2262 3943 erſtehung weckend, wenn ſie mit Sappho in den Meeres⸗
1236 3938 2266 3986 fluten untergetaucht ſei, wie auf den tiefſten Grund des
1232 3983 2263 4029 Schmerzes, könne ſie als Elena Schneider das Leben
1229 4028 2267 4076 wieder neu beginnen! Die Bühne mit ihren altbekannten
1236 4071 2266 4119 Erinnerungen und Erregungen begann ihr wieder farbig
1236 4116 2266 4164 und lockend zu werden; ein feiner Nebel der Entfernung
1236 4159 2266 4208 legte ſich vor die Qual der letzten Wochen. Sie ſehnte
1236 4196 2267 4251 ſich nach der Entſchlußkraft, dem Zaudern ein Ende zu
1239 4251 1936 4296 machen — mit ſich ſelbſt abzuſchließen.
1319 4291 2271 4341 „Ich wollte, ich könnte ſchon heute anfangen, wieder
1239 4336 2268 4383 Theater zu ſpielen,“ rief ſie einmal. „Wären nur erſt die
1239 4379 2269 4429 grauen Novembertage da... Ich brauche den Lärm und
1238 4423 2273 4473 das Menſchengejage in der Leipzigerſtraße — ich
1240 4464 2270 4515 brauche den Gas⸗ und Staub⸗ und Pudergeruch hinter
1241 4512 2265 4563 den Couliſſen... Ach, Droſſel — ich verlange nach dem
1241 4556 2264 4606 Zank mit der Garderobiere und dem Fieber der Premièren,
1241 4600 2274 4648 nach dem ganzen aufgeregten und doch ſo nüchternen Zu⸗
1242 4644 2272 4691 ſtande der Berliner Winterſaiſon, in der wir niemals
1243 4688 2273 4736 dazu kommen, wir ſelbſt zu ſein... Und — du — ich
1247 4732 2274 4779 glaube, meine Sappho wird etwas! — Ich habe Töne
1238 4776 1949 4832 gefunden, vor denen ich erſchrecke...“
1325 4827 2278 4878 Sie zog die Brauen zuſammen, ihr Geſicht bekam
1245 4872 2278 4921 hiedurch etwas Finſteres, Entſchloſſenes. „ ... Man iſt
1234 4917 2275 4967 ja ſchamlos —“ ſprach ſie langſam. „Ha — es iſt eine
1247 4959 2278 5006 ſolche Erlöſung, ſchamlos ſein zu dürfen!“ Ihre Stimme
1238 5005 2279 5059 ſchwang ſich mit den Worten — aus der Tiefe, gleichſam
1249 5049 2278 5101 aus der Dunkelheit, auf zu einem hellen, harten Jubel.
1330 5100 2277 5150 Die Droſſel blickte ſie an. „Elena,“ ſagte ſie ernſt,
1250 5145 2279 5197 „du gehörſt doch auf die Bühne. Wie du das eben ge⸗
1249 5186 2280 5241 rufen haſt... das macht dir ſo leicht keine andere nach.“
2642 3763 3003 3800 Zwanzigſtes Kapitel.
2390 3813 3336 3858 Als Heinrich Tiſſow die breiten Marmortreppen des
2312 3857 3339 3903 alten Palazzo hinaufſtieg, um ſchließlich an der be⸗
2299 3902 3339 3948 ſcheidenen Penſion, wo Elena Schneider wohnte, die
2309 3946 3339 3992 Klingel zu ziehen, fragte er ſich in einer halb be⸗
2313 3989 3339 4036 klommenen, halb freudigen Spannung, ob er dieſe
2312 4034 3339 4079 Treppen als ein Mann, der ſich und ſein Leben an eine
2308 4078 3341 4129 Frau gebunden hatte, wieder hinabſteigen würde? Er
2313 4122 3340 4167 war ſeines Gefühles zu ihr ſo wenig ſicher, als er ſich
2314 4165 3341 4211 ihrer Liebe gewiß glaubte. Er befand ſich keineswegs in
2312 4210 3342 4256 jenem Wirbel von Leidenſchaft, der nichts mehr wiſſen
2313 4254 3335 4300 will, als die Begierde nach dem Beſitz dieſes einzigen
2314 4296 3343 4344 Weibes. Aber er ſehnte ſich von Tag zu Tag inbrünſtiger
2316 4341 3342 4385 nach der Ueberflutung ſeines kühlen Weſens durch eine
2319 4385 3341 4430 Leidenſchaft, wie nach dem köſtlichſten Erlebnis. Was er
2317 4428 3345 4475 bisher an Frauengunſt genoſſen, ſchien ihm gleichgiltig
2319 4474 3346 4517 und banal neben dem, was er in Elena erwartete, wenn
2318 4516 3343 4562 endlich ihre Zurückhaltung überwunden werden würde
2321 4560 3348 4606 von der Glut der Hingabe. Neulich, als er bei ſeinem
2322 4604 3348 4652 Erſcheinen das Aufglänzen ihrer Augen, dieſe roſigen
2321 4649 3347 4695 Flammen auf ihren Wangen geſehen hatte, war eine
2318 4693 3349 4738 Welle von Glück über ſein Herz geſchlagen — wie göttlich
2323 4734 3349 4783 entzückend mußte es ſein, ſtatt der pflichthaften, Zärtlich⸗
2321 4779 3350 4827 keit, die er bei den gefälligen Mädchen in Oſtpreußen ſo
2322 4823 3349 4868 manches Jahr gefunden hatte, in freier Wahl von einen
2321 4866 3348 4920 gleichſtehenden Frauenperſönlichkeit auserkoren zu werden
2323 4912 3345 4956 unter all den vielen, die ihr nahten! Er war ein Mann
2326 4953 3350 5001 von ſtarker Sinnlichkeit, der ein Weib begehren konnte,
2324 4998 3349 5046 wenn er auf der Straße an ihm vorüberging und eine
2326 5040 3346 5091 Bewegung ihres Körpers ſeine Luſt erweckte. Elena
2327 5088 2507 5134 gefiel ihm.
2716 5127 2985 5186 (Fortſetzung folgt.)
