3168 4827
213 114 752 178 Samstag den 1. Juli 1911.
1285 101 1827 159 Innsbrucker Nachrichten
2507 59 2899 118 Nr. 148. Seite 29.
964 186 2160 342 Neu eröffnet!
429 360 2710 1031 Grand Bazar
187 1007 2982 1220 Burggraben 23 Innsbruck Burggraben 23
1418 1193 1747 1247 En detail
235 1242 2934 1519 Spezial-Artikel in —.50, 1, 2, 3, 4 und 5 Kronen!
451 1568 994 1628 Galanterie-, Spiel-, Leder-
540 1624 907 1680 und Papierwaren.
1127 1542 2070 1607 Haus- und Küchen-Geräte
1087 1602 2114 1673 Glas-, Porzellan-, Email-, Aluminiu - u. Korbwaren
2184 1517 2780 1582 Reise- und Turisten-, Sport-,
2181 1569 2782 1636 Luxus- und Toilette-Artikel.
216 1740 1499 1831 Streng reelles Vorgehen. — — Feste Preise.
241 1813 1474 1894 Auf jedem Gegenstand von der Kunde leserlicher Preis.
221 1877 1500 1948 Freie Besichtigung ohne Kaufzwang. Preise im Schaufenster.
2037 1709 2669 1784 Staunend billige Preise
2035 1776 2647 1842 bei nur regulärer Ware.
1703 1822 2992 1922 Eigene Abteilung für 50 Heller- u. 1 K-Artikel.
455 1915 2760 2044 ☛ Geschäftsprinzip: Kleiner Verdienst, grosser Umsatz! ☚
594 2010 2621 2277 Hans Mahlknecht
842 2248 2382 2350 Filialen in Meran, Bregenz und Dornbirn.
2840 2229 2966 2274 J4141
491 2459 1995 2540 Tiefgerührt von den vielen Bewe ſen herzlicher Teilnahme, welche mir anläßlich der
327 2506 1992 2589 Krankheit und des Hinſcheidens meines innigſtgeliebten Gatten, reſp. Schwagers, Onkels und
337 2576 1073 2633 Schwiegerſohnes, des wohlgebornen Herrn
689 2633 1657 2808 Jakob Ladſtätter
742 2796 1612 2871 Beamter der Firma Ingenieur Riehl,
336 2862 2003 2949 zuteil wurden, bin ich außerſtande, jedem einzelnen zu danken. Ich ſpreche daher auf dieſem
339 2907 2004 2994 Wege allen und jedem meinen innigſten Dank aus. Insbeſonders danke ich ſeinem Chef, Herrn
341 2949 2006 3037 Ingenieur Riehl, für ſein menſchenfreundliches Entgegenkommen und Teilnahme, ſeinem uner⸗
342 2994 2008 3078 müdlichen behandelnden Arzt, Herrn Dr. Brixa, der hochw. Geiſtlichkeit für die tröſtenden Kran⸗
346 3039 2009 3124 kenbeſuche, der hochverehrten Familie Poſtkontrollor Fink, den Herren Ingenieuren und Beamten
347 3082 2013 3168 der Firma Ing. Riehl, den Spendern der ſchönen Kränze und Blumen und für die zahlreiche
346 3126 2011 3215 Beteiligung am Leichenbegängniſſe. Ich bitte, dem unvergeßlich Dahingeſchiedenen ein frommes
344 3207 763 3256 Andenken zu bewahren.
514 3247 1121 3305 Innsbruck, am 30. Juni 1911.
1005 3295 1350 3355 In tiefſter Trauer:
810 3354 1554 3433 Wwe. Marie Ladſtätter
854 3424 1525 3483 im Namen aller übrigen Verwandten.
362 3504 1389 3569 „Pietät“ Matthäus Winkler junior, Maria Thereſienſtraße Nr. 22.
1890 3414 2011 3458 J4136
308 3639 2095 3827 Techn. Massage-Klinik Lindengarten.
270 3804 2116 3935 Heiden, Schweiz. Prachtvoller Höhenkurort.
679 3907 1696 3995 Wissenschaftliche Spezialkur für
279 3964 2116 4084 Herz-, Nieren-, Leber-, Gallen-, Magen-, Blasen-, Rheumatik- u. Kehlkopfleiden.
441 4048 2113 4130 Jeder Kranke dieſer ſchweren Fälle, ſpeziell bei Herz und Niere, erreicht die Geneſung ohne Rückfall, ſofern
287 4089 2114 4170 das Leiden nicht zu weit vorgeſchritten und nach ärztlicher Unterſuchung unheilbar erſcheint und ſomit eine Aufnahme
286 4124 2117 4208 nicht erfolgen kann. Die Klinik führt eine kräftige, gute Küche, praktiſche Badeeinrichtung mit verſchiedenen Extraktzu⸗
285 4155 2122 4246 ſätzen, jedem Leiden angepaßt. Wirkſame Heilmittel, welche die Blutſäftemaſſen ſchmerzlos unterſtützen und reinigen,
290 4195 2120 4275 auch wird das exotiſche Pflanzenſerum angewendet, mit Wickeln, bei welchen die kranken Stoffe auf dem natürlichen Wege
290 4229 2117 4313 ausgeſchieden werden. Der bekannte Höhenkurort Heiden mit ſeiner ſauerſtoffreichen Wald⸗ und Seeluft trägt viel zur
293 4268 2117 4346 Geneſung der Patienten bei. Bemerkt ſei noch, daß der Kranke die Vorſchriften genau zu befolgen hat, da die Kur und
291 4304 2117 4385 Behandlung große Mühe und Arbeit erfordert, um die Geneſung zu erreichen, nach welcher kein Rückfall mehr zu be⸗
289 4340 2119 4419 fürchten iſt. Alles weitere in Proſpekten, wofür briefliche Anfragen zu richten ſind. Aerztliche patent. Oberleitung.
293 4370 2129 4461 Leiter der Maſſage iſt der bekannte Maſſageſpezialiſt H. Schuſter, der vormals in Wien in ſeinem Berufe tätig war.
1965 3904 2115 3954 632-4ʃ3
2098 2321 3019 2602 Sport⸗Wägen
2499 2592 3020 2650 inländiſches u. deutſches Fabri⸗
2500 2640 3024 2695 kat in großer Auswahl von
2547 2704 2966 2854 10 K
2682 2881 2852 2934 aufwärts.
2627 2938 2925 2994 Möbelfabrik
2172 3000 2937 3163 Michael Brüll
2467 3168 2807 3214 Anichſtraße 7.
2124 3175 2245 3220 J1932
2839 3238 3037 3290 13125=4ʃ3
2356 3243 2798 3348 Kartoffel.
2172 3339 3028 3399 Neue Roſenerdäpfel (Speiſekartoffel) 100 Kilo ab
2130 3383 2986 3442 Trieſt 10 K, verſendet Franz Roſenkranz, Trieſt.
2179 3519 2991 3627 Vadien und Kautionen
2185 3614 2989 3676 beſtellt, als Kaution haftende Verdienſtrückläſſe
2180 3659 2992 3718 übernimmt, Baukredite gewährt, Bauarbeiten
2181 3702 2993 3766 finanziert, II. Hausſätze (an Kaufleute) gewährt
2208 3757 2964 3827 Vadium- und Kautions-Anſtalt
2236 3821 2930 3879 Wien, I., Wipplingerſtraße 2.
2825 3866 3000 3899 .762—10ʃ ½
2206 3979 2970 4082 Gelegenheitskauf.
2184 4077 3052 4137 Krankheitshalber iſt ein altrenommiertes, neu⸗
2137 4121 3053 4180 renoviertes, gutgehendes Gaſthaus mit elektr. Licht,
2137 4166 3050 4230 Waſſerverſorgung, mit Tanz⸗ u. Speiſeſaal, ſchönem,
2138 4211 3048 4271 ſchattigem Garten, Oekonomie und Wirtſchaftsein⸗
2140 4255 3052 4314 richtung für über 200 Perſonen, ſofort preiswürdig
2142 4299 3056 4361 zu verkaufen. Adreſſe erliegt in der Verwaltung
2141 4355 2596 4406 d. Bl. unter Nr. 13120.
2977 4349 3056 4395 3ʃ8
