3345 5259
1378 65 1841 160 Neue
736 203 2527 535 Freie Presse.
1442 599 1817 669 Abendblatt
28 48 646 87 Redaction, Administration & Druckerei:
132 87 547 113 Kolowrat-Ring, Fichtegasse Nr. 11.
62 106 619 137 Unfrankirte Briefe werden nicht angenommen.
123 145 540 177 Ankündigungs-Bureau:
214 173 448 196 Stadt, Wollzeile 20.
93 194 571 219 Insertionspreis nach aufliegendem Tarif.
25 217 643 246 Inserate übernehmen i. Auslande: Havas Laffite, Bul-
24 240 641 268 lier & Co. in Paris; Herm. Ch. Panzer 93 London-Wall,
26 263 639 291 in London; Haasenstein & Vogler in Hamburg.
29 287 639 309 Berlin. Frankf. a. M. u. Basel: Südd.Annon-
28 308 639 333 cen-Bur. in Stuttgart; G.L. Daube & Co. in Ham⸗
25 330 639 357 burg u. Frankf.a.M. ; Jäger'sche Buchh. u. Chr.
29 351 639 379 Herrmann'sche Buchh. in Frankf. a. M.: K. Schüss-
24 375 641 401 lerin Hannover; Stahel's Annonc.-Bur. i. Würz-
27 396 638 426 burg; Eugen Fort u. H. Engler in Leipzig; F. W.
30 419 638 447 Baulinch in Dresden; Jenke in Breslau; A. Rete-
26 441 643 468 meyer's Central-Annoncen-Bur. und Rudolf Mosse in
101 463 566 491 Berlin; E. E. Oblieght in Florenz.
130 499 534 528 Abonnement für Wien:
30 527 637 553 Im Hauptverlage, Wollzeile 20, u. bei allen Zeitungs-
30 547 642 576 verschleissern: Ganzjähr. fl. 18, monatl. fl. 1.50. Mit
30 568 640 596 Zustellung in's Haus: Viertelj. fl. 5.40, monatl. fl. 1.80.
64 591 608 619 Einzeln: Morgenblatt 6 kr., Abendblatt 3 kr.
81 624 587 656 Abonnement für das Inland:
25 646 636 679 Mit tägl. einmal. Portversendung Ganzj. fl. 24, halbj.
24 669 640 700 fl. 12, viertelj. fl. 6. Mit täglich zweimal Postver-
54 692 617 721 sendung: Ganzj. 28, halbj. fl. 14, viertelj. fl. 7.
2699 41 3165 79 Abonnement für das Ausland:
2626 74 3243 103 Viertelj.: Für Preussen b. nächsten Postamte Thlr.
2624 101 3245 125 68 gr. 9 Pf., b. uns m. direct. Kreuzbandsendg. ohne preuss.
2623 121 3241 148 Stempelzuschlag 10 fl. Oe. W.; f. Orte d. nordd.
2624 144 3238 170 Postbezirkes, excl. Preussen, b. nächsten Post-
2625 163 3242 194 amte: 3 Thlr. 18 Sgr. (6 fl. 19 kr. S. W.), b. uns 10 fl.: f. d.
2626 190 3244 216 Donaufürstenthümer b. nächsten Postamte
2626 211 3240 239 8 fl. 20 kr., b. uns 10 fl.; f. Italien b. uns 10 fl. Oe. W.;
2625 235 3242 259 v. G. Ebhard in Venedig, F. Münster in Verona u. E. E.
2624 256 3245 282 Oblieght i.Florenz & Frcs.; b. S. Liechtl, Chef d. Zeitungs-
2625 278 3243 303 bur. i. Bern, 26 Frcs.; f. Frankreich: b. uns 21 fl.,
2627 299 3243 325 b. Postamte Köln 8 Thlr. 26 Sgr., b. Auguste Ammel,
2622 322 3245 349 Nachfolger von G. A. Alexandre in Paris u. Strassburg
2624 347 3244 372 u. b. Ch. u. A. Havas i. Paris: 30 Frcs.; f. d. Schweiz:
2623 368 3246 395 b. d. Postämtern 18 Frcs. 30 Cent., b. uns 10 fl.; f. Spa-
2624 390 3246 419 nien & Portugal: b. uns 21 fl., b. Postamte Köln
2626 412 3245 440 9 Thlr. 18 Sgr., b. S. Liechtl, Chef d. Zeitungsbur. in
2625 436 3247 465 Bern, 41 Frcs.; f. England: b. uns 15 fl., b. Post-
2626 458 3253 484 amte Köln 8 Thlr. 22 Sgr. 9 Pf., b. H. C. Panzer, 91. London-
2626 480 3250 506 Wall, B. C., u. A. Siegle, 110 Lendenhall-Street E. C., Lon-
2626 502 3249 529 don: 30 Sh. 4 P., daselbst auch f. d. engl. Colonien
2624 524 3243 553 m. Zuschlag d. engl. Portos; f. Nordamerika: b.
2627 550 3251 575 uns 21 fl., b. Postamte Köln 6 Thlr. 25 Sgr., b. E. Steiger,
2626 570 3250 596 22 and 24 Frankfort Street in Newyork, 12 Doll. 1 Cents.
2626 591 3251 620 (per German closed Mail); f. Brasilien,Buenos-
2628 614 3248 642 Ayres u. Mexico 11 Thlr. 17 Sgr. u. f. alle anderen
2625 633 3253 662 überseeischen Staaten: b. Postamte Köln 14
2626 657 3252 686 Thlr. 11 Sgr.; für die Türkei. Griechenland u.
2662 678 3218 708 Egypten: b. Postamte in Wien: 5 fl. 20 kr. Silb.
147 792 538 848 Nr. 3184.
1296 773 2078 847 Wien, Samſtag, den 5. Juli
2958 757 3193 816 1873.
367 906 824 972 Politiſche Ueberſicht.
828 969 1077 1009 Wien, 5. Juli.
166 1015 1112 1066 „Die Noth führt uns zu ſeltſamen Schlafgeſellen“ —
81 1057 1112 1104 meinte Trinculo, als er neben Caliban lagerte. Die Noth
82 1100 1112 1148 hat auch dem hieſigen Wahlcomité der „Jungen“ zu ſelt⸗
81 1140 1112 1190 ſamen Bundesgenoſſen verholfen. Heute tritt das Wiener
83 1185 1111 1233 Organ der Altczechen mit Vehemenz gegen die Agitation auf,
81 1228 1113 1273 welche die Marburger Bürgerſchaft zu Gunſten ihres
80 1271 1113 1319 bisherigen Abgeordneten Reuter entwickelt. Mit den Deutſch⸗
80 1313 1112 1361 Nationalen vereint, verdächtigen Zuaven, Feudale, Ultra⸗
80 1356 1112 1405 montane und Nationale Herrn Reuter der allzu⸗
80 1399 1116 1449 großen Hinneigung an das deutſche Reich. Noch
82 1443 1117 1490 intereſſantere Bundesgenoſſenſchaft aber iſt der Partei der
82 1488 1114 1533 „Jungen“ aus dem ſchon im heutigen Morgenblatte erwähn⸗
81 1528 1116 1577 ten böhmiſchen Oertchen Ullersdorf geworden. Wir
79 1572 1114 1620 haben die „bedeutſame Kundgebung“, nämlich den aus Ullers⸗
82 1614 1114 1662 dorf gekommenen Proteſt, einem hieſigen jungdeutſchen
81 1657 1115 1702 Blatte entnommen. So wunderſam der Jubel der Deutſch⸗
79 1701 1113 1746 Nationalen darüber war, daß den „Alten“ vorgeworfen
81 1743 1116 1792 wurde, das Deutſchthum als Aushängeſchild zu benützen
80 1785 1115 1833 und den Städten zu viele Abgeordnete zugewen⸗
80 1829 1114 1880 det zu haben, ſo enthält doch der Proteſt der Ullersdorfer
81 1871 1116 1919 Jungen noch ganz andere Dinge. Die hieſigen deutſch⸗
82 1915 1116 1962 nationalen Journale haben ſich nämlich einige fromme —
83 1959 1116 2005 Kürzungen erlaubt. Nach der Teplitzer Zeitung, welcher der
82 2003 1113 2048 Wortlaut vorliegt, wollen nämlich die Ullersdorfer Herren
81 2045 1114 2092 auch, „daß die Vertreter im Parlamente
82 2087 1117 2136 nicht ſchweigen, wenn Schandblätter am
81 2130 1117 2175 Sitze des Reichsrathes auf Koſten ihrer
83 2172 1118 2219 Gläubigen die Religion verhöhnen“. Aber
81 2213 1116 2262 nicht nur für die Ultramontanen, auch für das berüchtigte
84 2256 1117 2307 „weiße Blatt“ Rieger's treten die Ullersdorfer ein,
80 2297 1118 2343 indem ſie erklären: „Wir fürchten uns auch vor den böſen
84 2341 1117 2388 Czechen nicht, ſeitdem uns die Alten den Koth gezeigt haben,
81 2380 1118 2432 mit welchem ſie zur Verkleiſterung ihres Gründungsſchwin⸗
84 2428 1120 2476 dels das weiße Blatt zu verſchmieren für zweckentſpre⸗
83 2476 481 2521 chend gefunden haben.“
172 2524 1120 2572 So alſo ſieht die „bedeutſame Kundgebung“ zu Gunſten
85 2567 1120 2617 der hieſigen Parteitägler aus! Wir find fern davon, zu
83 2613 1120 2658 glauben, daß die Erkenntniß, in welche Geſellſchaft ſie ge⸗
83 2654 1122 2703 rathen find, die hieſigen Diſſidenten bewegen werde, zur Ver⸗
83 2696 1119 2745 faſſungspartei zurückzukehren. Wer mit den Schwärmern
85 2734 1118 2785 für Hohenwart und Belcredi Arm in Arm geht, wird ſich
84 2776 1121 2826 auch nicht vor der Allianz mit Pfaffen⸗ und Czechenfreunden
85 2818 1121 2871 ſcheuen. Die Hoffnung, der Verfaſſungspartei mit Hilfe
84 2862 1120 2910 ſolcher Bundesgenoſſen ſchaden zu können, reicht hin zur Be⸗
84 2911 550 2957 ſchwichtigung der Gewiſſen.
169 2959 1121 3009 Die Worte, welche Kronprinz Rudolph bei der
86 3003 1122 3053 Enthüllung des Maria⸗Thereſien⸗Denkmals in Klagenfurt
86 3049 1124 3096 geſprochen, zumal deſſen dankbare Anerkennung für die
86 3091 1121 3138 Loyalität der öſterreichiſchen Völker, geben dem „Vaterland“
85 3137 1125 3181 Anlaß zu ganz ſeltſamen Auslaſſungen, die wir in dem
86 3178 1123 3225 feudalen Organe zu allerletzt geſucht hätten. „Die Loyalität,“
83 3220 1126 3270 meint das „Vaterland“, „iſt keine myſtiſche Empfindung,
1154 889 2189 940 ſondern eine Pflicht, welcher Pflichten ergänzend gegenüber⸗
1154 934 2188 983 ſtehen. Es wird alſo immer Mittel geben, die Loyalität
1154 976 2187 1028 der Völker zu kräftigen, aber auch Mittel, ſie abzu⸗
1153 1018 2189 1072 ſchwächen.“ Das iſt ebenſo richtig wie es unvorſichtig
1157 1062 2188 1112 vom „Vaterland“ iſt, es auszuſprechen. Gewiß legt
1158 1105 2188 1153 die Loyalität Pflichten auf, und will das „Vater⸗
1156 1147 2190 1200 land“ wiſſen ſeit wann die öſterreichiſchen Völker
1158 1189 2188 1242 Grund haben, ſich der vollen Erfüllung dieſer Pflichten
1157 1231 2192 1285 zu freuen? Genau ſo lange, als Jene, welche — leider! —
1161 1275 2187 1328 „die Vorſehung einſt dem Throne nahe geboren werden
1155 1318 2187 1369 ließ“, nicht mehr über die Auslegung dieſer Pflichten zu
1157 1361 2185 1413 Rathe gezogen werden. Wenn es, wie das „Vaterland“
1159 1403 2187 1456 meint, ein Mittel gäbe, die Loyalität der Völker abzu⸗
1158 1443 2186 1499 ſchwächen, dann wäre es ſicherlich die Aufrichtung jener Zu⸗
1156 1489 2188 1543 ſtände, welche von den Patronen des feudalen Blattes an⸗
1159 1531 2189 1586 geſtrebt werden und die den Abſichten der großen Kaiſerin,
1159 1577 2188 1625 deren Andenken in Klagenfurt gefeiert wurde, direct ent⸗
1159 1617 2194 1670 gegengeſetzt ſind. Daß die Zeiten, wo ſolche Zuſtände
1159 1660 2190 1713 herrſchten, vorüber ſind, ſcheint das „Vaterland“ vergeſſen
1160 1701 2193 1757 zu haben; es hätte ſonſt nicht in ſo junkerhaft trotzigem
1161 1747 2098 1798 Tone, wie es heute geſchieht, zu der Krone geſprochen.
1247 1789 2190 1840 Einer Berliner Correſpondenz des „Vaterland“ zufolge
1160 1832 2195 1886 hat der junge Graf Goluchowski, dortiger öſterreichiſcher
1160 1876 2192 1931 Geſandtſchafts⸗Attaché und Sohn des galiziſchen Statthalters,
1161 1918 2193 1970 ſeinen Poſten verlaſſen müſſen, angeblich, weil Fürſt Bis⸗
1161 1962 2194 2010 marck keinen Polen in der Diplomatie haben wolle. Die
1161 2005 2035 2058 Sache könnte auch etwas anders zuſammenhängen.
1246 2046 2193 2097 Die deutſchen Blätter berichten von einem herzlichen
1160 2088 2193 2140 Glückwunſch⸗Telegramme, welches Kaiſer Wilhelm
1161 2133 2193 2182 dem Czar Alexander anläßlich der Einnahme Khiwas geſen⸗
1161 2177 2195 2225 det hat. Eine politiſche Tragweite hat dieſe Kundgebung,
1162 2218 2194 2269 welche in den perſönlichen Beziehungen der beiden Kaiſer
1159 2262 2194 2310 ihre Quelle hat, keineswegs. Man meint zwar, daß John
1160 2305 2194 2351 Bull ob dieſer kaiſerlichen Manifeſtation einigermaßen ver⸗
1160 2347 2196 2394 ſchnupft ſein werde, gibt dabei aber zu verſtehen, daß man
1160 2388 2197 2441 ſich entwöhnt habe, den Londoner Affecten beſonderes Gewicht
1162 2440 1335 2483 beizulegen.
1247 2471 2195 2526 Die Ultramontanen Preußens verlegen ſich in
1161 2517 2197 2573 ihrer Deſperation auf den Humor. Neulich prognoſticirte
1158 2560 2198 2617 die Schleſiſche Volkszeitung ein Miniſterium, in welchem
1160 2603 2198 2660 Windthorſt und Lasker, Mallinckrodt und Sonnemann mit
1163 2645 2198 2699 Portefeuilles bedacht ſein würden. Jetzt weisſagt das näm⸗
1163 2690 2199 2739 liche Blatt, daß Roon durch Arnim und Arnim durch Man⸗
1162 2731 2197 2782 teuffel abgelöſt werden würde. Bismarck kommt für dieſe
1163 2780 1985 2822 Clowns in der Kutte gar nicht mehr in Frage.
1247 2816 2198 2866 Jedem Telegramme, welches die italieniſche
1163 2859 2197 2912 Miniſterkriſe als ihrem Abſchluſſe nahe bezeichnet, folgt
1161 2903 2196 2956 ein anderes auf dem Fuße und redet von neuen unerwarte⸗
1163 2946 2201 3002 ten Schwierigkeiten. Ein Candidat nach dem anderen ſchwankt
1167 2990 2199 3042 eine Weile und lehnt dann ab. Namentlich gehen auch die
1166 3033 2200 3090 eifrigſten Neider des demiſſionirenden Cabinets dem Ange⸗
1165 3075 2200 3133 bot des in Italien ganz beſonders unpopulären Finanz⸗
1165 3127 1665 3173 Portefeuilles aus dem Wege.
1251 3162 2201 3216 Die Majorität, mit welcher die Verſailler Kammer den
1167 3203 2202 3262 Antrag Dufaure's auf Berathung der conſtitutionellen Geſetz⸗
2229 875 3259 930 entwürfe ablehnte und die Ernennung einer Commiſſion zur
2230 920 3260 973 Prüfung derſelben erſt für den erſten Monat nach den Ferien
2230 963 3259 1015 in Ausſicht nahm, muß ſehr gering geweſen ſein, denn das
2231 1005 3263 1057 monarchiſch geſinnte Bureau der Kammer hat das Stimmen⸗
2231 1047 3261 1101 verhältniß noch immer nicht bekanntgemacht. Der Herzog
2232 1090 3264 1140 von Broglie hat der Regierung dieſen Sieg mit dem Opfer
2233 1133 3263 1185 ſeiner eigenen Ueberzeugung erringen müſſen. Während näm⸗
2232 1176 3263 1228 lich der Vice⸗Präſident des Miniſterrathes im Conſeil gegen
2232 1218 3263 1272 die Vertagung geſtimmt hatte, war er in der Kammerſitzung,
2232 1260 3262 1311 um die Coalition nicht in die Brüche gehen zu laſſen, gezwun⸗
2233 1304 3264 1356 gen, für die Vertagung zu ſtimmen. Gewiſſe Allianzen wer⸗
2232 1347 3263 1400 den Herrn v. Broglie täglich unbequemer, weßhalb er
2232 1389 3265 1442 auch hinter den Couliſſen theils perſönlich, theils durch das
2230 1431 3265 1481 Organ des Duc d'Audiffret⸗Pasquier die Verſuche fortſetzt,
2232 1474 3265 1526 die Partei Caſimir Périer und womöglich auch die Fraction
2231 1517 3267 1568 Laboulaye⸗Chriſtophle zu ſich herüberzuziehen, um dann mit
2232 1560 3266 1611 den Bonapartiſten und der äußerſten Rechten rechnen zu
2232 1613 2352 1650 können.
2321 1645 3266 1695 Dem Journal de Marne zufolge ſoll die Räu⸗
2235 1689 3267 1743 mung der noch occupirten vier franzöſiſchen Departements:
2235 1730 3266 1785 Vogeſen, Ardennen, Meuſe und Meurthe⸗et⸗Moſelle, ſo⸗
2233 1774 3265 1827 wie des Arrondiſſements Belfort, welche laut Berliner
2235 1816 3266 1871 Nachtrags⸗Convention vom 15. März d. J. am 1. d. be⸗
2232 1860 3266 1915 ginnen ſollte, am 10. d. ihren Anfang nehmen. Die Räu⸗
2236 1900 3266 1955 mung muß, dem Vertrage zufolge, innerhalb vier Wochen
2235 1947 3267 2001 vollendet ſein; doch hoffen die Franzoſen, bereits in vier⸗
2235 1988 3267 2043 zehn Tagen die Departements Meuſe und Ardennen be⸗
2235 2031 3265 2086 ſetzen zu können. Verdun bleibt bekanntlich bis zum 5. Sep⸗
2236 2071 3269 2127 tember als Pfand für die beiden letzten, bis zum 5. Auguſt,
2236 2118 3267 2173 reſpective 5. September noch erübrigenden Zahlungen von
2233 2167 2704 2216 deutſchen Truppen occupirt.
2322 2203 3267 2256 Wie der bonapartiſtiſche Gaulois meldet, wird der dem⸗
2237 2246 3269 2300 nächſt erſcheinende Band des Berichtes der September⸗
2239 2289 3266 2341 Commiſſion Ausſagen des römiſchen Grafen Chaudordy
2238 2331 3269 2384 enthalten, welche den bekannten Gramont⸗Schwin⸗
2235 2380 2753 2421 del wieder aufwärmen ſollen.
2322 2415 3271 2468 Die ſogenannte „Unterrichtsbewegung“ nimmt
2237 2460 3268 2510 in England wachſende Proportionen an. Wie die Mor⸗
2238 2501 3269 2556 ning Poſt erfährt, haben gewiſſe nichtparlamentariſche Mit⸗
2238 2545 3271 2599 glieder der nationalen Unterrichts⸗Liga und verſchiedene Diſſi⸗
2240 2589 3271 2639 denten⸗Verbände eine neue Bewegung angeregt, deren Zweck
2241 2631 3271 2683 es iſt, jedem liberalen Candidaten, der zu Gunſten der als
2238 2671 3272 2729 ſectireriſch verſchrieenen miniſteriellen Unterrichtspolitik in die
2241 2718 3271 2768 Schranken tritt, einen radicalen Candidaten entgegenzu⸗
2240 2761 3272 2812 ſtellen. Zur Unterſtützung dieſer Operationen ſollen bereits
2241 2809 2800 2853 beträchtliche Fonds zugeſagt ſein.
2326 2845 3272 2895 Die ruſſiſche Preſſe — ſo ſchreibt ein preußiſches
2239 2887 3270 2943 Blatt, die Schleſiſche Zeitung — „hatte ſich nicht einmal
2240 2932 3272 2985 während des jüngſten Beſuches des Czars bei dem Kaiſer
2243 2973 3274 3027 Franz Joſeph zu einer gänzlichen Suspendirung ihrer feind⸗
2241 3018 3272 3073 ſeligen Haltung gegen Oeſterreich zu entſchließen vermocht.
2243 3060 3274 3113 Sie hatte ſich nur zu einer kühlen Höflichkeit verſtehen kön⸗
2240 3105 3274 3159 nen, und heute iſt auch dieſe ſchon geſchwunden. In jedem
2244 3144 3275 3202 Zeitungsartikel, in jeder Correſpondenz und in den tenden⸗
2242 3191 3275 3245 ziös ausgewählten Citaten aus öſterreichiſch⸗ſlaviſchen Jour⸗
392 3336 817 3407 Kleine Chronik.
844 3400 1089 3439 Wien, 5. Juli.
163 3449 1126 3500 [Hof⸗ und Perſonal⸗Nachrichten.] Dem Nürnb.
83 3491 1127 3538 Corr. zufolge wird der König von Baiern nach den jetzt
84 3530 1126 3577 getroffenen Beſtimmungen die Wiener Weltausſtellung nicht be⸗
87 3569 1127 3616 ſuchen. — Miniſter Laſſer iſt geſtern von Marienbad in Salz⸗
84 3607 1125 3653 burg angekommen. — Aus Troppau telegraphirt man uns: Der
87 3646 1127 3692 Landespräſident Ritter v. Summer hat einen vierwöchentlichen
85 3686 1128 3732 Urlaub angetreten und iſt ſammt Familie nach Wien abgereiſt.
87 3723 1129 3768 Statthaltereirath Ritter Stellwag übernimmt einſtweilen die Lei⸗
87 3766 672 3810 tung der ſchleſiſchen Landesregierung.
167 3818 1128 3864 [Tugendpreife.] Der Statthalter von Niederöſterreich
89 3856 1132 3903 hat die Häckl v. Roſenſtein'ſchen Stiftungsbeträge für tugend⸗
88 3895 1131 3940 hafte Mädchen im Betrage von je 117 fl. für dieſes Jahr nach
89 3934 1134 3981 den Beſtimmungen des Stiftbriefes und mit Rückſicht auf die
86 3975 1133 4017 beigebrachten Zeugniſſe der Erneſtine Kaſper, Statthalterei⸗
88 4011 1133 4058 Ingenieurs⸗Aſſiſtentenwaiſe in der Pfarre St. Eliſabeth, und
87 4051 1133 4098 der Maria Scholz, Handarbeiterin in der Pfarre zu Maria
89 4086 1134 4137 Treu in der Joſephſtadt, verliehen. Die Uebergabe der Stiftungs⸗
90 4127 1135 4173 beträge hat am 24. Juni d. J. durch eine Statthalterei⸗Com⸗
90 4166 1134 4215 miſſion in den obgenannten Pfarren in feierlicher Weiſe ſtatt⸗
91 4204 229 4250 gefunden.
174 4254 1137 4300 [Verein zur Wahrung der Menſchenrechte.]
91 4291 1136 4335 Der Verein, der den vorſtehenden Titel führt, hielt geſtern Abends
90 4327 1136 4370 im Saale beim „grünen Jäger“ in Margarethen wieder eine Ver⸗
92 4359 1138 4404 ſammlung ab. Es iſt wol begreiflich und entſchuldbar, wenn man auch
92 4394 1139 4437 in Margarethen bei der herrſchenden Hitze Menſchenrechte zu wahren
89 4427 1137 4471 für kein „Los der Sehnſucht werth“ erachtet, und es iſt darum auch
90 4462 1138 4505 erklärlich, daß ſich geſtern außer den unermüdlichen Kämpfern für
89 4497 1139 4541 der Menſchen Rechte, den Herren Umlauft und Steudel, nur
89 4529 1139 4573 ein kleines Häuflein ihrer Jünger, die auch in dieſen heißen Zeiten
89 4565 1141 4608 das erhebende Wort ihrer Meiſter nicht miſſen und aus dem uner⸗
90 4599 1144 4644 ſchöpflichen Born ihrer Weisheit Kühlung ſchöpfen wollten, einge⸗
90 4633 1140 4676 funden hatte. Der Präſident, Gemeinderath Umlauft, eröffnete
91 4666 1141 4712 die Verſammlung um 9 Uhr und ließ ganz ordnungsmäßig das
91 4701 1142 4747 Protocoll der letzten Sitzung des Vereines verleſen. Außer der That⸗
91 4735 1143 4778 ſache, daß Herr Umlauft in dieſer Sitzung vor dem conſervativen
90 4769 1148 4815 Wahlcomité „warnte“ und Herr Profeſſor Held einen Vortrag über
92 4807 1145 4850 die Wohnungsnoth hielt, worin er, wie das Protocoll mittheilt,
93 4837 1147 4883 die Wohnungsnoth als Folge der Wohnungstheuerung und der
92 4874 1147 4918 Weltausſtellung erklärt und bedauert, daß die Hoffnungen, die er
93 4906 1149 4952 und die „Demokraten“ auf die Börſenkriſe geſetzt, vernichtet worden
92 4942 1148 4985 ſeien, enthielt das Protocoll für uns nichts Intereſſantes. Es
92 4975 1148 5020 wurde nach der Genehmigung des Protocolles zur Tagesord⸗
93 5010 1148 5054 nung geſchritten. Nach einem Vortrage des Schuldirectors Ernſt
91 5043 1122 5087 über die Bedeutung und Einrichtung der Kindergärten ergreift
1167 3308 2205 3357 Gemeinderath Umlauft das Wort, um die Beſprechung der
1168 3345 2205 3393 Wahl⸗Angelegenheiten einzuleiten. Es ſei ſeit dem bedeutungsvollen
1170 3377 2206 3428 Ereigniſſe, der Verſammlung der demokratiſchen Geſellſchaft beim
1169 3411 2206 3461 „Schwender“, nichts Großes vorgefallen. Dieſes Ereigniß habe
1168 3445 2205 3496 darum eine ſo hervorragende Wichtigkeit, weil an jenem Tage die
1169 3480 2206 3532 Lehrer zur Fahne der Demokratie übergetreten ſeien. „Mit fliegenden
1169 3514 2207 3565 Fahnen und klingendem Spiele ſind ſie in unſere Reihen eingetre⸗
1170 3546 2205 3597 ten; denn nur bei uns können ſie hoffen, jene Freiheit zu finden,
1171 3583 2207 3631 deren der Lehrer bedarf. Wir waren es ja immer, welche die
1171 3617 2206 3669 Schule frei zu machen ſuchten; und auch heute wollen wir dieſes
1170 3651 2207 3703 Princip bei dem Wahlkampfe vortragen, es wird uns die Herzen
1169 3683 2208 3734 aller Eltern und namentlich der Mütter gewinnen. In unſeren
1170 3719 2209 3773 Wahl⸗Agitationen ſind wir ſehr rührig; die demokratiſche Geſellſchaft
1169 3752 2209 3808 hält reichliche und reifliche Sitzungen. Sie werden bald von einem
1170 3788 2207 3843 vollbrachten Werke hören, das heute noch unvollendet iſt, und dann
1172 3823 2209 3873 wollen wir ſehen, ob es begründet iſt, wenn man uns vorwirft,
1172 3860 2209 3907 daß wir blos Schreihälſe ſind und nichts zu thun vermögen.“ (Leb⸗
1171 3893 2208 3942 hafter Beifall.) — Ein Herr Faſchinski eröffnet nun der Ver⸗
1174 3927 2209 3978 ſammlung, daß geſtern in der Verſammlung des vom Vereine ge⸗
1173 3961 2208 4014 wählten Wahlcomités einſtimmig beſchloſſen wurde, für den IV. Be⸗
1174 3993 2210 4049 zirk die Candidatur des langjährig bewährten Volksmannes, des
1173 4030 2212 4080 Herrn Gemeinderathes Umlauft, officiell aufzuſtellen, und daß Herr
1176 4063 2209 4117 Umlauft dieſen Antrag im Bewußtſein ſeiner Verantwortlichkeit
1177 4097 2212 4151 auch angenommen habe. Es möge ſich nun auch der Verein als
1177 4132 2210 4186 ſolcher für dieſe Candidatur ausſprechen. — Ein Herr Heißler
1180 4169 2211 4219 kennt Herrn Umlauft ſeit dem Jahre 1848 als ehrenwerthen Mann,
1179 4201 2212 4255 der nichts wolle als das Volkswohl. Sämmtliche (?) Wähler vor
1179 4236 2213 4289 der Favoriten⸗Linie hätten darum ihr Wort mit Handſchlag ver⸗
1179 4270 2212 4325 pfändet, für Umlauft einzutreten. Gerührt nimmt nun der offi⸗
1182 4305 2212 4356 cielle Candidat Umlauft das Wort. Er ſagt: „Meine Herren!
1183 4339 2213 4391 Sie können überzeugt ſein, daß dieſer Moment für mich ein äußerſt
1180 4373 2214 4427 wichtiger iſt. Ich will Ihnen keine Candidatenrede halten; es
1181 4410 2214 4460 wäre eine Beleidigung für Sie, wollte ich annehmen, daß Sie meinem
1180 4441 2213 4494 Lebenswandel nicht ſchon ſeit lange mit Aufmerkſamkeit gefolgt ſeien.
1182 4475 2215 4528 Seit dem Jahre 1848 bin ich der Fahne der Demokratie treu ge⸗
1184 4510 2215 4563 blieben, das kann ich Ihnen mit Handſchlag verſichern. Es ſind
1183 4543 2216 4599 aber Zweifel an meiner Geſinnung aus Kreiſen laut geworden, die
1185 4580 2217 4631 aber nur das verleumden, was ſie nicht ſchlechter machen können.
1186 4612 2221 4668 Darum muß ich Ihnen vorleſen, was Hanns Kudlich über mich
1184 4648 2216 4702 ſagt.“ Und Kudlich ſagt nun freilich, Umlauft, ſei ſich ſeit 1848
1185 4682 2219 4737 conſequent geblieben; darum glaubt Herr Umlauft nichts weiter ſagen
1184 4716 2216 4770 zu müſſen und tritt unter lebhaftem Beifall ab. Seine Candidatur
1186 4752 2217 4804 wird hierauf einſtimmig als die des Vereines anerkannt. Herr Um⸗
1185 4783 2215 4837 lauft dankt und empfiehlt ſich zugleich vorſorglich für künftige Zeiten
1189 4818 2218 4871 als Candidaten für den fünften Bezirk. „Wenn Sie, meine Herren,
1188 4851 2216 4907 mich einmal wählen werden, ſo werde ich auch Ihnen in dem höchſten
1189 4886 2216 4940 Vertretungskörper des Reiches meine Dienſte zur Verfügung ſtellen.“
1190 4925 2216 4971 Den dritten Punkt der Tagesordnung, die Wahl eines „Aſchitations⸗
1190 4959 2215 5007 Comités“, wie der Herr Vice⸗Präſident des Vereins zur Wahrung
1190 4994 2216 5043 der Menſchenrechte mit bewunderungswürdiger puritaniſcher Con⸗
1192 5026 2217 5077 ſequenz ſagte, will Herr Umlauft bei dem geringen Beſuche der
2246 3293 3276 3342 Verſammlung von der Tagesordnung abgeſetzt wiſſen. Hierauf be⸗
2247 3329 3277 3376 tritt ein Herr, deſſen Namen wir leider nicht in Erfahrung bringen
2246 3362 3277 3409 konnten, die Tribüne und erklärt, er liebe es, Candidaten aus dem
2247 3399 3276 3444 einfachen Grunde oft zu interpelliren, weil er von ihnen lernen
2247 3432 3277 3477 wolle. Nachdem er dieſe ſeine Paſſion zur offenbaren Beluſtigung
2248 3466 3278 3512 der Verſammlung zur Kenntniß gebracht und das Thema mehrfach
2248 3498 3278 3549 gewendet variirt hatte, wird er vom Vice⸗Präſidenten darauf auf⸗
2248 3534 3278 3583 merkſam gemacht, daß ſeine Ausführungen von der Tagesordnung
2248 3570 3275 3616 ſich entfernen. Es handle ſich jetzt um die Wahl eines Agitations⸗
2248 3602 3280 3649 Comités. Hierauf ergreift mit unverkennbarer Heftigkeit ein Herr
2246 3638 3280 3686 Heißler, aus dem Bezirke vor der Favoriten⸗Linie, das Wort:
2248 3673 3278 3720 „Wir brauchen gar kein Agitations⸗Comité; es iſt ja bekannt, daß
2250 3706 3279 3753 die „Neue Freie Preſſe“ ausgezeichnet für uns wirkt, indem ſie den
2249 3742 3278 3787 Mann, den wir haben wollen, ſchmäht und zu verkleinern ſucht.
2248 3776 3279 3820 Wir verlieren darum nichts, wenn wir zuwarten.“ Dies Argument,
2250 3812 3279 3856 unter normalen Verhältniſſen weniger einleuchtend — hier leuchtete
2250 3845 3280 3892 es ein. Es wurde daher auch die Vertagung der Wahl des Agita⸗
2250 3878 3280 3924 tions⸗Comités einſtimmig acceptirt und bald darauf die Verſamm⸗
2250 3921 2717 3960 lung um 11 ½ Uhr geſchloſſen.
2336 3963 3279 4011 [Krankenbewegung.] Der Wiener Zeitung entnehmen wir
2252 3998 3279 4047 Folgendes: Die Civilſpitäler Wiens zeigten vom 26. Juni bis
2250 4032 3281 4080 incluſive 2. Juli d. J. folgende Krankenbewegung: Vom 25. Juni
2252 4069 3281 4113 verblieben 3238 Individuen, bis 2. Juli kamen hinzu 842 Indi⸗
2252 4102 3282 4147 viduen; es wurden ſonach behandelt 4080 Individuen. Von
2253 4137 3282 4182 dieſen wurden 747 entlaſſen, 89 ſtarben und 3244 blieben in Be⸗
2253 4172 3283 4219 handlung. Das Sterblichkeitsverhältniß berechnet ſich hieraus mit
2254 4205 3283 4251 10.₈₄ Percent des Abganges. In der abgelaufenen Woche ſind in
2255 4240 3281 4287 ganz Wien 17 Fälle von Brechdurchfall zur amtlichen Kenntniß ge⸗
2254 4276 3283 4320 kommen, von denen vier ein neugebautes Haus betrafen. — Die
2254 4308 3284 4353 Wiener Med. Wochenſchrift bemerkt: „Im Laufe dieſer Woche
2257 4343 3285 4388 ſind in Wien einige Fälle von Brechruhr beobachtet worden. Vier
2256 4378 3281 4427 derſelben ergaben ſich faſt gleichzeitig an einem Orte, und zwar in
2255 4411 3281 4460 einem großen, von Fremden aus den verſchiedenſten Ländern be⸗
2255 4444 3283 4491 wohnten Hotel, die übrigen zeigten ſich an verſchiedenen Punkten
2257 4480 3284 4526 der Stadt. In Folge des Auftretens obiger vier Fälle wurden in
2256 4515 3283 4560 dieſem Hotel alle Vorkehrungsmaßregeln, wie Siſtirung der Auf⸗
2256 4550 3282 4594 nahme, gründliche Desinfection und Iſolirung der Erkrankten ſchleu⸗
2257 4582 3285 4630 nigſt durchgeführt, und hatten dieſe Maßregeln auch den Erfolg,
2257 4619 3283 4662 daß dortſelbſt keine neuen Fälle ſich ereigneten. Auf ſolche ver⸗
2258 4652 3284 4697 einzelte, in dieſer Jahreszeit alljährlich vorkommende Fälle ſind die
2256 4688 3284 4731 in auswärtigen Blättern tendenziös verbreiteten, allarmirenden
2257 4730 2601 4771 Gerüchte zu reduciren.“
2335 4773 3285 4823 [Gemeindewahl in Schwechat.] Am 4. d. fand
2257 4812 3284 4865 die Wahl des Gemeindevorſtandes von Schwechat ſtatt. Es wur⸗
2258 4852 3284 4905 den gewählt: zum Bürgermeiſter der Hausbeſitzer Leopold
2259 4890 3286 4940 Berger, zu Gemeinderäthen der Kaufmann Franz Freitag,
2258 4922 3289 4978 Realitäten⸗Beſitzer Anton Dreher, Notar Franz Schranzhofer,
2258 4965 3286 5018 Kaufmann Franz Ullrich, Apotheker Johann Beran und Haus⸗
2258 5013 2632 5056 beſitzer Lucas Hickmann.
