3599 5366
322 228 507 286 Nr. 178
879 238 1213 291 Wien, Samstag
1600 240 2027 305 Arbeiter-Zeitung.
2462 242 2758 309 1. Juli 1911
3136 245 3307 317 Seite 7
258 338 1278 387 Billet, ihn im Hotel Habis zu beſuchen. Das tat ich. Wir
255 377 1279 426 gingen zuſammen in die Ausſtellung, ich zeigte ihm Zürich
260 416 1282 464 und Umgebung und erlebte mit ihm einen intereſſanten
259 455 1279 503 Tag. Er erzählte mir, daß während der Unterſuchung der
257 494 1277 542 Bürgermeiſter meines Heimatsortes alſo von mir berichtet
257 532 1279 579 habe: „Der B. iſt ein ganz braver Menſch, aber als Soldat
257 572 1273 615 ſchon ein überſpannter Kopf geweſen. Bei einem Sieges⸗
259 610 1265 658 eſſen, das 1871 den der Gemeinde angehörigen Soldaten
256 649 1267 693 ſpendiert wurde, hat er geſagt: „Die Sozialdemokraten
262 687 725 730 ſiegen auch noch einmal!“
386 771 1148 847 Die Gemütsmenſchen vom
582 846 933 918 Semmering.
356 923 1268 976 Bis zu welchem Grade von ſittlicher Entartung und
256 964 1268 1013 niedriger Geſinnung die kapitaliſtiſche Profitwut im Verein
255 1005 1269 1052 mit der ſpießbürgerlichen Angſt um das liebe Leben unſere
255 1044 1266 1091 wackeren Bourgeois bringen kann, zeigt ſich ſehr deutlich
257 1082 1267 1129 in dem Keſſeltreiben der Semmeringintereſſenten und der
256 1122 1266 1169 Fremdenverkehrsgſchaftlhuber gegen die Errichtung des
253 1161 1267 1203 Kupelwieſerſchen Tuberkulöſenheims für Waiſenkinder auf
256 1200 1266 1243 dem Semmering. Eine wahre Geſpenſterfurcht hat dieſe
257 1237 1266 1285 Herrſchaften ergriffen und ſie ſchämen ſich nicht, ſich ſo
259 1278 1266 1323 zu gebärden, als wenn damit, daß man ein paar Dutzend
257 1313 1265 1361 kranke Proletarierkinder in ein heilſames Höhenklima
252 1354 1264 1399 bringt, die Gefahr eines kataſtrophalen Zuſammenbruches
252 1394 1267 1440 der ganzen faſhionablen Semmeringwirtſchaft in greifbare
253 1429 652 1472 Nähe gekommen wäre.
356 1471 1264 1516 Um was handelt es ſich eigentlich? Es ſoll auf dem
254 1509 1263 1555 Semmering ein Tuberkulöſenheim für Waiſenkinder er⸗
253 1549 1266 1596 richtet werden, das die allerbeſcheidenſten Dimenſionen hat
251 1588 1264 1634 und, wenn es hoch geht, dreißig oder vierzig kleinen
247 1626 1264 1674 Patienten Unterkunft gewähren kann. Darin liegt für die
250 1665 1263 1711 geſunden Beſucher des Semmering nicht die geringſte
252 1703 1264 1748 Gefahr, denn durch den bloßen Anblick eines Tuberkulöſen
247 1743 1264 1789 wird die ſchreckliche Krankheit denn doch nicht übertragen,
249 1781 1266 1824 wie denn überhaupt die Uebertragbarkeit der Tuberkuloſe
252 1818 1265 1864 nicht in dem Sinne zu nehmen iſt wie etwa jene der Peſt
251 1858 1263 1901 oder der Cholera. Aber gerade um den Anblick handelt
247 1897 1262 1941 es ſich ja den Herrſchaften. Die Tuberkuloſe iſt ja all den
248 1935 1261 1979 wohlgenährten und geſundheitsſtrotzenden Herren und
246 1974 1262 2017 Damen, die ſich auf dem Semmering von den Mühſalen
247 2014 1262 2055 des Couponſchneidens und ſonſtigen leichten Geldverdienens
245 2052 1260 2097 oder von den Toiletteſorgen erholen, nichts Ungewohntes.
245 2089 1260 2136 In den Großſtädten machen ſie ſich einen Pfifferling
248 2129 1261 2173 daraus, daß rings um ſie herum in den proletariſchen
247 2168 1265 2209 Maſſen dank dem Elend, das ihre kapitaliſtiſche Aus⸗
245 2206 1262 2251 beutung erzeugt, die Seuche kraſſiert. Wenn man auf dem
247 2245 1262 2290 Semmering das Leben in vollen Zügen genießt, will
245 2285 1260 2329 man ſich nicht gern an die ſozialen Wirkungen der
245 2323 1261 2368 eigenen Tätigkeit erinnern laſſen und bebt feige vor
243 2363 1259 2406 dem bloßen Anblick, ja vor der bloßen Erwähnung
246 2401 1254 2445 einer Gefahr zurück, die in Wirklichkeit gar nicht beſteht.
245 2440 1262 2484 Um nicht zeitweilig von einem unbehaglichen Gefühl er⸗
247 2478 1259 2523 griffen zu werden, das nicht begründeter iſt als die Furcht
247 2517 1262 2560 vor Geſpenſtern, verweigert man lieber armen Proletarier⸗
246 2556 1258 2599 kindern Heilung und Rettung. Das geſchieht ſogar in den
244 2594 1260 2640 rückſichtsloſeſten und brutalſten Formen, wie eine Ver⸗
244 2634 1258 2678 ſammlung von Semmeringintereſſenten
244 2670 1261 2717 zeigte, die vorgeſtern in Breitenſtein ſtattfand und
244 2711 1261 2755 die von einer ganzen Menge bürgerlicher Herrſchaften
244 2747 1260 2793 beſucht war, welche ſonſt darauf halten, in der Oeffent⸗
244 2786 1260 2831 lichkeit als Männer von Einſicht und korrektem Urteil
244 2827 1260 2871 reſpektiert zu werden. Als in dieſer Verſammlung ein
249 2865 1261 2909 bekannter ſachverſtändiger Arzt, der als Kenner der
245 2902 1262 2947 Tuberkuloſe einen Ruf genießt, nämlich der Dozent
242 2944 1260 2987 Dr. Teleky, das Wort ergriff, um ruhig auseinander⸗
245 2983 1263 3027 zuſetzen, daß eine Anſteckungsgefahr nicht in Betracht
248 3023 1258 3066 komme, wurde er niedergeſchrien und der Abgeordnete
245 3061 1258 3103 Silberer rief ihm zu: „Wir wollen das in dieſer
242 3100 1255 3143 Verſammlung, die proteſtieren will, gar nicht anhören.“
242 3140 1255 3181 Wozu denn auch die Stimme der Vernunft anhören, wenn
243 3178 1259 3220 es ſich im Grunde gar nicht um vernünftige Erwägungen
242 3217 1260 3259 handelt! Die Herren wiſſen ja, daß es bloß eingebildete
242 3256 1258 3297 Gefahren ſind, die ſie bekämpfen. Aber wenn auch nur
239 3296 1261 3337 ein reicher Angſtmeier unter dem Banne dieſer Ein⸗
240 3333 1256 3375 bildung dem Semmering fernbleibt, ſo iſt das für ſie
239 3373 1256 3413 wahrſcheinlich ein tragiſcheres Ereignis, als wenn zwanzig
239 3411 1255 3452 Waiſenkinder an der Tuberkuloſe zugrunde gehen. So
239 3449 1255 3490 ſcheint es wenigſtens, wenn man nach den gemütvollen
239 3488 1251 3530 Debatten, die in dieſer Verſammlung abgeführt wurden,
237 3527 1253 3569 urteilen muß. Bemerkenswert iſt übrigens, daß ſich auch
241 3565 1257 3607 der Bürgermeiſter Dr. Neumayer in einer Zuſchrift
234 3604 1256 3646 dem Proteſt der Verſammlung anſchloß. Wahrſcheinlich
237 3643 1257 3686 gehört es zur chriſtlichen Weltanſchauung
240 3685 1260 3725 und zur Erneuerung der Geſellſchaft auf chriſtlicher
245 3724 1256 3763 Grundlage, von der jetzt in der „Reichspoſt“ wieder ſo
240 3760 1254 3803 viel die Rede iſt, daß man proletariſchen⸗Waiſenkindern,
238 3800 1259 3840 die an Tuberkuloſe erkrankt ſind, die Möglichkeit der
236 3839 1258 3878 Heilung einſchränkt, damit die noblen Höhenkurorte hübſch
235 3878 1252 3918 im Herrſchaftsbereich des „Giftbaumes“ der Börſe bleiben
242 3919 370 3953 können.
338 3955 1256 3998 Wie wenig in dieſer Angelegenheit ſachliche Er⸗
237 3996 1256 4038 wägungen vorherrſchen, iſt leicht zu erkennen, wenn man
231 4038 1255 4078 den Semmering mit anderen Höhenkurorten vergleicht.
233 4076 1257 4117 Man hat noch nie etwas davon gehört, daß der Winter⸗
239 4114 1259 4155 ſport in Davos dadurch beeinträchtigt worden wäre,
240 4153 1257 4192 daß Davos eigentlich eine weltberühmte Tuberkulöſen⸗
242 4189 1254 4230 heilſtätte iſt. Im Gegenteil. Dieſen Ruf hatte Davos
239 4228 1253 4268 ſchon bevor es ein Mittelpunkt des Wintervergnügens
238 4265 1252 4308 geworden iſt, und die rodelnden Herrſchaften haben ſich
238 4305 1255 4346 nicht im mindeſten geſcheut, ihr fröhliches Treiben mitten in
239 4346 1253 4385 dieſes traurige Siechenneſt zu verlegen. Die Gefahren der
238 4383 1253 4423 Anſteckung ſind aber in Davos vielleicht größer, denn
238 4423 1256 4462 dort laufen die Tuberkulöſen frei herum, während es ſich
240 4461 1257 4500 auf dem Semmering um eine geſchloſſene Heilſtätte
235 4499 1256 4540 handelt. Freilich ſind die Kranken in Davos keine
233 4536 1256 4579 Proletarierkinder, bei deren Anblick man
235 4575 1254 4618 allerlei unbehagliche, das Vergnügen ſtörende Empfin⸗
238 4616 1257 4660 dungen zu gewärtigen hat und an unangenehme ſoziale
238 4658 1258 4700 Tatſachen erinnert wird, ſondern es ſind Klaſſengenoſſen
236 4697 1259 4739 der Lebemänner und Lebedamen aus der Bourgeoiſie, die
238 4736 1257 4780 dort Heilung ſuchen. Vor deren Sputum hat man keine
242 4774 1258 4821 Angſt, auch wenn man ſich nahe davon befindet. Dagegen
240 4815 1258 4862 aber wächſt der Bazillus zu geſpenſtiſcher Rieſengröße und
238 4852 1259 4909 verderblichſter Giftwirkung auch auf große Diſtanzen, wenn
242 4891 1258 4947 er von einem Proletarierkind abgeſetzt wird. Was von
240 4932 1260 4985 Davos gilt, das gilt übrigens auch von Meran, von
235 4966 1262 5029 Nizza, von Kairo und all den anderen faſhionablen
242 5007 1265 5068 Tuberkulöſenheimſtätten der Reichen, die andere Reiche
241 5047 1266 5109 noch nie abgehalten haben, eben dort ihr Vergnügen
245 5106 425 5146 zu ſuchen.
1413 351 2325 396 Daß ein wenn auch in beſcheidenem Maße ſozial
1315 387 2325 437 nützliches Werk unterbleibe, weil ihm die niedrigſten
1313 427 2324 473 Inſtinkte grundloſer blaſſer Furcht eines für Leben und
1309 467 2321 514 Profit mehr als billig beſorgten Geldſackklüngels entgegen⸗
1309 506 2321 554 ſtehen, werden wir nie zugeben, und wir ſind überzeugt,
1311 544 2322 592 daß ſich auch die Behörden nicht zum Werkzeug von
1308 583 2322 631 Machenſchaften erniedrigen werden, die nur beweiſen, daß
1306 623 2320 667 das ſoziale Gewiſſen der Bourgeoiſie ſofort verſtummt und
1306 661 2319 705 in brutalſte Gewiſſenloſigkeit umſchlägt, wenn auch nur
1309 698 2319 747 ein Quintchen des Proſits ganz von fern bedroht ſcheint.
1306 738 2319 783 Der Geiſt des bethlehemitiſchen Kinder⸗
1307 777 2317 825 mordes waltet auch in ſolchen Handlungen, die ſiechen
1302 815 2317 862 Kindern bloß die Lebensrettung verweigern, und man
1307 854 2320 903 kann daher gegenüber der Aktion der Semmeringleute
1303 894 2315 937 und Fremdenverkehrsgſchaftelhuber nur den Standpunkt
1303 932 2316 977 einnehmen, der am ſchärfſten ausgedrückt iſt in der Deviſe
1304 970 2314 1015 Voltaires: „Ecrasez l'infame!“ — Zertretet das Gemeine!
1847 1031 2287 1070 Semmering, 30. Juni.
1406 1071 2316 1116 An die heute vorgenommene Kommiſſionierung der
1304 1107 2311 1155 Bauſtelle für das Tuberkulöſenheim knüpfte ſich eine
1304 1147 2313 1191 Verſammlung der Semmeringintereſſenten, bei der es
1304 1187 2312 1232 womöglich noch aufgeregter zuging als geſtern. Es zeigte
1303 1225 2313 1270 ſich bei der Kommiſſionierung zunächſt, wie klein und un⸗
1302 1264 2311 1308 bedeutend das ganze Projekt iſt. Billig denkende Menſchen
1306 1302 2310 1348 würden dagegen bloß einwenden, daß man vom Schuld⸗
1304 1341 2310 1386 bewußtſein großer Kapitaliſten, die ihr ſoziales Gewiſſen
1303 1380 2311 1424 erleichtern möchten, ſchon noch umfaſſendere Humanitäts⸗
1303 1419 2311 1463 akte erwarten könnte als die Errichtung einer Heilſtätte
1301 1458 2310 1500 für zwanzig Kinder. Es iſt nicht zu befürchten, daß ſich die
1302 1497 2310 1542 Famielie Kupelwieſer im Kampfe gegen die Volksſeuche
1302 1536 2306 1580 ruiniert, aber immerhin kommt das, was ſie leiſtet,
1306 1574 2308 1619 wenigſtens, zwanzig unglücklichen Geſchöpfen zugute,
1309 1615 2308 1657 während das wilde Geſchrei der Silberer⸗Leute, daß die
1302 1653 2308 1696 Anweſenheit von zwanzig tuberkulöſen Kindern vierzehn
1301 1690 2307 1734 Millionen Werte kaput machen werde, niemanden auch
1298 1730 2307 1773 nur das geringſte nützt, den Beſtrebungen zur Bekämpfung
1301 1768 2307 1812 der Tuberkuloſe aber direkt hinderlich und feindlich iſt.
1301 1807 2307 1850 Dabei iſt die Gefahr für den Vierzehnmillionengeldſack bloß
1301 1844 2306 1891 eine eingebildete, dagegen das traurige Los von tuberkulöſen
1300 1883 2306 1927 Waiſenkindern eine harte Realität. Was aber die Einbildung
1299 1923 2306 1965 vermag, wenn es ſich um Profit handelt, davon geben die
1300 1960 2307 2006 wüſten Schimpforgien, die auch bei der Kommiſſionierung,
1296 1999 2307 2044 gefeiert wurden, ein beſchämendes Zeugnis. Den Gipfel⸗
1297 2039 2306 2082 punkt der Sinnesverwirrung erklomm der chriſtlichſoziale
1297 2077 2305 2121 Abgeordnete Gruber, der unter anderem ſagte, die
1298 2116 2304 2160 Arbeiter⸗Zeitung ſetze ſich in dieſer Angelegenheit ſür das
1297 2155 2304 2197 Großkapital ein. Als ob die Semmeringhoteliers und
1297 2193 2305 2236 Villenbeſitzer und die Semmeringhabitués der „kleine
1298 2232 2307 2276 Mann“ wären. Und als ob die Gründung von Tuber⸗
1298 2270 2307 2315 kulöſenheimen eine Geſchäftsangelegenheit des Eiſenkartells
1298 2310 2305 2354 wären, dem ja die Familie Kupelwieſer allerdings an⸗
1298 2349 2307 2392 gehört. Auf die Gefahr hin, den patentierten Chriſten zu
1296 2388 2303 2430 mißfallen, können wir nichts anderes tun, als erklären, daß
1295 2427 2305 2470 wir in dieſem Falle faktiſch die Partei des Großkapitaliſten,
1296 2465 2304 2509 der tuberkulöſe Kinder retten will, ergreifen müſſen, gegen
1296 2503 2306 2547 die kleinen Männer mit den vierzehn Millionen und ihre
1296 2543 2304 2584 Gäſte aus dem Mittelſtand der „Hautefinance“, denen
1296 2580 2306 2624 dieſe Rettung nicht paßt. Vielleicht wird der Abgeordnete
1296 2619 2306 2662 Gruber der Welt auch noch einreden wollen, daß eine
1296 2657 2303 2701 Aktion, die den höchſt interkonfeſſionellen Hotel⸗ und
1295 2697 2306 2740 Villenbewohnern vom Semmering alles fernhalten will,
1295 2735 2306 2778 was eine gute Verdauung beeinträchtigen könnte, eine
1295 2774 2305 2816 eminent antiſemitiſche Tat iſt, während die zwanzig tuber⸗
1297 2813 2304 2856 kulöſen Waiſenkinder, die wir gerettet wiſſen wollen, eine
1294 2852 1907 2893 Angelegenheit des Judentums ſind.
1395 2891 2300 2935 In der Verſammlung, die ſich an die Kom⸗
1294 2930 2300 2974 miſſionierung knüpfte, hat, obgleich auch die
1295 2968 2302 3011 Wiener Stadträte Zatzka und Dr. Deutſchmann
1295 3007 2302 3050 ſowie insbeſondere der villenbeſitzende „kleine Mann“,
1295 3047 2302 3089 Generalkonſul v. Doré, Gediegenes vorbrachten, ent⸗
1295 3085 2304 3127 ſchieden der perſönlich gar nicht anweſende Oberbezirks⸗
1296 3124 2301 3167 arzt Dr. Urbauer mit einem eingehenden Gutachten
1293 3165 2300 3204 den Vogel abgeſchoſſen. „Es iſt zu befürchten,“ heißt es
1294 3202 2302 3244 darin, daß die vielen Millionen, welche auf dem Semmering
1295 3241 2300 3283 als Touriſten⸗ und Erholungsort inveſtiert ſind, verloren
1296 3279 2301 3322 gehen, falls das Projekt verwirklicht würde. Der Fremden⸗
1294 3318 2302 3361 zuzug würde aufhören. Die Tauſende von leichter Er⸗
1297 3357 2303 3399 krankten, wie Neuraſtheniker ꝛc., welche den Semmering
1295 3395 2297 3438 als Erholungsort gern aufſuchen, würden aus begreiflichen
1296 3434 2300 3476 Gründen den Ort, wo ſich Lungenkranke aufhalten, meiden,
1295 3472 2302 3514 denn die Infektionsgefahr iſt beſonders durch den
1297 3511 2303 3552 Transport mit der Bahn ſehr groß.“ Ein Arzt, der aus
1297 3548 2302 3591 Liebedienerei für Intereſſenten ſolche demagogiſche Redens⸗
1297 3588 2306 3632 arten in Form eines mediziniſchen Gutachtens von ſich
1294 3627 2305 3667 gibt, obgleich er ganz genau weiß, daß jedes Wort eine
1295 3668 2303 3710 haarſträubende Uebertreibung iſt, gehört an den Pranger.
1294 3749 2303 3822 Die Agrarier verteuern die Milch.
1390 3836 2304 3875 Der Zweifel, mit dem wir von allem Anfang an der
1293 3879 2305 3919 Verſicherung des Herrn Viktor Ritter v. Greck gegenüber⸗
1293 3923 2303 3963 ſtanden, die er uns als Vorſitzender des Comités der Milch⸗
1293 3966 2303 4006 produzenten gab, erweiſt ſich immer mehr als berechtigt. Wir
1293 4011 2304 4051 haben am 24. Juni den Brief veröffentlicht, den uns Herr
1293 4054 2305 4093 v. Greck geſchrieben hat, und in dem er erklärt, daß „die Milch⸗
1293 4097 2302 4136 produzenten auf eigene Fauſt den Milchvertrieb übernehmen“,
1293 4139 2302 4177 daß ſie damit auch „dem konſumierenden Publikum helfen“
1293 4181 2304 4219 werden, weil ſie „dann die Milch in garantiert guter Qualität
1293 4223 2304 4261 zu 26 Heller per Liter auf den Markt bringen werden“. Wir
1292 4266 2303 4306 haben uns durch dieſe Ankündigung nicht verblüffen laſſen,
1293 4310 2300 4349 denn wir mußten es für das Wahrſcheinliche halten, daß die
1290 4353 2304 4395 Herren Agrarier mit ihr nichts bezwecken, als den Milchgroß⸗
1292 4396 2299 4436 händlern, die bisher nicht geneigt ſind, den Agrariern höhere
1292 4438 2299 4478 Preiſe zu zahlen, den Schrecken in die Glieder zu jagen.
1291 4480 2302 4520 In dieſer Ueberzeugung werden wir nun beſtärkt durch eine von
1292 4521 2299 4563 Herrn v. Greck namens des Comités nach Wüllersdorf
1297 4566 2304 4606 einberufene Verſammlung der Milchproduzenten des Bezirkes
1295 4611 1550 4648 Oberhollabrunn.
1390 4653 2301 4697 Nach dem Bericht, der über dieſe Verſammlung vorliegt,
1294 4697 1881 4737 hat Herr v. Greck folgendes geſagt:
1388 4740 2299 4779 Auf uns Milchproduzenten weiſt man als auf die Ver⸗
1293 4775 2300 4814 teuerer der Lebensmittel hin. Ganz mit Unrecht! Die es in
1294 4810 2298 4846 erſter Linie tun, ſind die, die den eigentlichen Nutzen aus
1294 4843 2296 4882 unſerer Ware ziehen: die Zwiſchenhändler. Vor einigen Wochen
1296 4878 2296 4917 hat ſich nun ein Comité gebildet, das ſich es zur Aufgabe
1298 4910 2296 4949 gemacht hat, durch die Ausſchaltung des Zwiſchen⸗
1296 4945 2295 4984 handels preisregulierend zu wirken. Der Milchpreis wird
1295 4979 2297 5018 nicht teurer, aber das Geld, das der Zwiſchenhandel ver⸗
1295 5015 2294 5056 ſchlingt, ſoll dem Landwirt zugute kommen. In dieſer Gegend
1298 5049 2293 5091 und auch an der Franz Joſefs⸗Bahnſtrecke wird Milch zum Preiſe
1295 5087 2290 5127 von 16 bis 18 Heller per Liter aufgekauft, der Konſument
2357 361 3366 402 bezahlt 26 bis 30 Heller; das bedeutet alſo eine Spannung von
2355 395 3365 438 8 bis 12 Heller. Unſer Notſchrei nach einer menſchenwürdigeren
2355 430 2987 470 Bezahlung iſt vollkommen gerechtfertigt.
2457 464 3364 506 Wir Milchproduzenten müſſen uns jetzt auf den Stand⸗
2356 500 3364 542 punkt der Selbſthilfe ſtellen, an unſere Organiſierung denken.
2355 533 3366 576 Wir werden den Milchverkauf in eigener Regie
2355 569 3366 608 übernehmen und die Finanzierung des Unternehmens von der
2356 602 3367 643 Unionbank durchführen laſſen. Wir wollen den Einheits⸗
2354 638 3364 679 preis von 24 Heller loko Wien für gut gelieferte, den ab⸗
2353 673 3364 713 gemachten Fettgehalt (mehr als 3 Prozent) aufweiſende Ware
2352 706 3368 745 für den Kauf und von 26 Heller per Liter für den
2354 741 3364 780 Verkauf feſtſetzen. Der Konſument wird alſo unter Umſtänden
2353 776 3364 816 noch billiger drauskommen und der Landwirt beſſer. Wir
2354 810 3366 851 geben dieſe gute, preiswerte Milch direkt — in eigenen
2352 844 3362 883 Verkaufsſtellen — an den Konſumenten ab, und zwar aus der
2352 879 3365 919 Kanne. Die Milch müßte vom Käufer in einer der fünfzig
2351 913 3365 953 Filialen, die wir errichten wollen, geholt werden. Wer die
2349 946 3366 987 Zuſtellung von Flaſchenmilch ins Haus will, wird ſich eben
2352 983 3368 1022 weiter dazu bequemen müſſen, bei Milchhändlern einzukaufen.
2349 1017 3368 1055 Für die Unverfälſchtheit unſerer Milch ſtehen wir ein. Wir or⸗
2349 1050 3370 1089 ganiſieren uns und das Wiener Publikum bekommt
2347 1087 3364 1124 gute billige Milch. Dann ſoll es ſagen, ob
2346 1120 3365 1158 wir die Wucherer ſind. Von den zwei Hellern, die uns als
2348 1154 3361 1193 Ueberpreis verbleiben, werden die Regien gedeckt. Die Regie
2347 1186 3361 1227 wird ſogar kaum einen Heller überſteigen, ſo daß der zweite
2345 1222 3362 1260 Heller zum Reſervefonds geſchlagen werden kann, der dazu dienen
2344 1258 3361 1296 ſoll, Genoſſenſchaften oder Einzelproduzenten in ſchlechten Zeiten
2348 1291 3361 1329 zu unterſtützen. Wir werden mit dem Preiſe niemals über
2349 1326 3359 1363 26 Heller hinausgehen. Dafür ſtehen wir ein, und
2349 1361 3360 1398 jeder Arbeiter, jede Familie kann gute, geſunde, billige Milch
2346 1395 3358 1434 bekommen. Wir haben ſchon einen Erfolg zu verzeichnen: der
2348 1427 3360 1468 Milchgroßhändler Wiehart ſchließt ſich unſerer Aktion an. Wir
2345 1465 3359 1503 verfügen heute ſchon über ein Kontingent von 365,000 Liter
2346 1498 3353 1538 Milch täglich und können es noch auf das Doppelte bringen.
2347 1532 3361 1573 Es dürfen unter gar keiner Bedingung Milch⸗
2348 1567 3358 1607 abſchlüſſe mit den Milchhändlern gemacht
2347 1603 3357 1642 werden, um unſere werdende Organiſation
2342 1638 2672 1672 nicht zu ſchwächen.
2444 1679 3356 1717 Mit all dem könnte man einverſtanden ſein, und man
2341 1720 3356 1762 könnte es glauben, wenn nicht Herr v. Greck dieſer langen Rede
2343 1766 3361 1805 noch einen einzigen Satz hinzugefügt hätte, der viel bedeutungs⸗
2343 1808 3359 1847 voller iſt als die ganze übrige lange und ſchöne Rede. Er ſagte
2343 1851 2675 1886 nämlich am Schluß:
2444 1892 3359 1930 Wenn ſich die Milchhändler nicht mit uns
2342 1929 3365 1966 einigen, wollen wir vom 1. Oktober d. J. ab den Ver⸗
2341 1961 2883 1998 kauf in eigene Regie übernehmen.
2438 2004 3359 2045 Dieſer eine Satz hebt natürlich die ganze übrige Rede
2342 2048 3356 2087 vollſtändig auf. Herr v. Greck ſpekuliert alſo noch immer auf die
2343 2092 3357 2130 Einigung mit den Milchhändlern. Das heißt er will von ihnen
2340 2136 3357 2172 24 Heller; wie teuer und in welcher Qualität die Milchländler
2340 2176 3358 2216 die Milch den Wienern verkaufen, iſt ihm aber herzlich gleich⸗
2342 2221 3357 2258 giltig. Da aber die Miſchgroßhändler, die, wie auch Herr v. Greck
2339 2263 3360 2302 weiß, beſonders edle Menſchenfreunde ſind, die Preisſteigerung,
2340 2307 3356 2344 die ſie bewilligen, nicht aus ihrer Taſche tragen würden, iſt
2340 2350 3357 2389 auch ihm klar, daß, falls die Einigung, von der er ſprach, zu⸗
2340 2393 3355 2431 ſtande käme, die Konſumenten wieder bluten
2339 2435 3352 2475 müßten. Es hat zwar in der Verſammlung der Milchgroß⸗
2340 2478 3352 2516 händler Wiehart erklärt, daß die Zwiſchenhändler noch
2340 2521 3354 2560 immer genug verdienen, wenn ſie auch höhere Preiſe zahlen,
2340 2564 3352 2602 und daß er ſelbſt den Preis nicht ſteigern werde, aber bei den
2340 2607 3352 2646 anderen Zwiſchenhändlern ſetzt doch Herr v. Greck dieſe Selbſt⸗
2338 2649 3353 2687 beſchränkung nicht voraus. Wenn er nun von ſeinem
2340 2692 3351 2731 Projekt bloß als von einer Eventualität für den Fall
2341 2733 3356 2772 ſpricht, daß die Einigung mit den Milchgroßhändtern nicht zu⸗
2339 2778 3354 2817 ſtande komme, ſo iſt dieſes Projekt nicht ernſt zu
2338 2821 3353 2859 nehmen, und es beſteht die ernſte Gefahr der Er⸗
2339 2862 3351 2901 höhung des Milchpreiſes. Es heißt alſo auf der
2338 2909 2493 2943 Hut ſein!
2340 2976 3348 3050 Eine alte Kaſerne — heute Wohn⸗
2525 3049 3164 3118 haus — in Flammen.
2526 3134 3154 3174 Viele Familien in größter Gefahr.
2438 3185 3354 3227 In Berlin wütete am Peter und Paulstag ein
2340 3225 3354 3266 Brand, bei dem mehr als zwanzig Familen in Lebensgefahr
2340 3264 3358 3305 ſchwebten. Sie wohnten in der ehemaligen Kaſerne des
2341 3302 3358 3342 Alexanderregiments in der Alexanderſtraße, die Staats⸗
2340 3341 3355 3382 eigentum iſt und einem Generalpächter zur Verwaltung
2340 3379 3355 3422 übergeben iſt. Das Erdgeſchoß und das erſte Stockwerk
2340 3418 3356 3460 ſind zum größten Teil zu Fabriks⸗ und Lagerräumen
2343 3455 3356 3497 hergerichtet, in den beiden oberen Geſchoſſen wohnen
2339 3497 3357 3538 nahezu fünfzig kleine Familien, die meiſt
2341 3533 3356 3577 nur ein oder zwei Zimmer, die früheren Mannſchafts⸗
2344 3573 3356 3616 zimmer, gemietet haben. Die einzelnen Räume ſind noch
2341 3612 3357 3654 von alter Zeit her fortlaufend numeriert und münden
2340 3650 3353 3691 alle auf einen gemeinſchaftlichen
2340 3688 3355 3729 breiten Korridor, der ſich vom Seiten⸗
2340 3726 3353 3769 flügel nach dem Vorderhauſe herum⸗
2341 3767 2474 3807 zieht.
2437 3805 3354 3847 Gegen 7 Uhr Morgens entdeckten die Bewohner, als
2338 3844 3351 3886 ſie die Türen öffneten, daß die langen düſteren
2341 3884 3355 3924 Korridore in allen Stockwerken völlig ver⸗
2342 3922 3351 3965 qualmt waren. Die Urſache war, wie ſich bald
2341 3962 3350 4004 herausſtellte, ein Brand im Treppenhauſe des Seiten⸗
2339 4001 3349 4042 flügels. Von dort her wälzten ſich ſchwarze beißende
2341 4040 3350 4083 Rauchſchwaden die Korridore entlang und bald folgten
2341 4080 3351 4120 gewaltige Stichflammen, die eine Länge
2340 4119 3348 4158 von 20 bis 30 Meter erreichten. Schon fingen in den
2340 4155 3346 4196 oberen Stockwerken die Wohnungstüren zu glimmen an.
2341 4192 3349 4233 Die Bewohner wurden von einem paniſchen
2340 4230 3348 4273 Schrecken ergriffen und ſtürzten in ihrer Verzweiflung,
2339 4269 3349 4311 die meiſten notdürftig bekleidet, nach dem Hofe und der
2341 4309 3348 4351 Straße zu. In die lauten Hilferufe der Männer und
2338 4348 3350 4392 Frauen miſchte ſich das entſetzliche Geſchrei
2338 4388 3349 4430 der zahlreichen kleinen Kinder, die von
2337 4425 3351 4471 ihren Müttern, in Decken gewickelt, aus den Fenſtern ge⸗
2337 4466 3349 4509 halten wurden, um ſie aus dem erſtickenden Qualm zu
2337 4502 2472 4542 befreien.
2439 4541 3349 4590 Aus allen Häuſern der angrenzenden Straßen eilten
2337 4581 3347 4633 Hunderte von Menſchen herbei, die aber keine Rettung
2337 4622 3347 4671 bringen konnten, da inzwiſchen der ganze Hof und die
2337 4660 3348 4713 Alexanderſtraße auf eine lange Strecke hin durch dicke
2336 4697 3351 4756 ſchwarze Rauchwolken verfinſtert wurden. Bald aber traf
2338 4742 3346 4798 die Feuerwehr ein, die ſofort ihre Rettungsaktion be⸗
2336 4784 3346 4836 gann. Im erſten Augenblick war gar nicht feſtzuſtellen, wo
2337 4819 3347 4873 der Brandherd eigentlich lag, denn aus allen
2336 4857 3345 4915 Fenſtern und Winkeln des lang⸗
2336 4898 3348 4953 geſtreckten Gebäudes quollen dunkle
2333 4933 3348 4997 Rauchwolken hervor. Die Feuerwehrleute
2334 4972 3345 5036 ſtellten ihre Leitern auf und ſtiegen ſowohl von der
2327 5010 3340 5076 Straße wie vom Hofe aus in die einzelnen Wohnungen
2322 5054 3340 5117 ein. Währenddeſſen wurde den geängſtigten Bewohnern
2323 5092 3339 5156 von unten zugerufen, daß ſie oben bleiben und nicht
