1536 2326
102 175 555 271 Innsbrucker
963 181 1413 285 Nachrichten.
504 407 990 470 Eilfter Jahrgang.
79 502 243 558 Samſtag
603 489 883 578 No 148.
1130 510 1423 566 2. Juli 1864.
141 594 1422 641 Erſcheint täglich mit Ausnahme der Sonn⸗ und Feſttage. — Der Preis iſt vierteljährig 1 fl.
76 626 1421 673 35 kr. öſterr. W., per Poſt täglich expedirt 2 fl. 15 kr. öſterr. W., monatlich 45 kr. öſterr. W.,
77 663 1423 708 monatweiſe per Poſt bezogen 72 kr. öſterr. W. Einzelne Nummern werden zu 3 kr. öſterr. W. ab⸗
72 698 1422 742 gegeben. — Beſtellungen können gemacht werden in der Wagner'ſchen Univerſitäts⸗Buchhandlung in
73 728 1422 775 Innsbruck, Brixen (Nr. 14) und Feldkirch und für hier vierteljährig bei Hrn. Jeremias
73 764 1422 810 Federſpiel, Zettelträger. — Inſerate jeder Art werden angenommen und koſtet die zweiſpaltige Petitzeile
74 798 1320 842 oder deren Raum für einmalige Einſchaltung 3 kr. öſterr. W., für dreimalige 6 kr. öſterr. W.
75 836 1425 884 Im Auslande nehmen Annoncen entgegen Haaſenſtein & Vogler in Hamburg⸗Altona
138 871 1357 913 und Frankfurt am Main, dann die Jäger'ſche Buchhandlung in Frankfurt am Main.
525 956 958 1007 Telegramm.
373 1004 1123 1103 Ziehung der Creditlooſe.
150 1092 1421 1154 Serie 1630 Nummer 34 gewinnt 250,000 fl., fernere
64 1141 1420 1201 gezogene Serien: 343, 4171, 1809, 1537, 780, 100, 1241,
63 1189 1262 1248 1378, 922, 1022, 2360, 968, 822, 3513, 3679.
148 1260 1417 1312 Aus Wien, 26. Juni, ſchreibt man der „K. Ztg.,“ daß in Kiſſingen kein
65 1305 1417 1364 Dokument irgend welcher Art unterzeichnet, dagegen in Karlsbad die Verbindung
61 1354 1416 1406 zwiſchen den deutſchen Großmächten neu befeſtigt worden ſei und daß aller Wahr⸗
61 1400 1418 1455 ſcheinlichkeit nach dieſe letztere Verbindung nicht blos ad hoc und für die Dauer
64 1447 1417 1504 der däniſchen Verwicklung abgeſchloſſen iſt, ſondern daß es ſich jetzt um eine förmliche
63 1495 1415 1552 Allianz zwiſchen Oeſterreich und Preußen, begründet auf dem Bundesverhältniß,
61 1543 1414 1600 handelt, genauer ausgedrückt, um ein Schutz⸗ und Trutzbündniß zwiſchen Preußen,
61 1591 1414 1646 Rußland und Oeſterreich, mit ganz concreten Verabredungen und Zielen. Eines
60 1637 1412 1699 dieſer Ziele dürfte die endliche Ausführung des Züricher Vertrags in's Auge faſſen.
59 1683 1413 1741 Jedenfalls aber werde man fürderhin der Politik des Grafen Rechberg und des
59 1734 1412 1790 Hrn. v. Bismark — deren beiderſeitige Stellung neu befeſtigt aus der Karlsbader
56 1779 1372 1839 Zuſammenkunft hervorgeht — nicht mehr in entgegengeſetzten Lagern begegnen.
139 1826 1413 1882 Wien, 29. Juni. Die Beunruhigung über die letzten Pläne Preußens hat
57 1876 1414 1932 durch die von Petersburg und Berlin bez. Kiſſingen und Karlsbad aus pouſſirte
56 1922 1412 1980 Kandidatur des Großherzogs von Oldenburg neue Nahrung erhalten. In weiten
57 1970 1409 2025 Kreiſen überzeugt man ſich ſchwer, daß dies plötzliche Vorſchieben eines neuen
54 2016 1415 2074 Prätendenten etwa aus dem Beſtreben Preußens entſpringe, ja nicht die rechtmäßige
52 2062 1409 2121 Thronfolge in den Herzogthümern zu ſtören. Gerade die offiziöſen preußiſchen
56 2109 1411 2168 Organe haben über den Legitimitätspunkt mit einer geradezu demokratiſchen Frivolität
50 2158 1415 2217 geſprochen. Es müßte wahrlich mit ſeltſamen Dingen zugehen, wenn die olden⸗
