3488 5345
91 245 690 286 Redaction, Administration & Druckerei:
187 287 583 308 Kolowrat-Ring, Fichtegasse Nr. 11.
95 309 686 333 Unfrankirte Briefe werden nicht angenommen und
193 334 585 356 Manuscripte nicht zurückgesendet.
188 360 586 387 Ankündigungs-Bureau:
97 389 686 412 Stadt, Wollzeile Nr. 20. Insertionspreis nach Tarif.
95 415 684 433 Inserate übernehmen im Auslande: John F. Jones
96 437 684 458 & Co. in Paris, 31 bis, Rue du Faubourg Mont⸗
95 459 687 479 martre: Agence Havas in Brüssel; Rudolf
95 480 684 498 Mosse in Berlin, Frankfurt a. M., Mün-
98 500 684 523 ehen. Leipzig: G. L. Daube & Co. in Frank⸗
95 522 685 544 furt a. M., Berlin, Cöln, Leipzig; Has⸗
95 544 686 565 senstein & Vogler in Hamburg, Berlin,
95 565 685 588 Frankfurt a. M. u. Basel: Annoncen-Expe⸗
96 587 685 605 dition „Invalidendank“ in Berlin: Annoncen-Ex⸗
96 604 684 630 pedition „Invalidendank“ in Chemnitz; Bernh.
94 630 689 651 Arndt, Ann.-Exp. in Berlin; Heinrich Eisler, Adolf
93 651 684 672 Steiner und Károly & Liebmann, Ann.-Expeditionen
93 672 685 695 in Hamburg: Wilhelm Scheller u. Eduard Schlotte,
93 694 682 713 Ann.-Expeditionen u Bremen; Orell Füssli & Co.
94 716 683 737 in Zürich u. Basel: E. E. Oblieghtin Mailand,
94 736 684 757 Florenz u. Rom: Sam. Deacon & Co., London.
191 769 583 791 Abonnement für Wien:
93 791 683 816 Im Hauptverlage, Wollzeile 20: Ganzjähr. fl. 21.60,
93 816 684 839 monatl. fl. 1.80. Mit Zustellung ins Haus: Viertelj.
258 838 517 860 fl. 6.30, monatl. fl. 2.10
127 858 646 879 Einzeln: Morgenblatt 6 kr., Abendblatt 8 kr.
1411 254 1884 354 Neue
782 383 2561 714 Freie Presse.
1464 780 1869 859 Abendblatt.
2699 228 3190 257 Abonnement für das Inland:
2644 259 3238 285 Mittägl. einmal. Postversendung: Ganzj. d. 28, halbj.
2647 282 3240 308 fl. 14, viertelj. fl. 7. Mittägl. zweimal. Postvers.: Ganzj.
2760 306 3135 328 fl. 22, halbj. fl. 16, viertelj. fl. 8.
2689 344 3215 370 Abonnement für das Ausland:
2868 372 3029 395 Vierteljährig:
2650 397 3247 421 Bei uns (Kreuzband-Versendung): Deutsch-
2649 419 3246 442 land und Serbien 10 fl., alle übrigen Staaten
2652 441 3247 465 des Weltpostvereines 11 fl. — Bei den Post-
2652 462 3246 484 ämtern in: Deutschland 11 M. 10 Pf.,
2650 483 3248 505 Schweiz 14 Fr., Rumänien und Serbien
2650 503 3247 529 16 Fr., Bulgarien 14 Fr., Russland 6 Rubel,
2652 526 3250 549 Griechenland und europäische Türkei
2647 547 3253 572 7 fl. 42 kr., asiatische Türkei 8 fl. 20 kr.,
2652 568 3248 593 Egypten 15 Fr. 50 Ct. - Bei den Agenturen
2650 591 3250 613 in Italien: E. E. Oblieght in Mailand, Florenz und
2652 613 3251 635 Rom, Loescher & Co. in Rom 28 Fr. 50 Ct., Henry
2653 635 3252 658 Berger in Mailand. Via Moravigli 10, 28 Fr.; Frank⸗
2655 656 3251 681 reich : Agence Havas in Paris, 20 Fr. 50 Ct.: Eng⸗
2653 678 3252 702 land: A. Siegle, 30 Lime-Street E. C., London,
2656 699 3250 722 24 Sh. daselbst für die englischen Colonien
2655 721 3250 742 mit Portozuschlag; Nordamerika: R. Steiger,
2655 742 3251 765 25 Park - Place, Gustav E. Stechert, 768 Broadway,
2654 765 3251 787 Intern. Publishing Agency, 710 Broadway in Newyork,
2842 788 3067 806 6 Doll. 40 Cts. Gold.
2653 823 3253 850 Für die an Agenten, Austräger oder Verschleisser
2692 847 3225 869 bezahlten Beträge leisten wir keine Garantie.
162 924 601 989 Nr. 11085.
1270 920 2064 996 Wien, Samſtag, den 6. Juli
2938 914 3199 978 1895.
372 1044 836 1108 Politiſche Ueberſicht.
837 1102 1084 1141 Wien, 6. Juli.
175 1151 1117 1193 Das Abgeordnetenhaus ſetzt die Debatte über
92 1193 1116 1238 den Voranſchlag des Landesvertheidigungs⸗Mini⸗
92 1237 1117 1278 ſteriums fort und wird dieſelbe im Laufe der heutigen
91 1277 1115 1322 Sitzung beendigen. Nach den Abgeordneten Pergelt und
90 1321 1115 1364 Purghart hat der Landesvertheidigungs⸗Miniſter Graf
91 1366 1114 1406 Welſersheimb das Wort ergriffen und die Discuſſion
91 1408 1120 1449 zum Anlaß genommen, um eine Reihe von Interpellationen,
91 1449 1119 1492 die Angelegenheiten der Armee und der Landwehr betreffen,
91 1491 1116 1536 zu beantworten. Die erſte Hälfte der nächſten Woche wird
92 1533 1115 1581 von der Verhandlung über das Unterrichts⸗Budget in An⸗
91 1578 1116 1620 ſpruch genommen werden. Speciell der Mittwoch iſt für
93 1621 1115 1661 die Berathung des Etats der Mittelſchulen beſtimmt und
93 1661 1116 1705 da wird die Schlacht über das Cillier Gymnaſium geſchlagen
92 1709 218 1742 werden.
178 1748 1118 1792 Die ſerbiſche Miniſterkriſe wird, wie es
92 1791 1119 1833 ſcheint, auch heute noch nicht ihre Löſung finden. Verhand⸗
89 1834 1125 1877 lungen ſchweben gegenwärtig nur mit dem Fortſchritts⸗
94 1876 1120 1919 führer Novakovic, dem die Bildung eines rein fortſchritt⸗
94 1919 1118 1962 lichen Miniſteriums unter der Bedingung übertragen werden
94 1963 1118 2003 ſoll, daß die fortſchrittliche Majorität in der Skupſchtina
95 2005 1116 2046 ſich zur Bewilligung des Finanz⸗Arrangements verpflichtet.
93 2045 1120 2089 Damit erſcheint die Zahl der Möglichkeiten, die Kriſe zur
93 2089 1118 2132 Löſung zu bringen, auf den Punkt reducirt, von dem die
94 2131 1117 2177 Kriſe ausging. Die Frage iſt jetzt, ob die Fortſchrittspartei
94 2177 1117 2220 ſich entſchließen wird, das Finanz⸗Arrangement zu acceptiren.
94 2220 1118 2261 Da dieſe Frage heute Vormittags noch nicht entſchieden
93 2262 1118 2305 war, ſo wurde die Skupſchtina durch das demiſſionirte
95 2303 1119 2346 Cabinet Kriſtic formell mittelſt der Verleſung des könig⸗
95 2345 1118 2388 lichen Einberufungsſchreibens eröffnet, worauf ſie ſich bis
96 2388 810 2432 zur endgiltigen Löſung der Kriſe vertagte.
180 2434 1118 2475 Kühl und gelaſſen hat geſtern der preußiſche
94 2474 1118 2516 Cultusminiſter im Abgeordnetenhauſe einen neuen cleri⸗
95 2517 1118 2558 calen Vorſtoß abgewehrt. Es handelte ſich um eine
94 2560 1118 2601 Interpellation des famoſen Abgeordneten Rintelen, deſſen
94 2603 1118 2644 man ſich von ſeinen Anträgen in der Umſturz⸗Commiſſion
95 2646 1119 2686 erinnert, wegen des katholiſchen Religions⸗
95 2688 1127 2729 unterrichtes in den Volksſchulen. Der Inter⸗
95 2731 1119 2772 pellant forderte die Aufhebung des berühmten Falk'ſchen
97 2773 1120 2814 Erlaſſes vom 18. Februar 1876, der auf dem Grundſatze
96 2816 1120 2856 beruht, daß der Religionsunterricht ebenſo wie jeder andere
98 2858 1121 2899 Unterricht im Auftrage des Staates ertheilt werde,
97 2902 1120 2943 und reclamirte für die Kirche die alleinige Leitung
98 2945 1121 2984 des Religionsunterrichtes. Der Cultusminiſter lehnte die
100 2986 1123 3027 Erörterung principieller Gegenſätze ab, verneinte aber die
89 3029 1121 3071 Frage, ob die Aufhebung des Falk'ſchen Erlaſſes zu erwarten
94 3073 1121 3113 ſei. Darauf echauffirten ſich noch einige andere Centrums⸗
96 3113 1121 3156 redner, um das auf die Wähler berechnete Culturkampf⸗
96 3155 1120 3199 Feuerwerk nicht ganz verpuffen zu laſſen, aber es war doch
95 3201 1121 3243 nur ein halb geordneter Rückzug, den ſie nehmen mußten,
97 3243 1120 3287 und ihre Hoffnung, noch in den letzten Tagen der Seſſion
99 3286 1121 3328 eine große kirchenpolitiſche Discuſſion zu inſceniren, war
97 3330 1038 3370 durch die Kaltblütigkeit des Miniſters geſchickt vereitelt.
1242 1040 2183 1084 Die engliſchen Parlamentswahlen
1158 1085 2183 1127 werden vorausſichtlich am 13. Juli in London und den
1160 1129 2183 1172 übrigen Städten beginnen. Zur Beſeitigung der bisherigen
1158 1172 2183 1212 liberalen Mehrheit haben die Unioniſten nur vierzehn Sitze
1154 1212 2184 1256 zu gewinnen. Sie rechnen bekanntlich auf mindeſtens fünfzig.
1158 1256 2185 1298 Während man das in Ausſicht geſtellte Wahlmanifeſt Lord
1157 1300 2184 1341 Salisbury's mit allgemeiner Spannung erwartet, wird jetzt
1159 1342 2183 1384 durch den Daily Chronicle ein politiſches Programm
1159 1384 2184 1427 der neuen Regierung bekannt, welches gleich
1159 1429 2185 1469 den bis jetzt bekannt gewordenen Wahlkundgebungen
1157 1468 2188 1513 Balfour's, Chamberlain's, Hicks⸗Beach's mit wirthſchaftlich⸗
1160 1513 2185 1556 ſocialen Verheißungen für die unteren Wählerſchichten
1160 1556 2186 1597 nicht kargt. Das obengenannte radicale Blatt will in der
1160 1598 2186 1640 Lage ſein, dieſes Regierungsprogramm in nachfolgenden
1159 1641 2186 1683 Umriſſen mitzutheilen: Voran ſteht eine kräftige, durch eine
1160 1683 2194 1725 ſtarke Marine unterſtützte Reichspolitik; die afrikaniſch⸗
1161 1725 2185 1770 engliſchen Intereſſen ſollen gefördert und für Erleichte⸗
1160 1770 2186 1811 rungen im Verkehre zwiſchen Mutterland und Colonien ge⸗
1160 1812 2187 1852 ſorgt werden. Reich beſetzt iſt das conſervativ⸗unioniſtiſche
1161 1854 2185 1897 Programm mit Heilmitteln in der ſocialen Frage, nämlich:
1161 1896 2184 1939 Reform der Armenpflege, Altersverſorgung, billige und leichte
1161 1941 2186 1981 Uebertragung des Bodenbeſitzes, Verbeſſerung der Armenwoh⸗
1162 1982 2189 2024 nungen, Einſchränkung der mittelloſen Einwanderung, ſowie der
1162 2025 2186 2069 Einfuhr der Gefängniß⸗Fabricate, Ergänzung des Haftpflicht⸗
1162 2069 2186 2110 geſetzes für die Arbeitgeber; auch fiscaliſche Reformen werden
1162 2109 2186 2153 in Ausſicht geſtellt; die Löſung der Agrarfrage endlich trägt
1160 2154 2188 2197 den Stempel Salisbury's: Vermehrung der Kleingehöfte,
1161 2198 2187 2239 genaue Prüfung des Berichtes der parlamentariſchen Com⸗
1163 2239 2189 2281 miſſion, welche die gedrückte Lage der Landwirthſchaft unter⸗
1163 2283 2188 2324 ſucht und Maßregeln zur Erleichterung der Bodenlaſten vor⸗
1163 2324 2190 2366 geſchlagen hat; endlich wünſcht das Agrarprogramm Noth⸗
1164 2367 2196 2409 bauten für die ſchottiſche Weſtküſte. Man ſieht, die neue
1162 2411 2194 2452 Regierung verſpricht viel; bleibt abzuwarten, wie viel davon
1162 2454 1425 2496 ſie halten kann.
1361 2530 1992 2588 Oeſterreichiſcher Reichsrath.
1918 2589 2156 2622 Wien, 6. Juli.
1249 2632 2190 2666 Abgeordnetenhaus. (407. Sitzung.) Beginn der Sitzung
1163 2665 2189 2701 10 Uhr. Vorſitzender: Präſident Freiherr v. Chlumecky. Auf
1163 2701 1740 2734 der Miniſterbank: Welſersheimb.
1249 2739 2195 2778 Nach Mittheilung der eingelaufenen Petitionen geht das Haus
1163 2777 1516 2811 zur Tagesordnung über.
1251 2812 2194 2851 Gegenſtand derſelben iſt die Fortſetzung der Debatte über den
1165 2850 2095 2883 Etat des Landesvertheidigungs⸗Miniſteriums.
1251 2886 2192 2927 Abg. Dr. Pergelt conſtatirt mit Genugthuung und aufrichtiger
1164 2926 2191 2960 Befriedigung, daß der heutige Zuſtand unſerer Landwehr, was ihre
1165 2960 2192 2995 Ausbildung und Haltung anlangt, ein ganz ausgezeichneter genannt
1164 2996 2192 3029 werden muß. Die Ausbildung muß aber eine ſehr intenſive ſein,
1165 3030 2192 3062 und die Folge iſt eine große Anſtrengung der Landwehrmann⸗
1165 3062 2194 3097 ſchaft. Es iſt daher die Bitte berechtigt, daß insbeſondere dem
1164 3098 2193 3133 phyſiſch ſchwächeren Theile der Mannſchaft in der Ausübung
1166 3133 2194 3167 des ſo ſchweren Dienſtes Erleichterungen gewährt werden. Redner
1166 3167 2193 3201 beſpricht die Verhältniſſe der Einjährig⸗Freiwilligen bei der Landwehr
1165 3201 2193 3235 und drückt den Wunſch aus, daß bei der Zutheilung der Freiwilligen
1165 3236 2194 3270 zu den einzelnen Ausbildungsſchulen auf die Vorbildung entſprechend
1166 3270 2195 3304 Rückſicht genommen werde, damit Freiwillige, welche oft den Doctor⸗
1165 3303 2196 3339 grad ſchon erreicht haben, nicht mit Officiers⸗Aſpiranten zuſammen⸗
1164 3339 2195 3374 kommen, die ihrer ganzen Vorbildung und ihrem Lebenslaufe nach
2226 1035 3256 1074 ihnen nicht gleichwerthig ſind. Er verweiſt weiter auf die ſchweren materiellen
2225 1072 3255 1109 Opfer, welche den Cadet⸗Officiers⸗Stellvertretern durch Einberufung
2227 1106 3255 1144 zu den Waffenübungen auferlegt werden, da ſie einerſeits in ihrem
2228 1139 3258 1176 ganzen Auftreten den Officieren gleichſtehen ſollen, aber nur die
2227 1175 3257 1211 Gage eines Feldwebels beziehen. Endlich unterzieht Redner
2227 1209 3255 1246 die Frage der Waffenübungen der Landwehr einer näheren
2226 1243 3255 1280 Kritik. Mit Rückſicht darauf, daß die Präſenzdienſtzeit
2229 1278 3254 1315 beim Heere zwar nominell drei Jahre beträgt, aft aber
2228 1312 3255 1348 nur zwei Jahre dauert, könne es vorkommen, daß die Dienſtzeit eines
2228 1346 3256 1383 zur Landwehr Aſſentirten einſchließlich der Waffenübungen 29 Monate,
2229 1379 3255 1416 die Dienſtzeit eines zur Linie Aſſentirten einſchließlich der Waffen⸗
2228 1415 3255 1451 übungen nur 26 ½ Monate dauere. Ebenſo dienen die Erſatzreſerviſten
2229 1450 3255 1485 der Landwehr im Ganzen 7 Monate, während die Erſatzreſerviſten
2229 1483 3257 1520 der Linie nur eine Dienſtzeit von 5 Monaten haben. Dieſe Incon⸗
2229 1518 3254 1554 gruenz möge im Wege der Geſetzgebung beſeitigt werden. Unter Hin⸗
2229 1552 3257 1586 weis auf die Nachtheile und Beſchwerniſſe, welche für ältere Männer
2229 1585 3255 1621 in beſſerer ſocialer Stellung, welche oft ſchon einen Hausſtand be⸗
2230 1620 3257 1656 gründet haben, mit der Einberufung zur Waffenübung verbunden
2230 1655 3258 1689 ſind, gibt Redner dem Wunſche Ausdruck, daß die Einberufung der
2229 1689 3259 1725 Landwehr zu den periodiſchen Waffenübungen in der Art vertheilt
2228 1723 3258 1759 werde, daß zu denſelben die Mannſchaft zumeiſt in den jüngeren
2230 1758 3261 1795 Jahren herangezogen werde. Er empfiehlt dem Hauſe die Annahme
2231 1793 2993 1828 einer diesbezüglichen Reſolution. (Lebhafter Beifall.)
2318 1826 3262 1864 Abg. Purghart erklärt, er wolle zeigen, daß er kein enfant
2230 1860 3260 1896 terrible ſei, wie viele Blätter ihn zu benennen beliebt haben, ſondern
2233 1895 3264 1931 daß er als geſetzter Mann die Dinge reiflich überlege; dann aber ſei
2233 1929 3266 1963 er verpflichtet, alles dasjenige vorzubringen, was er zur Wahrung
2233 1963 3267 2000 der Intereſſen derjenigen für nöthig erachtet, die er zu vertreten hat.
2234 1997 3263 2033 Er beklagt ſich darüber, daß Leute, die längſt ausgedient haben, ihren
2233 2032 3267 2069 Abſchied nicht bekommen, ſo daß ſie im Kriegsfalle nicht in den Land⸗
2234 2066 3260 2102 ſturm, ſondern in die Landwehr eingetheilt zu werden beſorgen müſſen.
2232 2099 3264 2136 In der Landſturm⸗Evidenz herrſche große Unordnung. Es werde kein
2233 2135 3264 2170 Unterſchied zwiſchen den Leuten gemacht, welche in die erſte, und den⸗
2232 2169 3262 2206 jenigen, welche in die zweite Abtheilung gehören. Redner beſpricht die
2234 2204 3264 2240 Frage der Verköſtigung der Soldaten; für die einrückenden Bauernſöhne
2235 2238 3260 2273 wäre eine Uebergangskoſt zu empfehlen, da die Leute an Fleiſchkoſt nicht
2234 2274 3266 2308 gewohnt ſind. Auch möge man den Soldaten nicht die ganze Mittags⸗
2236 2308 3265 2342 koſt in Eine Schale geben, ſo daß die Knochen ſich in die harten
2234 2341 3264 2375 Knödel ſpießen. Es wäre auch gut, wenn die Knochen vorher ein
2236 2375 3266 2411 bischen beſſer abgewaſchen würden. Bei großer Hitze ſollen die
2236 2411 3266 2444 Soldaten zum Baden geführt werden oder Branntwein zum Ein⸗
2234 2443 3266 2480 reiben der Füße erhalten; allerdings müßte das Letztere unter Auf⸗
2236 2479 3268 2514 ſicht geſchehen, damit der Branntwein nicht anders verwendet werde.
2235 2512 3264 2548 (Heiterkeit.) Im Allgemeinen aber möge man den Leuten mit
2235 2547 3265 2583 Humanität entgegenkommen. Man möge auch darauf achten, daß
2236 2581 3265 2615 die Chargen die Leute nicht ausnützen. Wenn ein reicher Bauernſohn
2235 2616 3266 2650 zur Uebung kommt, wird er oft von der Charge ſekkirt, bis er Geld
2235 2647 3267 2685 hergibt; gibt er es her, dann wird er erſt recht ſekkirt, damit er mehr
2237 2685 3268 2720 hergibt. Bei der Einberufung von Bauernſöhnen möge auf die Ernte⸗
2236 2721 2713 2755 zeit Rückſicht genommen werden.
2322 2752 3266 2788 Landesvertheidigungs⸗Miniſter Feldzeugmeiſter Graf Welters⸗
2237 2788 3266 2822 heimb will zunächſt einige an ihn gerichtete Interpellationen beant⸗
2237 2822 3269 2857 worten. Bezüglich einer Interpellation des Abg. Dr. March et über
2238 2857 3266 2890 Beurlaubungen zum Zwecke der Theilnahme an Rebveredlungen
2238 2891 3270 2926 bemerkt der Miniſter, daß die Heeresleitung aus unerläßlichen Dienſtes⸗
2237 2925 3268 2960 und Standesrückſichten nicht in der Lage ſei, allgemeine Verfügungen
2237 2959 3268 2995 zu treffen. Einzelne Fälle können nach Befürwortung der berufenen
2238 2994 3267 3029 Behörden nach Thunlichkeit behandelt werdeu, wie dies auch ſchon
2234 3029 3268 3064 wiederholt der Fall war. Er werde eine Verordnung erlaſſen, wonach
2239 3063 3268 3096 bei Beurlaubungen jene Soldaten in erſter Linie zu berückſichtigen
2238 3097 3266 3131 ſind, welche eine Ackerbauſchule abſolvirt haben und ſich der
2239 3130 3267 3166 eigenen Wirthſchaft thatſächlich widmen oder vor ihrer Einreihung
2240 3167 3268 3200 als landwirthſchaftliche Arbeiter thätig waren. Bei unſerer beſchränkten
2240 3198 3268 3236 Dienſtzeit ſei es nothwendig, die Zeit für die Ausbildung ſehr ſtrenge
2240 3236 3268 3270 auszunützen, um das Ziel zu erreichen. Es ſei ausgeſchloſſen, jeden
2240 3270 3269 3303 einzelnen Mann nach ſeinem ſpeciellen Intereſſe zu behandeln. Wir
2240 3304 3268 3338 haben thatſächlich nur einen halb ſo großen Präſenzſtand als Mächte
2241 3339 3266 3373 von annähernd gleicher Größe und Bevölkerungszahl, ſo daß die Ent⸗
387 3421 808 3494 Kleine Chronik.
842 3488 1091 3528 Wien, 6. Juli.
178 3538 1130 3582 [Perſonal⸗Nachrichten.] Der Statthalter von Ober⸗
102 3580 1127 3620 öſterreich, Baron Puthon, iſt in Iſchl angekommen und im
104 3618 1127 3660 „Hotel Eliſabeth“ abgeſtiegen. — Herrenhausmitglied Dr. Ignaz
100 3658 1126 3698 Edler v. Plener hat ſich heute zum Sommeraufenthalte nach
99 3697 1127 3735 Windiſchgarſten begeben. — Der Kaiſer hat den mit dem Titel
101 3733 1127 3774 und Charakter eines Hof⸗ und Miniſterialrathes bekleideten
99 3773 1127 3814 Sectionsrath Karl Ritter Schultes v. Felzdorf und
101 3812 1125 3852 Tzimitz zum Hof⸗ und Miniſterialrathe ernannt und dem mit
101 3850 1129 3888 dem Titel und Charakter eines Regierungsrathes bekleideten erſten
103 3889 1129 3930 Cuſtos der Hofbibliothek, Wenzel Hartl, in Anerkennung ſeiner
102 3927 1129 3966 vieljährigen erſprießlichen Dienſtleiſtung den Orden der Eiſernen
103 3966 1134 4006 Krone dritter Claſſe verliehen. — Geſtern Nachmittags iſt in
104 4005 1128 4043 Döbling, Heiligenſtädterſtraße Nr. 37, der Repräſentant des
103 4043 1131 4083 Bürgerlichen Brauhauſes in Pilſen, Herr Eduard Bürger, im
104 4082 499 4120 54. Lebensjahre geſtorben.
180 4134 1130 4177 [Slatin Paſcha.] Wie aus Trieſt gemeldet wird, iſt
104 4177 1129 4215 Slatin Paſcha geſtern Abends dort um 9 Uhr an Bord des
108 4215 1006 4255 Lloyddampfers „Imperator“ aus Alexandrien eingetroffen.
180 4265 1129 4309 [Der Ruhetag im Gaſtwirthe⸗Gewerbe.] Im
106 4308 1130 4348 Saale des „Hotel Zillinger“ hielten heute Nachts die Hotel⸗
106 4347 1130 4386 gehilfen ihre General⸗Verſammlung ab, welcher Gremial⸗Präſes
106 4384 1130 4423 Seiler, Hotelier Zillinger, der Vertreter der Gewerbe⸗
106 4423 1138 4463 Behörde, Dr. Ripka, der Director der Gremial⸗Fachſchule, Pro⸗
108 4462 1136 4500 feſſor Heß, und Gremial⸗Secretär Zahna beiwohnten. Nach
108 4501 1137 4540 Erſtattung des Berichtes über die letztjährige Thätigkeit des Ge⸗
107 4539 1137 4578 hilfenausſchuſſes und über die Gebahrung der Krankenkaſſe, welche
106 4578 1134 4617 beide beifällig zur Kenntniß genommen wurden, ſprach Gremial⸗
105 4616 1137 4656 vorſtand Hotelier Seiler über die Gründung einer
108 4656 1136 4696 Stellenvermittlung für Hotelier⸗Gehilfen. Der Redner ſchil⸗
108 4693 1131 4733 derte die heutigen Mißſtände im Stellenvermittlungsweſen
109 4732 1130 4771 und regte die Einrichtung einer ganz Cisleithanien umfaſſenden
110 4772 1130 4809 Stellenvermittlung an, welcher alle Hoteliers und auch die Gehilfen⸗
108 4809 1131 4850 ſchaften Oeſterreichs beitreten ſollen. Herr Seiler erklärte, daß er
108 4848 1131 4887 ſein Project eheſtens im Detail ausarbeiten und die Genehmigung
109 4886 1130 4925 der Regierung für dasſelbe einholen werde? Gehilfenobmann
111 4924 1131 4964 Slovaczek begrüßte dieſes Project als einen neuerlichen Beweis
111 4963 1131 5002 der Fürſorge der Principale und ſtattete unter ſtürmiſchem
111 5001 1131 5040 Beifalle denſelben den Dank ab. Die Verſammlung beſchloß
111 5039 1131 5080 ſodann, ebenfalls in Folge einer Anregung des Herrn
114 5079 1131 5117 Seiler, die Gründung eines vom Wiener Kellnerbund
113 5116 1131 5155 bereits projectirten Oeſterreichiſchen Kellnerbun⸗
113 5153 1132 5197 des und übertrug dem Gehilfenausſchuſſe die Berathung
110 5194 1133 5231 und Einleitung der diesbezüglich erforderlichen Schritte. Der
1173 3423 2198 3464 Gehilfenobmann beſprach ſodann die Frage des gewerblichen Ruhe⸗
1170 3463 2198 3502 tages. Das Kellnergewerbe ſei in Bezug auf die Sonntagsruhe
1172 3503 2197 3542 mit den anderen Productiv⸗Gewerben zuſammengeworfen worden,
1171 3541 2199 3579 bei denen ganz andere Bedingungen beſtehen. Das Geſetz ſchreibe
1173 3579 2197 3618 die Sonntagsruhe oder, wo dieſe dem Betriebe nach nicht zuläſſig,
1172 3618 2199 3656 eine zweimal wöchentliche ſechsſtündige Ruhepauſe vor. Durch die
1173 3657 2201 3695 Sonntagsruhe ſeien die Principale geſchädigt, eine ſechsſtündige
1173 3696 2198 3734 Ruhepauſe dagegen ſei für die Gehilfenſchaft keine Wohlfahrt. Die
1170 3734 2198 3773 Verſammlung beſchloß hierauf, einverſtändlich mit dem Gremium,
1172 3773 2199 3810 an die Regierung um Feſtſetzung eines zwölfſtündigen
1172 3809 2199 3850 Ruhetages heranzutreten. Erſt nach 3 Uhr Morgens ſchloß
1171 3849 1447 3888 die Verſammlung.
1252 3896 2198 3939 [Diſtanzfahrt Graz⸗Wien.] Morgen den 7. d.
1172 3938 2200 3978 gelangt ein 200⸗Kilometer⸗Straßenrennen zur Entſcheidung. Dies⸗
1172 3978 2199 4016 mal iſt Graz der Ausgangspunkt und in Wien, Kilometerſtein 5
1173 4017 2199 4054 der Oedenburger Reichsſtraße (Fortſetzung der Laxenburgerſtraße
1173 4052 2208 4094 im X. Bezirke) das Ziel. Fahrer, die um 6 Uhr Früh in Graz⸗
1173 4093 2202 4132 ſtarten, dürften vorausſichtlich zwiſchen 2 und 3 Uhr Nachmittags
1173 4132 1464 4169 in Wien einlaufen.
1252 4178 2199 4222 [Von der Rax.] Wie man uns mittheilt, beſuchten geſtern
1175 4222 2202 4260 die Töchter des Erzherzogs Karl Ludwig, die Erzherzoginnen
1174 4260 2199 4298 Maria Annunciata und Eliſabeth, die Raxalpe und
1173 4298 2201 4337 nahmen im Erzherzog Otto⸗Schutzhauſe das Diner. Die Erz⸗
1173 4337 2198 4376 herzoginnen erkundigten ſich nach der Stelle, an welcher vor
1173 4376 2202 4414 Kurzem der Wiener Touriſt Buxbaum verunglückte, und be⸗
1173 4414 1683 4452 zeigten ihre lebhafte Theilnahme.
1251 4461 2199 4505 [Die Caiſſon⸗Krankheit.] Während der vorgeſtern
1173 4503 2199 4542 erkrankte Caiſſon⸗Arbeiter Karl Schneider ſich noch im
1174 4543 2199 4582 allgemeinen Krankenhauſe auf der Klinik des Profeſſors
1173 4582 2199 4619 v. Schrötter befindet, iſt geſtern Abends um ½ 8 Uhr aber⸗
1173 4620 2200 4658 mals ein ſolcher Arbeiter unter ſehr ſchweren Erkran⸗
1173 4658 2199 4698 kungs⸗Erſcheinungen von der Freiwilligen Rettungsgeſellſchaft
1175 4697 2199 4736 auf dieſelbe Klinik gebracht worden. Der Erkrankte iſt
1174 4735 2198 4775 der im zweiten Bezirke, Jägerſtraße Nr. 110 wohnhafte, aus
1174 4774 2200 4814 Husne in Galizien gebürtige und auch dahin zuſtändige 33jährige
1174 4812 2198 4852 verheiratete Caiſſon⸗Arbeiter Cyrill Felka. Wie die ärztliche
1175 4851 2201 4891 Unterſuchung ergab, iſt ſein Trommelfell geſtern Nachmittags im
1175 4890 2198 4928 Caiſſon beim Nußdorfer Schleuſenbau perforirt worden, und es
1174 4928 2198 4967 traten Entzündungserſcheinungen auf, die begreiflicherweiſe von
1175 4967 2197 5006 ſtarken Schmerzen begleitet waren. Felka, der von 2 bis 6 Uhr
1175 5005 2202 5045 Nachmittags im Caiſſon arbeiten ſollte, wurde gegen halb 6 Uhr
1175 5042 2196 5083 unwohl und alsbald auch ausgeſchleuſt. Heute hat ſich ſein Zu⸗
1174 5081 2196 5121 ſtand bereits gebeſſert, bis auf das Vorhandenſein einer ſtarken
1176 5118 2195 5161 Schwerhörigkeit, die übrigens nach dem Dafürhalten der Aerzte
1175 5159 2196 5200 binnen Kurzem völlig behoben ſein dürfte. Desgleichen iſt im
1175 5198 2198 5237 Befinden des Caiſſon⸗Arbeiters Karl Schneider. das vorgeſtern
2241 3422 3271 3464 Abends nach Verlaſſen des Caiſſons bedenkliche Erſcheinungen
2243 3464 3269 3502 aufgewieſen hatte, eine weſentliche Beſſerung zu verzeichnen,
2241 3503 3270 3541 ſo daß er demnächſt völlig geheilt das Spital verlaſſen
2242 3541 3269 3578 wird. Auf der Schrötter'ſchen Klinik kam bisher unter den
2243 3579 3271 3618 Caiſſonkranken nicht ein einziger Todesfall vor, doch dürften
2241 3618 3272 3657 mehrere der erkrankten Caiſſonarbeiter dauernde Störungen des
2244 3656 3278 3696 Gehörſinnes davontragen. Inzwiſchen haben ſich mehrere Fach⸗
2243 3696 3272 3735 männer zum Studium der Caiſſonkrankheit und der Therapie,
2242 3735 3271 3772 ſowie Verhütung derſelben durch zweckdienliche Vorkehrungen ver⸗
2243 3773 3270 3811 einigt. Profeſſor v. Schrötter hat zur permanenten Beobachtung
2243 3809 3271 3851 der Arbeiter im Caiſſon drei Aerzte, Dr. H. v. Schrötter
2243 3850 3270 3888 (Sohn des Profeſſors), Dr. R. Heller und Dr. W. Mager,
2243 3888 3273 3928 delegirt und überdies zur Behandlung der ohrenkranken Arbeiter
2242 3927 3272 3965 ſeinen Collegen Profeſſor Dr. Joſeph Gruber herangezogen,
2241 3966 3276 4003 während ſeitens des Miniſteriums des Innern Ober⸗Sanitäts⸗
2242 4004 3271 4044 rath Profeſſor Dr. Max Gruber (Vorſtand des hygieniſchen
2243 4044 3271 4082 Inſtitutes) mit dem Studium der Krankheit und der Erſtattung
2242 4081 3269 4119 von Vorſchlägen zur Verhütung derſelben betraut worden iſt. Nun⸗
2242 4120 3271 4158 mehr haben auch der Vorſtand des Inſtitutes für mediciniſche
2243 4157 3273 4199 Chemie, Ober⸗Sanitätsrath Hofrath Profeſſor Dr. Ernſt Ludwig,
2241 4197 3272 4236 und deſſen Aſſiſtent Dr. v. Zeynek, ſowie der Profeſſor für
2243 4236 3271 4275 allgemeine und experimentelle Pathologie, Dr. Guſtav Gärtner,
2242 4274 3271 4314 ihre Hilfe bei den Unterſuchungen über Caiſſonarbeiten Herrn
2241 4313 2952 4353 Profeſſor v. Schrötter zur Verfügung geſtellt.
2317 4356 3275 4400 [Abſturz vom Dachſtein.] Wie man der „Linzer
2243 4398 3276 4438 Tagespoſt“ mittheilt, ſoll vorigen Mittwoch ein Touriſt vom
2243 4437 3273 4478 Dachſtein abgeſtürzt ſein. Angeblich ſchloß ſich einer Partie, welche
2242 4475 3272 4514 den Dachſtein beſteigen wollte, ein Herr an, der es aber ver⸗
2242 4514 3272 4554 ſchmähte, da er den Weg bereits viermal gemacht habe, ſich mit
2242 4552 3272 4594 dem Sicherungsſeile anſeilen zu laſſen. An einer gefährlichen Stelle
2242 4590 3273 4632 nun ſtürzte er ab und zog ſich fünf Verletzungen am Kopfe und
2243 4629 3272 4671 eine Zerſchmetterung eines Fußes zu. Der Verunglückte, welcher
2242 4667 3274 4708 wegen Beſinnungsloſigkeit keine Auskunft geben konnte, ſoll ein
2242 4707 2641 4744 Fabrikant aus Wien ſein.
2323 4745 3272 4788 [Ueberfahren.] Der aus Neurode in Preußiſch⸗Schleſien
2241 4783 3273 4820 zugereiſte Commerzienrath Auguſt Taube wurde geſtern Abends
2242 4818 3271 4855 auf der Mariahilferſtraße von einem Einſpänner niedergeſtoßen. Er
2241 4853 3274 4888 erlitt eine Nervenerſchütterung und eine Quetſchung des linken Unter⸗
2241 4886 3270 4924 ſchenkels. Aerzte der Rettungsgeſellſchaft leiſteten ihm Hilfe und
2242 4920 3106 4957 brachten ihn in ſein Abſteigquartier ins „Hotel Kummer“.
2324 4960 3277 5000 [Verhaftung.] Seit dem 1. September v. J. verfolgte das
2242 4998 3272 5033 Polizei⸗Commiſſariat Favoriten den 33jährigen Agenten Theodor
2243 5030 3272 5068 Nowotny, der ſeinem Chef Friedrich Franz Bohn in Schwechat
2239 5066 3270 5106 300 fl. veruntreut hat. Das Landesgericht erließ hinter Nowotny, der
2240 5100 3269 5135 ſich damals nach Amerika geflüchtet hatte, einen Steckbrief. Am 4. d.
2239 5132 3267 5174 iſt der Defraudant aus Amerika hieher zurückgekehrt, und geſtern
2238 5169 3272 5208 wurde er in der Wohnung ſeiner Gattn Leopoldine Nowotny,
2238 5203 2880 5241 Favoriten, Rothehofgaſſe Nr. 19, verhaftet.
