3346 5257
146 131 284 173 Seite 8
880 138 1160 183 Wien, Samstag
1450 142 2034 183 Neue Freie Presse.
2261 142 2506 187 5. Juli 1873
3069 156 3256 199 Nr. 3184
188 210 1142 251 Der Gerichtshof ſprach das Schuldig aus und ver⸗
105 246 1139 285 urtheilte Baron Max Heine⸗Geldern zu fünfzehn Monaten
99 283 1140 319 ſchweren Kerkers, zum Erſatze von 100 fl. an den Sicher⸗
98 315 878 352 heitswachmann Held und zum Verluſte des Adels.
191 350 797 386 Der Verurtheilte meldete Berufung an.
190 416 1138 457 Wien, 4. Juli. [Orig.⸗Ber.] (Betrugsproceß gegen
104 454 1143 488 den Central⸗Bauverein. — Fortſetzung.) Um 9 Uhr Vormit⸗
103 488 1138 525 tags wird die Verhandlung wieder aufgenommen und mit der Zeugen⸗
102 521 489 555 vernehmung fortgefahren.
188 555 1140 591 Zeuge Johann Gſchwandner trat mit dem Central⸗Bau⸗
102 589 1137 628 verein in Verbindung wegen ſeiner in Gerſthof gelegenen Gründe,
96 624 1136 662 die er für 75,000 fl. verkaufte und 2000 fl. Angeld erhielt. Da er
99 659 1135 692 trotz allen Zuredens keine Antheilſcheine als Zahlung nehmen
93 692 1091 729 wollte, verfiel die Angabe und das Geſchäft wurde nicht perfect.
186 726 1135 762 Zeuge Dr. Karl Maſchka, Hof⸗ und Gerichtsadvocat, unter⸗
100 760 1133 799 handelte als Vertreter des Fürſten Starthemberg mit dem Agenten
100 794 1134 832 Weintraub und dem Advocaten Dr. Wodickh über den Ankauf von
101 829 1134 867 Realitäten im Betrage per 175,000 fl.; dieſer Kaufſchilling, von
100 862 1135 901 welchem viele Satzpoſten in Abzug gebracht wurden, konnte nur
99 897 530 932 mühſam eingebracht werden.
185 931 1133 970 Zeuge Victor Kuffler gibt an, im Vereine mit Fiſcher am
98 965 1133 1005 22. October 1872 vom Central⸗Bauverein Baugründe zum Preiſe
96 1001 1134 1039 von 44 fl. per Quadratklafter gekauft, 10,000 fl. Angabe gegeben
98 1035 1133 1070 und nach Uebertragung des Eigenthums den ganzen Kaufſchilling
97 1068 1134 1104 berichtigt zu haben. In Folge Anweiſung des Vereines hat Zeuge
97 1103 1134 1137 ſeinem Bruder Heinrich Kuffler, welcher als Agent bei dem Ge⸗
97 1138 1133 1174 ſchäfte intervenirte, 4400 fl. Proviſion gezahlt. Später hat Zeuge
96 1171 1134 1207 dieſe Baugründe zu 66 fl. per Quadratklafter verkauft. Zeuge wirft
97 1206 1134 1244 der Geſchäftsleitung des Central⸗Bauvereines Leichtſinn und Un⸗
93 1240 296 1273 kenntniß vor.
181 1273 1131 1312 Baumeiſter Johann Kohl, Baudirector, welcher für den
95 1308 1131 1342 Verein arbeitete, erklärt: Dummer und unordentlicher kann man
96 1342 1132 1381 nicht arbeiten, als da gearbeitet wurde. Die Seele des Geſchäftes
94 1377 1133 1416 waren Sternek, Pimmer, Botſtieber und Neumann; Vasquez war
95 1411 1133 1447 ein armes Haſcherl, der nichts verſtanden hat und nur froh war,
94 1445 1134 1485 Verwaltungsrath ſein zu können. Zeuge ſieht in der Weiſe, wie
95 1480 875 1516 Kropſch behandelt wurde, eine ſtrafbare Handlung.
176 1516 1133 1552 Verleſen wird die Ausſage des Karl Kropſch, Poſtofficials,
93 1549 1134 1587 welchem unter der Vorſpiegelung eines Hausbaues 1800 fl. entlockt
97 1585 1133 1620 wurden und der ſich in Folge deſſen entleibt hat. Sternek und
94 1618 1132 1656 Neumann haben ihn umgarnt und ihm vertragsmäßig die Ueber⸗
98 1654 1055 1690 gabe eines fertigen Hauſes bis 12. November 1872 zugeſichert.
179 1685 1132 1723 Dr. Markbreiter beantragt, eine Polizeinote einzuholen
92 1721 1131 1757 über das Motiv des Selbſtmordes von Kropſch und ferner die Ge⸗
88 1754 1128 1793 ſtattung, daß Neumann aus dem Kaſſenbuche die Verwendung der
91 1792 582 1825 Einlagen des Kropſch nachweiſe.
180 1823 1131 1861 Dem letzten Theile des Antrages wird ſofort Folge gegeben,
92 1853 920 1896 der erſte Theil einer ſpäteren Berathung vorbehalten.
176 1893 1129 1928 Baumeiſter Johann Kohl wird noch einmal vernommen
93 1926 1129 1965 und gibt an, Weintraub habe beſtmöglich für ſich gearbeitet, den
87 1961 1130 1998 Verein nach Kräften „beſchummelt“, nicht blos hohe Proviſionen be⸗
90 1995 1129 2030 zogen, ſondern auch bei allen Ankäufen im Ausmaße der Gründe
89 2030 1064 2064 und im Preiſe allerlei auf eigene Fauſt zu thun unternommen.
177 2062 1129 2101 Der Zeuge, befragt, was ihm von dem Honorarbrief zwiſchen
90 2098 1128 2131 Heinrich Kuffler und Sternek bekannt geworden ſei, gibt an, er habe
91 2131 1127 2170 nur von Weiß gehört, daß Kuffler dem Sternek einen Honorarbrief
90 2164 419 2202 ausgeſtellt haben ſoll.
173 2198 1125 2238 Präſ.: Sie haben gehört, daß dem Kropſch ein Haus zu⸗
89 2235 1125 2273 geſagt, aber nicht gebaut wurde Was iſt Ihnen als Urſache be⸗
88 2272 1125 2308 kannt? — Zeuge: Es war kein Baugrund vorhanden, es war auch
91 2306 295 2338 kein Geld da.
175 2339 440 2372 Verleſen werden:
174 2373 1124 2411 die Ausſagen des Advocaten Dr. Adalbert Wodickh, wel⸗
91 2409 1123 2446 cher nur auf Anſuchen aushilfsweiſe und nur ſo lange im Ver⸗
89 2443 1123 2477 waltungsrathe des Central⸗Bauvereins verblieb, bis er einen Ein⸗
87 2477 556 2509 blick in das Getriebe erhalten;
175 2507 1124 2545 die Ausſage des kaiſerlichen Rathes Stempf, welcher an⸗
87 2542 1124 2580 gibt, jenem Comité angehört zu haben, welches ſich bei dem Ad⸗
86 2577 1123 2615 vocaten Dr. Max Schweinburg conſtituirt und in Erwägung ge⸗
86 2613 1124 2646 zogen hatte, ob es nicht im Intereſſe der Mitglieder gelegen wäre,
87 2646 1122 2681 die Verwaltung zu übernehmen. Zeuge wurde, um ſich über den
84 2682 1113 2716 Vermögensſtand zu informiren, zum Central⸗Bauverein geſendet
83 2718 1120 2753 Aus den Büchern konnte man über den Stand des Vereins nichts
85 2751 1121 2789 erfahren, und nach den Auskünften, die der commerzielle Director
85 2787 1119 2823 Neumann ertheilte, war ein Antheilſchein 17 fl. werth. Dieſe Aus⸗
84 2821 1119 2858 künfte beſtimmten das Comité, das Vorhaben des Eintretens auf⸗
85 2857 207 2891 zugeben.
171 2888 1118 2927 Um ½ 1 Uhr folgt eine kurze Unterbrechung und die Berathung
84 2925 761 2960 über den Antrag des Dr. Markbreiter.
171 2957 1118 2994 Bei Wiederaufnahme der Verhandlung publicirt der Präſi⸗
84 2993 1119 3028 dent: Der Gerichtshof hat beſchloſſen, dem Antrage des Dr. Mark⸗
83 3027 1117 3064 breiter, durch die Polizei erheben zu laſſen, aus welchem Grunde ſich
82 3063 1120 3099 Kropſch entleibt hat, ſei keine Folge zu geben. Es wird die Zeugen⸗
86 3097 432 3130 vernehmung fortgeſetzt.
170 3128 1117 3166 Juſtus Friedrich Rothſchild, Chef der Firma Rothſchild
82 3165 1117 3201 und Comp., hat gegen 5 Percent Proviſion und je 20 fl. für einen
80 3200 1116 3235 Angeworbenen circa 160 Mitglieder für den Central⸗Bauverein an⸗
81 3233 1114 3271 geworben. Im Auguſt und September vorigen Jahres erfuhr er aus
81 3268 1117 3303 den Zeitungen, daß es mit dem Vereine ſchlecht ſtehe. In Verkehr
81 3302 858 3340 war Zeuge eigentlich nur mit Sternek und Beyfuß.
149 3338 1118 3373 Vertheidiger Dr. Edmund Singer: Es wurde der Verdacht
82 3371 1115 3408 angeregt, man hätte ſich Ihrer Firma bedient, weil dieſelbe ähnlich
82 3404 1117 3443 klingt mit einer weltberühmten Firma und Verwechslungen bei den
83 3441 1117 3475 zu werbenden Mitgliedern dadurch leicht möglich und denkbar ſind?
169 3474 1115 3510 Zeuge: Unſere Firma lautete Rothſchild und Comp., alſo
82 3507 1117 3545 nicht S. M. Rothſchild Söhne, dann ſtand unſere Firma nie auf
82 3543 293 3579 den Placaten.
167 3578 1118 3618 Präs.: Es erliegen hier Proſpecte mit der Bezeichnung General⸗
80 3612 632 3649 Repräſentanz Rothſchild und Comp.
167 3644 1116 3684 Zeuge: Das iſt geſchehen, aber ohne Abſicht auf Irreführung.
78 3680 1117 3718 Auf Anregung des Pimmer gibt Zeuge zu, für 10,000 fl. Antheil⸗
80 3715 1116 3754 ſcheine in Commiſſion erhalten zu haben, welche noch bei ihm
82 3752 206 3786 erliegen.
167 3782 1115 3821 Dr. Hönigsmann: Sind es dieſelben Antheilſcheine, welche
81 3819 677 3855 Sie vom Vereine übernommen haben?
168 3853 446 3890 Zeuge: Ja wol.
165 3888 1115 3924 Dr. Hönigsmann beantragt, es möge der Zeuge verhalten
77 3923 1114 3960 werden, dieſe Antheilſcheine hiergerichts zu erlegen, und es möge
77 3959 1115 3993 unterſucht werden, ob dieſe Scheine auch die Nummern der urſprüng⸗
79 3992 581 4028 lich ausgefolgten Scheine tragen.
160 4023 1114 4064 Der Staatsanwalt ſprach ſich gegen dieſen Antrag, als
77 4060 947 4097 nicht in die Ingerenz dieſes Gerichtshofes gehörend, aus.
163 4094 775 4130 Die Beſchlußfaſſung wurde vorbehalten.
164 4130 1115 4166 Zeuge Dr. Moriz Schweinburg, Concipient bei Dr. Wodickh,
78 4164 1115 4200 hat vom 5. Auguſt ab für Dr. Wodickh bei Käufen und Verkäufen
77 4199 1116 4233 des Central⸗Bauvereins rechtsfreundlich intervenirt; in der Regel
75 4233 1114 4268 lagen ihm ſchon Punctationen für den zu entwerfenden Vertrag vor.
164 4267 1114 4301 Bezüglich der Vertheilung der aus dem Verkaufe der Brigit⸗
75 4301 1115 4339 tenauer Gründe gefloſſenen 10,000 fl. weiß Zeuge nur, daß er für
74 4337 964 4374 Dr. Wodickh hieraus rückſtändige Expenſen erhalten hatte.
157 4373 1115 4407 Präſ.: Wie kamen Sie dazu, gerade an jenem Tage Expen⸗
71 4405 1114 4442 ſen einzucaſſiren? — Angekl.: Ich habe dieſe Zahlung öfter be⸗
78 4440 604 4476 gehrt und wurde immer vertröſtet.
162 4474 1113 4511 Präſ.: Es wird der Vorgang ſo dargeſtellt, daß Sie zugegen
75 4508 1114 4545 waren, wie die Herren ſich in die 10,000 fl. theilten, und bei dieſer
73 4542 1113 4580 Gelegenheit nun auf Zahlung der Expenſen⸗Note drangen; es wurde
71 4577 1115 4613 vermittelt, und nachdem Sie nichts nachlaſſen wollten, erhielten Sie
71 4612 1112 4648 die 1000 fl. — Zeuge: So war es nicht, ſondern ich ſah, daß
74 4646 811 4680 Geld da war, forderte das Geld und erhielt es.
159 4679 1111 4717 Präſ.: Die Zahlung erfolgte nicht an der Kaſſe, nicht gegen
73 4714 1113 4750 Anweiſung, nicht gegen ordnungsmäßige Quittung, ſondern nur
72 4748 1111 4786 gegen Ihre Beſcheinigung? Das iſt doch auffällig. — Zeuge: Ich
72 4784 1112 4818 ſah darin nichts Auffälliges; Dr. Wodickh hatte 1000 fl. zu fordern,
71 4816 1112 4854 ich übernahm dieſe für ihn und verſprach, am nächſten Tage die
71 4854 1110 4888 ordentliche Quittung des Dr. Wodickh zu bringen, was auch geſchah.
157 4889 1109 4923 Präſ.: Es wird behauptet. Sie hätten zugeſehen, wie ſich
70 4920 1114 4957 die Herren in die 10,000 fl. theilten, und beſtanden auch darauf, daß
70 4952 1112 4991 Ihnen die 1000 fl. ausgefolgt werden. — Zeuge: Das muß ich
70 4990 1076 5026 als ganz unrichtig bezeichnen; ich habe nichts Derartiges geſehen.
153 5024 1111 5061 Präſ.: Wenn Sie geſehen hätten, wie man ſich in die
72 5059 1110 5093 10,000 fl. theilte, wäre Ihnen das aufgefallen? Hätten Sie darin
69 5092 904 5132 etwas Bedenkliches gefunden? — Zeuge: Beſtimmt.
1266 218 2215 257 Präſ.: Von wem haben Sie die 1000 fl. übernommen? —
1180 251 2212 292 Zeuge: Es waren Sternek, Botſtieber, Pimmer und Neumann
1181 293 1302 321 zugegen.
1266 322 2214 362 Präſ.: Iſt es richtig, daß Gläubiger mahnen kamen? —
1183 358 1705 394 Zeuge: In der letzten Zeit wol.
1267 390 2212 430 Präſ.: Erhielten die Leute Zahlung? — Zeuge: Nein, er
1185 426 1695 462 war keine Kaſſe mehr vorhanden.
1266 460 2212 499 Präſ.: An wen wendeten ſich die Parteien? — Zeuge:
1164 493 1660 528 An Pimmer und an Neumann.
1264 529 2211 568 Pimmer: Der Herr Dr. Schweinburg wird mir zugeſtehen,
1181 561 2210 601 daß ich Niemandem Zahlung verſprach. — Zeuge: Ja, das
1179 596 1310 630 iſt wahr.
1265 631 2211 666 Präſ.: Was ſagte Herr Pimmer zu den Mahnenden? —
1178 663 1884 699 Zeuge: Der Caſſier iſt heute nicht mehr da.
1264 700 2209 741 Präſ.: Nun, das heißt ſo viel, als kommen Sie morgen, da
1178 733 1680 766 werden Sie das Geld bekommen.
1265 768 2208 805 Darüber, ob Dr. Schweinburg bei der Vertheilung der 10,000 fl.
1178 804 2209 841 zugegen geweſen, ſich an der Theilung betheiligt habe oder nicht,
1174 836 1774 873 entſpinnt ſich eine längere Controverſe.
1262 871 2207 907 Richter Gernerth: Zur Zeit, als Sie dieſe 1000 fl. für Ex⸗
1176 907 2208 940 penſen eincaſſirten, wie viel war da der Verein an Expenſen ſchul⸗
1175 938 1737 973 dig? — Zeuge: Ungefähr 1500 fl.
1263 972 2209 1009 Richter Gernerth: Hatte der Verein eine Specification über
1178 1006 1855 1044 dieſe Expenſen? — Zeuge: Damals nicht.
1264 1041 2207 1078 Richter Gernerth: Dann wundert es mich, daß Ihnen die
1178 1075 2208 1112 1000 fl. ausgefolgt wurden. — Zeuge: Man wird doch dem Ad⸗
1177 1110 2082 1147 vocaten die nachträgliche Verrechnung anvertrauen dürfen?
1261 1145 2206 1182 Dr. Mandel: Herr Zeuge! Sahen Sie den Kaufvertrag
1178 1178 2209 1212 oder vielmehr den Geſchäftsabſchluß mit Herrn Weiner für eine
1174 1212 2206 1252 Fiction an? — Zeuge: Gewiß nicht, es fanden ſogar ſehr lange
1177 1247 1520 1282 Unterhandlungen ſtatt.
1262 1280 2208 1317 Dr. Mandel: Hat Herr Weiner mit dem Vereine unter⸗
1177 1316 2205 1355 handelt oder ſein Rechtsfreund? — Zeuge: Immer ſein Rechts⸗
1177 1350 1447 1384 freund Dr. Rupp.
1261 1384 2207 1424 Dr. Hönigsmann beantragt die Beeidigung des Dr. Moriz
1179 1418 1377 1452 Schweinburg.
1259 1452 2206 1491 Der Staatsanwalt ſpricht ſich dagegen aus, und der Gerichts⸗
1176 1486 2206 1525 hof beſchließt, es ſei der Zeuge nicht zu beeiden, weil er in der
1178 1522 2204 1559 Unterſuchung zurückhaltend deponirte und weil ſeine heutigen De⸗
1180 1557 2205 1593 poſitionen nicht im Einklange ſtehen mit den diesbezüglichen De⸗
1179 1590 2033 1628 poſitionen der Angeſchuldigten und der übrigen Zeugen.
1260 1625 2206 1660 Bezüglich der bei Rothſchild und Compagnie erliegenden
1176 1657 2205 1695 10,000 fl. in Antheilſcheinen beſchließt der Gerichtshof, dieſe den⸗
1175 1693 2205 1731 ſelben nicht abzuverlangen, wol aber dem Curator mit Angabe der
1174 1729 1933 1762 Nummern der Stücke hievon Anzeige zu erſtatten.
1259 1761 2203 1801 Um halb 3 Uhr wird für heute die Verhandlung geſchloſſen.
1173 1796 1626 1833 Morgen folgt die Fortſetzung.
1261 1862 2203 1902 München, 3. Juli. [Orig.⸗Ber.] (Beleidigung des
1173 1895 2203 1936 Fürſten Bismarck.) Nach längerer Pauſe wurde vor unſerem
1174 1934 2202 1970 Schwurgericht heute ein Preßproceß verhandelt. Der Redacteur des
1172 1967 2202 2004 „Vaterland“ Dr. Sigl, der auch ein ſogenanntes Witzblatt, die
1173 2002 2201 2036 „Bremſe“, herausgibt, war wegen eines im letzteren veröffentlichten
1170 2036 2201 2073 Akroſtichon der Beleidigung des Reichskanzlers angeklagt. Dasſelbe
1171 2070 2202 2109 enthielt unter der Aufſchrift: „Ein Preußenname“, ſieben Worte,
1170 2104 2202 2141 deren Anfangsbuchſtaben den Namen Bismarck bilden. In vier
1170 2140 2199 2174 dieſer Worte ſieht die von dem Staatsanwalt Freiherrn v. Bernrod
1169 2172 2200 2212 näher begründete Anklage eine Beleidigung des Fürſten von Bismarck,
1170 2206 2200 2246 ſowol in perſönlicher Beziehung, als auch in Beziehung auf den
1168 2241 2200 2279 Amtsberuf des Reichskanzlers. Der Angeklagte, der ſich ſelbſt ver⸗
1166 2277 2198 2314 theidigte — es fand ſich wol kein Rechtskundiger, der den „Vater⸗
1168 2310 2199 2350 lands“⸗Redacteur vertheidigen mochte — ſucht darzulegen, daß die
1167 2345 2199 2383 incriminirten Worte ſich gar nicht auf Bismarck bezogen und daß die⸗
1167 2379 2198 2417 ſelben auch nicht beleidigend wären; er habe auch nicht die Abſicht
1166 2414 2198 2450 gehabt, den Reichskanzler zu beleidigen, ja, er hätte gar keinen Grund,
1165 2448 2197 2484 denſelben zu beleidigen. Dies ſuchte der Angeklagte in umfaſſendſter
1165 2482 2199 2517 Breite zu begründen, konnte ſich aber den Geſchworenen gegenüber
1165 2513 2198 2551 nicht weißwaſchen. Bei der Frageſtellung bemerkt der Gerichtsprä⸗
1167 2549 2198 2584 ſident, daß, wenn die Geſchworenen der Anſicht wären, daß nur
1165 2582 2198 2618 eine perſönliche Beleidigung des Fürſten Bismarck und nicht auch
1168 2616 2201 2652 eine Beleidigung des Amtsberufes desſelben vorliege, ſie ihrem Wahr⸗
1166 2651 2196 2689 ſpruche einen entſprechenden Zuſatz beizufügen das Recht hätten.
1164 2688 2196 2726 Die Geſchworenen haben dies aber nicht gethan, vielmehr, und zwar
1165 2722 2198 2757 nach einer kaum viertelſtündigen Berathung die Schuldfrage unbe⸗
1163 2756 2195 2794 dingt bejaht. Von Seite der Staatsbehörde wurde in Anbetracht, daß
1164 2791 2196 2828 der erſte Beamte des Reiches, und zwar auch in Bezug auf ſeine
1162 2825 2194 2863 Amtsthätigkeit beleidigt und der Beleidiger ein Mann iſt, der innerhalb
1163 2859 2196 2898 fünf Jahren bereits ſiebenmal wegen Ehrenkränkung durch die Preſſe
1164 2894 2194 2931 beſtraft wurde, eine viermonatliche Gefängnißſtrafe beantragt; der
1163 2927 2193 2966 Gerichtshof erkannte indeſſen, wol in Berückſichtigung des an ſich
1162 2962 2193 2999 ſehr geringfügigen Gegenſtandes der Anklage, nur auf Gefängniß
1163 2998 2193 3032 von einem Monat, Tragung aller Koſten und Veröffentlichung des
1162 3030 1938 3068 Erkenntniſſes in der nächſten Nummer des Blattes.
1245 3103 2192 3144 Tübingen, 1. Juli. (Duell.) Am Montag den 24. März d. J.
1160 3141 2192 3176 fand im Walde bei Babenhauſen ein Piſtolenduell ſtatt zwiſchen
1160 3174 2192 3211 dem Studirenden der Medicin Lauenſtein aus Celle und dem
1161 3210 2193 3246 Studirenden der Rechtswiſſenſchaft Paul Avianus aus Ebersdorf
1158 3244 2190 3283 (Reuß). Der Anlaß zu dem Duell war eine ſehr geringfügige nächt⸗
1159 3280 2194 3317 liche Rempelei. Avianus erhielt in der Gegend der rechten Schulter
1159 3313 2190 3350 einen Schuß beim dritten Kugelwechſel. Die Wunde ſchien unge⸗
1158 3349 2191 3383 fährlich zu ſein; allein nach einigen Tagen trat Blutvergiftung ein
1153 3384 2191 3419 und am 31. März ſtarb Avianus. Als Cartellträger hatte Student
1163 3416 2191 3452 Eſſelin aus Südafrika und als Secundant auf Seite des Verletzten
1161 3451 2190 3486 Student Kümmel aus Oſtfriesland fungirt; Letzterer hatte außerdem
1161 3486 2191 3522 ſeine Piſtolen zu dem Duell hergegeben und ſtand deßhalb, nicht
1162 3520 2190 3556 weil er Secundant war, da dieſe nach dem deutſchen Strafgeſetze
1161 3554 2191 3590 ſtraflos ausgehen, vor den Schranken des Gerichtes. Die Ge⸗
1162 3587 2198 3624 ſchwornen verneinten die Frage der Tödtung und bejahten nur die
1159 3624 2190 3658 Frage des Zweikampfes; der Gerichtshof verurtheilte demgemäß
1158 3658 2191 3694 Lauenſtein zu einer Feſtungshaft von acht Monaten. Der Studirende
1161 3692 2192 3727 Eſſelin wurde wegen Cartelltragens von den Geſchwornen für
1159 3726 2192 3763 ſchuldig befunden und vom Gerichtshofe zu einer Feſtungshaft
1159 3760 2192 3798 von zwei Monaten verurtheilt. Dagegen verneinten die Ge⸗
1158 3794 2190 3832 ſchwornen die auf Beihilfe gerichtete Frage, betreffend den Studi⸗
1157 3829 2193 3866 renden Kümmel, da ſie nach der Ausführung des Vertheidigers an⸗
1158 3863 2192 3902 nahmen, daß es zum Weſen des Secundanten gehöre, für Herbei⸗
1157 3897 2192 3935 ſchaffung der erforderlichen Waffen zu ſorgen; auf Grund dieſes
1158 3932 2191 3969 Wahrſpruches der Geſchwornen wurde ꝛc. Kümmel vom Gerichtshof
1158 3967 2192 4004 freigeſprochen. Im Zuhörerraum waren Hunderte von Studirenden,
1158 4003 2191 4039 welche der Verhandlung mit geſpannteſter Aufmerkſamkeit folgten.
1155 4082 2197 4156 Telegramme des Correſpondenz-Bureau.
1241 4166 2190 4213 Prag, 4. Juli. Die Wahl des Johann Kleiſel zum
1155 4210 2191 4256 Obmanne der Bezirksvertretung Pilſen und des
1158 4253 2190 4300 Grafen Johann Harrach zum Obmanne der Bezirksver⸗
1157 4298 2189 4343 tretung Tabor erhielt nicht die allerhöchſte Beſtätigung.
1238 4346 2189 4395 Klagenfurt, 4. Juli. Bei prachtvollem Wetter und
1157 4394 2188 4438 großartiger Betheiligung der Elite der Geſellſchaft und des
1156 4437 2188 4479 Publicums erfolgte um ½ Uhr die Enthüllung des
1157 4479 2190 4524 Maria⸗Thereſia⸗Monumentes. Kronprinz
1155 4521 2189 4566 Rudolph erſchien in Oberſten⸗Uniform und wurde mit
1155 4564 2189 4608 lauten Hochrufen begrüßt. Bürgermeiſter Jeſſernigg hielt
1157 4609 2188 4651 eine Anſprache, in welcher er die hohen Regierungstugenden
1156 4650 2188 4694 der Kaiſerin Maria Thereſia hervorhob. Kronprinz
1155 4692 2188 4738 Rudolph bezeichnete in der Antwort das heutige Feſt als
1151 4734 2188 4779 ein dynaſtiſches und Volksfeſt zugleich, dankte der Bevölke⸗
1154 4776 2190 4824 rung, welche den Enkeln der großen Kaiſerin die Liebe und
1154 4820 2188 4868 Treue bewahrt habe, und ſchloß mit den Worten: „Gott
1155 4865 2187 4909 ſchütze Kärnten!“ Hierauf erfolgten die Enthüllung des
1154 4907 2189 4951 Denkmals, der Vortrag der Feſtcantate durch den Geſang⸗
1155 4948 2189 4995 verein und die Militärcapelle, die Vorſtellung des Barons
1156 4990 2189 5039 Schwarz, des Künſtlers Pöninger, Architekten Baier und
1153 5035 2191 5079 der übrigen Mitarbeiter des Werkes und ſchließlich die De⸗
1152 5078 2190 5126 filirung der ausgerückten Truppen. Nach 10 Uhr fand die
2258 223 3287 276 Vorſtellung des Gemeinderathes in der Burg ſtatt. Nach⸗
2259 268 3283 319 mittags erfolgt die Beſichtigung induſtrieller Etabliſſements.
2315 313 3285 369 Bern, 4. Juli. Die Teſſiner Regierung be⸗
2257 360 3284 408 ſchloß die Ausweiſung zweier fremder Prieſter, ſowie
2257 404 3282 457 daß mit Ablauf der Aufenthalts⸗Bewilligung für fremde
2254 448 3284 498 Geiſtliche das Placet für ihre geiſtlichen Functionen erloſchen
2256 488 3280 544 ſei. Endlich verbot ſie Verſammlungen und religiöſe
2256 533 3082 581 Uebungen des Pius⸗Vereines an Feſttagen.
2323 580 3286 634 Genf, 4. Juli. Der Große Rath beſchloß, daß
2254 624 3280 679 der Staat bei der Biſchofswahl mitzuwirken
2253 668 2361 709 habe.
2340 717 3282 772 Verſailles, 4. Juli. Die Handels⸗Commiſſion
2254 762 3282 816 beſchloß, betreffs der neuen Steuern folgende Anträge
2252 805 3282 857 zu ſtellen: Eine zehnpercentige Steuer auf Kryſtall⸗, Glas⸗,
2253 847 3283 897 Porcelan⸗ und Fayence⸗Waaren; eine fünfpercentige Steuer
2252 891 3283 945 ad valorem auf Gewebe; Erhöhung der Zeitungsſteuer;
2253 933 3282 985 eine Seifen⸗ und Stearin⸗Steuer und Beſteuerung der ge⸗
2253 976 3274 1026 wöhnlichen und mineraliſchen Oele. Die exportirten Product⸗
2252 1020 2844 1065 ſollen von der Steuer befreit ſein.
2337 1069 3280 1121 London, 4. Juli. Der Großfürſt⸗Thronfolger
2251 1113 3278 1163 von Rußland hat geſtern dem Schah einen Abſchieds⸗
2251 1155 2502 1198 beſuch gemacht.
2336 1206 3278 1251 Waſhington, 3. Juli. Eine Proclamation des
2250 1249 3278 1298 Präſidenten Grant gibt bekannt, daß im Jahre 1876
2251 1292 3278 1343 eine Weltausſtellung in Philadelphia ſtattfinden
2250 1335 2351 1368 wird.
2336 1379 3280 1427 Enrique Palacions landete in Honduras, ſtürzte
2250 1417 3276 1471 die Regierung des Präſidenten Arias und marſchirt
2249 1463 2578 1506 nach Guatemala.
2332 1514 3276 1554 Frankfurt, 4. Juli. Wechſel per Wien 104 ⅞. 6percent. Ame⸗
2248 1548 3270 1588 rikaner vom Jahre 1882 96 ½. Oeſterreichiſche Bankactien 1027
2248 1585 3275 1627 5percent. Oeſterreichiſche Creditactien 242 ½. Oeſterreichiſch⸗franzö⸗
2248 1619 3276 1661 ſiſche Staatsbahnactien 355—. 1854er öſterreichiſche 250 fl.⸗Loſe
2248 1653 3280 1696 —. 1860er öſterreichiſche 500 fl.⸗Loſe 93—. 1864er öſterreichiſche
2249 1680 3276 1730 100 fl.⸗Loſe 154—. Papier⸗Rente 60 ⅝. Silber⸗Rente 65 ⅝. Galizier
2246 1720 3269 1762 237—. Lombarden 202—. Eliſabethbahn 235 ¼. Deutſch⸗Oeſterr.
2245 1756 3275 1795 Bank 92 ⅞. Frankfurter Bankverein 112 ¾. Nordweſtbahn — .—.
2247 1789 3275 1829 Lit. B 172 ½. Ungariſche Loſe 91 ⅛. Wiener Communal⸗Anlehen
2247 1824 3267 1866 76 ⅞. Albrechtbahn⸗Actien —.—. Albrechtbahn⸗Prioritäten 75 ⅜.
2248 1859 3273 1901 Ungariſche Anleihe —.—. Böhmiſche Weſtbahn —. Franz⸗Joſeph⸗
2245 1894 3272 1930 bahn —.—. Oeſterreichiſch⸗Ungariſche Escomptebank —.—. Auſtro⸗
2246 1927 3272 1964 Türkiſche Creditanſtalt —. Unionbank⸗Actien —.—. Neueſte franzö⸗
2247 1959 3274 2002 ſiſche Rente —.—. Deutſche Effecten⸗ und Wechslerbank 122 ¼.
2244 1992 3273 2034 Drau⸗Actien —.—. Franco⸗Hongroiſe —.—. Raaber Loſe — —.
2245 2027 3272 2064 Braunau⸗Straßwalchener Actien —. Prioritäten —. Oeſterr. Bank⸗
2246 2062 3267 2099 geſellſchaft —.—. Buſchtiehrader —.—. Berliner Bankverein —.—.
2246 2098 2366 2129 Günſtig.
2331 2135 3271 2183 (Nachbörſe.) Creditactien 241—. Staatsbahn 355 ½.
2242 2169 3259 2215 Lombarden 201 ¾. Silber⸗Rente —.—. Franco⸗Hongroiſe —
2243 2202 2981 2241 Nordweſtbahn —. Oeſterreichiſche Bankactien —.
2336 2247 3270 2288 Frankfurt, 4. Juli. (Abendbörſe.) Creditactien
2239 2283 3270 2319 247—. Oeſterreichiſch⸗franzöſiſche Staatsbahnactien 357—. 1860er
2241 2315 3270 2357 öſterreichiſche 500 fl.⸗Loſe 93—. Neue Staatsbahn —.—. 1854er
2242 2353 3272 2393 öſterr. 100 fl.⸗Loſe —.—. 6percentige Amerikaner vom Jahre
2241 2388 3272 2426 1882 96 ½. Lombarden 202 ¾ bis —.—. Oeſterr. Silber⸗Rente
2240 2419 3270 2460 65 ⅝. Galizier 241—. Eliſabeth⸗Weſtbahn 236. Nordweſtbahn —.—.
2239 2457 3271 2496 Oeſterreichiſche Bankactien 1035 bis —.—. Franz⸗Joſephbahn⸗
2240 2485 3272 2529 Actien —.—. Papier⸗Rente 60 3⁄8. Bankverein —. Deutſche Effecten⸗
2241 2518 3280 2561 und Wechslerbank 122 ¼ bis —. Vraunau⸗Straßwalchen⸗Actien —.
2239 2554 3280 2601 Bankverein —.—. Raaber Loſe —.—. Berliner Bankverein —.—
2240 2586 2998 2625 Deutſch⸗Oeſterreichiſche Bank — bis —. Günſtig.
2325 2626 3275 2674 Paris, 4. Juli. (Schlußcurſe.) Neueſte Anleihe 91.77.
2238 2664 3268 2710 4 ½ percentige Rente 81.05. 3percentige Rente 56.30. Italie⸗
2239 2702 3267 2743 niſche Rente 64.05. Neuer Crédit Mobilier 417. Lombarden 440.
2239 2737 3267 2778 Staatsbahn 796.—, neue —. 1875er Lombardiſche Bonds 512.50.
2239 2770 3268 2814 1876er Lombardiſche Bonds —.—. Domänen⸗Pfandbriefe 280 —.
2237 2805 3262 2847 Oeſterr. Obligationen —. Nordweſtbahn 485. Türkenloſe 158.—
2237 2838 2993 2875 Neues Anlehen 90.95. Wechſel auf London 25.51.
2319 2877 3266 2921 London, 4. Juli. Consols 92 11⁄16 per Auguſt. Lombarden
2235 2909 3271 2954 17 ¼. Amerikaner 91 ⅞. Italiener 60 13⁄16. Wechſel per Wien 11.42.
2236 2946 3266 2990 Silber⸗Rente 65 ½. Papier⸗Rente 61 ⅛. Prämie. Platzdiscont —
2238 2979 2440 3015 bis —. Feſt.
2483 3008 3020 3052 Nach Schluß des Blattes.
2322 3065 3264 3114 München, 4. Juli. Die hieſigen Blätter melden über⸗
2238 3111 3266 3168 einſtimmend, daß der König die Wahl beider Münchener
2235 3155 3270 3206 Bürgermeiſter Erhardt und Wiedenmayer be⸗
2235 3199 2415 3241 ſtätigte.
2319 3245 3263 3299 Pulo⸗Penang, 4. Juli. Eingelaufene Nachrichten be⸗
2235 3294 3266 3343 ſtätigen, daß Holland Eröffnungen wegen eines fried⸗
2234 3335 3109 3381 lichen Ausgleichs mit Atſchin gemacht hat.
2234 3414 3260 3501 Telegramme der „Neuen Freien Preſſe“
2321 3505 3266 3555 Sternberg, 4. Juli. Sämmtliche Gemeindevorſteher
2235 3548 3266 3593 der Landgemeinden des Sternberger Gerichtsbe⸗
2234 3592 3264 3640 zirkes haben heute in einer Verſammlung beſchloſſen, den
2235 3634 3262 3682 Ackerbauminiſter in den Reichsrath zu wählen. Auch
2236 3679 3262 3723 die ſlaviſchen Gemeinden wollen in dieſem Falle mit der
2235 3723 2933 3765 verfaſſungstreuen Partei zuſammengehen.
2317 3771 3263 3814 Proßnitz, 4. Juli. Der hieſige czechiſche Poli⸗
2234 3814 3261 3861 tiſche Verein wurde auf Grund des §. 24 des Vereins⸗
2236 3859 2849 3901 geſetzes von amtswegen aufgelöſt.
2317 3905 3261 3954 Klagenfurt, 4. Juli. Der Kronprinz beſuchte heute
2235 3950 3261 3995 den Bürgermeiſter, den Fürſtbiſchof, einige induſtrielle
2235 3991 3261 4041 Etabliſſements in der Stadt und die Moro'ſche Tuchfabrik
2235 4037 3261 4084 in Viktring bei Klagenfurt. Abends war der Prinz Gaſt
2235 4081 3264 4127 des Landeshauptmannes Grafen Goëß im Schloſſe Ebenthal.
2319 4119 3262 4167 Die Erwiderung des Kronprinzen auf die Feſtrede
2235 4164 3259 4210 des Bürgermeiſters bei der Enthüllungsfeier lautet: „Freudig
2234 4205 3262 4256 habe ich die Vertretung Sr. Majeſtät meines geliebten Vaters
2234 4247 3258 4298 bei dem dynaſtiſchen Feſte übernommen, welches zugleich ein
2231 4292 3260 4337 Volksfeſt iſt, weil die Dynaſtie und das Volk in Oeſterreich
2231 4334 3266 4382 untrennbar ſind. Das ſchöne Kärnten kann ſtolz ſein, ſein
2234 4378 3260 4426 erſtes Denkmal den Regenten⸗Tugenden der großen Kaiſerin
2232 4422 2529 4469 geſetzt zu haben.“
2317 4464 3261 4511 Hierauf dankte der Kronprinz für die vielen Beweiſe
2234 4510 3262 4552 von Liebe und Treue, welche das Kaiſerhaus von Kärnten
2232 4550 3261 4598 ſtets erhielt, und ſchloß mit den Worten: „Gott ſegne
2231 4593 2401 4631 Kärnten!“
2319 4638 3259 4688 Paris, 4. Juli. Die öffentliche Meinung und die
2233 4686 3258 4733 oppoſitionellen Journale aller Farben halten den Ausgang
2233 4727 3259 4773 der Debatten über den Antrag Dufaure als für die
2233 4773 3259 4821 Republik ſehr günſtig. Die Intervention Gambetta's
2233 4817 3261 4860 wird als ein glücklicher Coup bezeichnet, indem Frank⸗
2232 4859 3262 4905 reich durch deſſen Rede abermals auf die Nothwendigkeit
2232 4903 3260 4949 der Kammer⸗Auflöſung aufmerkſam gemacht wurde.
2317 4945 3262 4992 Der Tag der Ankunft des Schahs von Perſien
2232 4986 3261 5035 iſt noch nicht feſtgeſetzt. Der Schah würde es vorziehen, den
2231 5032 3262 5075 franzöſiſchen Boden bei Calais zu betreten, Mac Mahon
2231 5073 3156 5120 perſönlich wünſcht jedoch, daß er in Cherbourg lande.
