3488 5365
174 175 378 218 Nr. 16830
735 184 1016 232 Wien, Samstag
1452 187 2046 242 Neue Freie Presse.
2474 199 2713 250 1. Juli 1911
3095 203 3242 248 Seite 3
134 257 1157 327 Die Rektorswahl an der Wiener Univerſität.
872 337 1121 373 Wien, 1. Juli.
205 374 1154 421 Heute mittags fand im Senatsſitzungsſaale der Wiener
131 412 1154 458 Univerſität unter dem Vorſitze des derzeitigen Rektors, Hof⸗
131 446 1158 497 rates Profeſſors Dr. Bernatzik, die Sitzung der Wahl⸗
134 487 1156 539 kommiſſion der Profeſſorenkollegien zum Zwecke der Wahl des
133 527 860 575 Rektors für das Studienjahr 1911/12 ſtatt.
207 567 1153 616 Als Wahlmänner hiebei fungierten für die theologiſche
131 606 1156 655 Fakultät die Profeſſoren: Döller, Reinbold, Schlögl
131 646 1154 694 und Wolfsgruber; für die juriſtiſche Fakultät die
127 683 1148 733 Profeſſoren: Hofrat Schrutka v. Rechtenſtamm,
126 722 1156 772 Striſower, v. Voltelini und Hofrat Wlaſſak;
131 761 1152 810 für die mediziniſche Fakultät die Profeſſoren: Dimmer,
127 802 1143 850 Kolisko, Regierungsrat Mauthner und Wertheim
125 839 1147 888 und für die philoſophiſche Fakultät die Profeſſoren:
129 877 1149 930 Kretſchmer, Wettſtein Ritter v. Weſtersheim,
123 916 671 962 Wilhelm und Wirtinger.
387 963 887 1009 Rektor Dr. Oswald Redlich.
197 1008 1147 1056 Zum Rektor für das kommende Studienjahr wurde, da
120 1047 1147 1095 Profeſſor Dr. Jodl eine Wahl aus Geſundheitsrückſichten ab⸗
120 1087 1145 1135 gelehnt hatte, der Profeſſor für hiſtoriſche Hilfswiſſenſchaften
118 1127 1147 1173 und Geſchichte Dr. Oswald Redlich gewählt. Der neue
119 1166 1145 1211 Rektor ſteht gegenwärtig im 53. Lebensjahr. Er iſt in Inns⸗
118 1204 1145 1250 bruck geboren und promovierte 1881 an der dortigen Uni⸗
124 1245 1144 1292 verſität zum Doktor der Philoſophie. 1887 habilitierte er ſich für
119 1282 1144 1329 hiſtoriſche Hilfswiſſenſchaften, ſupplierte im Winterſemeſter
119 1321 1143 1369 1892/93 Diplomatik am Inſtitut für öſterreichiſche Geſchichts⸗
117 1360 1147 1409 forſchung in Wien und wurde 1893 hier zum außerordentlichen
118 1399 1144 1446 Profeſſor ernannt. Profeſſor Redlich iſt Mitglied der Aka⸗
120 1436 1140 1483 demie der Wiſſenſchaften und bekleidete 1908/09 die Würde
118 1475 960 1522 eines Dekans der Wiener philoſophiſchen Fakultät.
194 1517 1141 1562 Als Prorektor für das Studienjahr 1911/12 wird der
118 1553 1141 1601 derzeitige Rektor Hofrat Profeſſor Bernatzik fungieren.
366 1629 899 1683 Das Kabinett Caillaux.
229 1697 1038 1749 Die Zuſammenſetzung der Oppoſition.
847 1754 1106 1791 Paris, 1. Juli.
202 1788 1140 1841 Die 173 Deputierten, die gegen die Tagesordnung
115 1837 1138 1885 ſtimmten, in welcher der Regierung das Vertrauen votiert
116 1880 1135 1927 wurde, ſetzen ſich zuſammen aus 70 geeinigten Sozialiſten,
115 1920 1139 1972 46 Progreſſiſten, 2 Nationaliſten, 24 Mitgliedern der
116 1967 1137 2014 Rechten, 21 Mitgliedern der Action Liberale und 10 Un⸗
112 2013 312 2058 abhängigen.
220 2090 1024 2150 Die Marokkopolitik Spaniens und
488 2153 771 2216 Frankreichs.
200 2216 1040 2271 Mitteilungen von diplomatiſcher Seite.
848 2275 1096 2310 Wien, 1. Juli.
192 2315 1130 2363 Von einer mit der marokkaniſchen Frage
112 2362 1129 2407 vertrauten diplomatiſchen Perſönlichkeit gehen uns folgende,
112 2401 1130 2451 auf das Verhältnis zwiſchen Spanien und Frank⸗
112 2450 726 2496 reich bezügliche Mitteilungen zu:
191 2492 1128 2540 Man hat keine Veranlaſſung zur Annahme, daß in
110 2538 1127 2585 den Beziehungen zwiſchen Frankreich und Spanien eine
109 2583 1126 2628 Trübung eingetreten iſt. Alle Eventualitäten, die ſich aus
110 2626 1124 2672 der Entwicklung der Lage in Marokko ergeben mögen,
107 2670 1125 2715 ſind ſoweit als möglich von beiden Mächten bereits in
112 2713 1125 2761 einem früheren Stadium der Frage ins Auge gefaßt und
110 2757 1123 2804 durch gemeinſchaftliche Abmachungen geregelt worden.
107 2803 1126 2850 Man kann daher die Meldungen über irgend welche
108 2845 1124 2893 Differenzen zwiſchen beiden Staaten als grundlos
107 2892 285 2938 bezeichnen.
186 2934 1125 2981 Die bisherige Operation Spaniens in Marokko wurde
106 2982 1124 3026 lediglich zur Wahrung und Sicherung ſeiner vor Jahr⸗
104 3027 1123 3071 hunderten erworbenen Rechte unternommen, können daher
104 3066 1122 3112 keinen Anlaß für Rekriminationen zur Folge haben. Die
102 3111 1122 3157 Spanier ſind auch keineswegs mit kriegeriſchen Abſichten nach
103 3153 1123 3202 El Kſar gekommen. Die Möglichkeit ernſtlicher Mißhellig⸗
106 3203 1122 3247 keiten zwiſchen Frankreich und Spanien iſt ausgeſchloſſen.
102 3247 1120 3289 Abgeſehen davon, daß Spanien durchaus friedlich geſinnt
103 3289 1120 3334 iſt, kann es nicht daran denken, ſich auf Experimente ein⸗
101 3330 1117 3379 zulaſſen, die in früheren Phaſen ſeiner Geſchichte einen
102 3377 816 3423 unheilvollen Ausgang genommen haben.
180 3420 1119 3468 Andererſeits unterhält Spanien bekanntlich die beſten
100 3463 1116 3515 Beziehungen mit England, das nicht zugeben könnte,
99 3512 1117 3558 daß die Machtverhältniſſe in der Meerenge von Gibraltar
100 3553 1115 3601 eine Aenderung erfahren, und auch Deutſchland
100 3595 1116 3645 wird den durch den Vertrag von Algeciras etablierten
100 3641 1115 3688 Statusquo nicht gefährden laſſen. Schon aus dieſem
100 3685 1115 3731 Grunde kann man mit Ruhe und Zuverſicht der weiteren
99 3730 1114 3779 Entwicklung der Dinge entgegenſehen und mit Sicherheit
98 3773 1040 3822 einen befriedigenden Ausgleich in Marokko erwarten.
284 3849 935 3900 Die Operationen der Spanier.
798 3902 1084 3941 Paris, 30. Juni.
182 3943 1116 3994 Die Agence Havas meldet aus El Kſar vom
97 3988 1113 4038 29. Juni: Eine 600 Mann ſtarke Abteilung, beſtehend
96 4031 1120 4080 aus Fußtruppen, Reitern und Artillerie, iſt heute früh
96 4077 1119 4125 nach Souk⸗kmis⸗bu⸗Idian, etwa 20 Kilometer
94 4119 740 4167 nordöſtlich von El Kſar, abgegangen.
95 4198 1114 4262 Das Urteil des deutſchen Reichsgerichtes gegen
257 4260 960 4321 den franzöſiſchen Kapitän Lux.
350 4328 868 4363 (Telegramm der „Neuen Freien Preſſe“.)
792 4369 1077 4404 Berlin, 1. Juli.
170 4413 1109 4459 Aus Leipzig wird berichtet: Das Urteil des
89 4453 1113 4503 Reichsgerichtes in dem Spionageprozeß gegen den fran⸗
88 4498 1111 4546 zöſiſchen Kapitän Lux lautet auf ſechs Jahre
87 4543 871 4594 Feſtung. Es hat folgende Begründung:
170 4585 1112 4631 Durch die Beweisaufnahme erachtet es der Senat als
87 4632 1113 4679 feſtgeſtellt, daß auf franzöſiſchem Boden an
90 4675 1106 4718 der deutſchen Grenze ein franzöſiſches
88 4717 1113 4765 Nachrichtenbureau beſteht, das in erſter Linie
89 4761 1116 4806 dazu dienen ſoll, Frankreich in den Beſitz von Gegen⸗
88 4805 1110 4851 ſtänden, Plänen und Nachrichten zu bringen, deren Ge⸗
85 4848 1111 4893 heimhaltung für die Sicherheit des Deutſchen Reiches un⸗
85 4891 1109 4938 bedingt erforderlich iſt. Ferner iſt als erwieſen anzunehmen,
83 4936 1110 4981 daß der angeklagte Kapitän Lux perſönlich der Chef
87 4979 1109 5025 dieſes Nachrichtenbureaus iſt und der dort ſtationierte
88 5024 1108 5068 Lieutenant nur die Aufgabe hatte, die von Lux während
87 5065 1108 5111 ſeiner Reiſen an das Nachrichtenbureau gegebenen Er⸗
87 5108 1110 5153 kundigungen an das franzöſiſche Kriegsminiſterium weiter⸗
89 5152 1109 5203 zugeben. Von dieſem Bureau wurden nun vom Februar
1201 270 2214 326 bis November 1910 an verſchiedene Perſonen in Süd⸗
1202 312 2217 370 deutſchland Briefe geſchrieben, mit der Aufforderung, dem
1185 358 2215 413 Bureau Gegenſtände obenerwähnter Art auszuliefern. Der
1198 401 2214 455 Senat nimmt an, daß dies mit Wiſſen und Willen des
1197 442 1651 493 Angeklagten geſchehen iſt.
1280 489 2206 544 Das deutſche Kriegsminiſterium iſt aber rechtzeitig
1202 532 2210 588 von den Aufforderungen des franzöſiſchen Nachrichten⸗
1200 574 2206 632 bureaus in Kenntnis geſetzt worden, und ſo ſind dem
1201 619 2211 675 Nachrichtenbureau nur ſolche Gegenſtände ausgeliefert
1200 660 2207 719 worden, von denen ſeitens Frankreichs zwar angenommen
1199 707 2205 760 worden iſt, daß ſie geheim zu halten ſeien, bei denen dies
1199 750 2204 806 aber in Wahrheit nicht der Fall war. Es liegt demnach
1197 795 2206 848 nur ein Verſuch des Verbrechens gegen § 1 des
1197 838 2205 888 Spionagegeſetzes vor, und der Senat erkennt den An⸗
1197 883 2203 937 geklagten dieſes Verbrechens als vollkommen ſchuldig an.
1274 926 2204 980 Wenn auch das Geſetz das Strafmaß für dieſe Tat
1195 970 2205 1023 bis zu fünfzehn Jahren Zuchthaus feſtſetzt und der Senat
1197 1015 2207 1067 an dem Handeln des Angeklagten keinerlei mildernde Um⸗
1194 1057 2201 1109 ſtände finden kann, iſt in Anbetracht des Umſtandes, daß
1193 1100 2202 1155 der Angeklagte nicht in ſeinem perſönlichen Intereſſe,
1192 1145 2201 1198 ſondern als Franzoſe für ſein Vaterland
1191 1191 2201 1242 tätig geweſen iſt, die Strafe in Feſtungshaft umge⸗
1190 1234 2197 1286 wandelt worden. Der Senat hat demnach eine Strafe von
1189 1277 2079 1329 ſechs Jahren Feſtungshaft für angemeſſen erachtet.
1188 1366 2207 1434 Die Proteſtbewegung gegen das Urteil über
1505 1432 1855 1495 Pfarrer Jatho.
1441 1499 1958 1536 (Telegramme der „Neuen Freien Preſſe“.)
1882 1539 2165 1576 Berlin, 1. Juli.
1270 1577 2200 1628 Die Entrüſtung in den proteſtantiſchen Kreiſen über
1190 1620 2199 1674 das Ketzergericht, das über den Pfarrer Jatho gehalten
1190 1664 2199 1713 worden iſt, iſt immer noch im Steigen. In Dort⸗
1190 1708 2201 1759 mund hat geſtern eine Proteſtverſammlung
1189 1750 2199 1803 ſtattgefunden, in der hervorragende proteſtantiſche
1189 1794 2200 1844 Theologen und Pfarrer intereſſante Reden gehalten
1188 1840 1293 1883 haben.
1263 1880 2199 1933 Der Profeſſor der Theologie Dr. Schrempf aus
1187 1926 2197 1976 Stuttgart regte einen Streik der Pfarrer an. Er
1186 1970 2197 2021 ſagte: Not tut uns ein Streik der Pfarrer. Was gegen
1186 2014 2198 2064 ihr Gewiſſen geht, ſollen ſie nicht mehr tun. Damit läßt
1185 2056 2197 2107 ſich ein Druck auf das Kirchenregiment ausüben. Was
1186 2101 2195 2152 von oben nicht geſchieht, ſoll von unten herauf erzwungen
1185 2142 1712 2191 werden. (Stürmiſcher Beifall.)
1263 2184 2194 2233 Pfarrer Traub, einer der Verteidiger Jathos vor
1182 2230 2198 2282 dem Spruchkollegium, forderte die Trennung der
1181 2275 1616 2321 Kirche vom Staat.
1262 2316 2193 2368 Die Verſammlung nahm ſchließlich eine Proteſt⸗
1179 2360 2191 2412 reſolution an, die folgendermaßen lautete: „Voll
1181 2407 2192 2455 Trauer und Empörung über die Entſcheidung des Spruch⸗
1181 2450 2192 2500 kollegiums gegen Pfarrer Jatho erheben 3000 in Dort⸗
1179 2494 2190 2545 mund verſammelte evangeliſche Männer und Frauen
1179 2537 2192 2588 öffentlich Einſpruch gegen die widerproteſtantiſche Sinnes⸗
1179 2580 2191 2631 art, die einen derartigen Spruch ermöglichte. Zugleich
1180 2625 2191 2674 geben ſie ihrer tiefen Entrüſtung Ausdruck über
1178 2667 2190 2718 die engherzige, ja ungerechte Art der Verhandlung. Sie
1178 2711 2190 2760 erklären, mit aller Kraft dahin wirken zu wollen, daß der
1177 2754 2189 2805 Geiſt der Wahrhaftigkeit und Freiheit, in dem Pfarrer
1178 2797 2186 2848 Jatho allezeit ſegensreich gewirkt hat und wirken wird,
1177 2842 2188 2891 überall in deutſchen Landen ſich durchſetze, ſowohl in den
1176 2887 1809 2933 Gemeinden wie im Kirchenregiment.“
1252 2930 2186 2980 Pfarrer Jatho wird Montag abends in Berlin
1174 2972 2185 3023 hintereinander in drei Verſammlungen ſprechen, zu denen
1173 3015 2184 3065 bereits ſämtliche, nach Tauſenden zählende Einlaßkarten
1174 3059 1421 3105 vergriffen ſind.
1475 3136 1881 3183 Die Jatho⸗Spende.
1423 3188 1939 3223 (Telegramm der „Neuen Freien Preſſe“.)
1878 3228 2153 3265 Berlin, 1. Juli.
1256 3265 2185 3316 Aus Köln wird gemeldet: Die Sammlung, welche
1169 3308 2186 3360 für den Pfarrer Jatho zu dem Zweck eingeleitet worden
1168 3351 2186 3402 iſt, ihm auch nach dem Verluſt des Pfarramtes ſeine
1168 3394 2094 3444 Exiſtenz zu ſichern, hat bisher 70.000 Mark ergeben.
1207 3481 2153 3546 Die ſanitären Zuſtände in Trieſt und im
1541 3547 1813 3605 Küſtenlande.
1359 3611 1994 3653 Von Sanitätsrat Dr. A. Caſtiglioni,
1288 3657 2068 3698 Chefarzt des Oeſterreichichen Lloyd.
1867 3704 2147 3741 Trieſt, 28. Juni.
1233 3744 2178 3790 Unter Bezugnahme auf die vielfach über die Gefahr
1165 3781 2178 3829 der Einſchleppung von Cholerafällen aus infizierten Gegenden
1162 3824 2174 3870 nach Trieſt laut gewordenen Nachrichten ſei es mir erlaubt,
1164 3863 2175 3910 einiges hervorzuheben, das vielleicht zur Klärung der Lage
1160 3903 2173 3950 und zur vollſten Beruhigung auch jener Gemüter beitragen dürfte,
1162 3943 2176 3989 welche bei der allgemein herrſchenden Nervoſität geneigt ſein
1159 3982 2175 4026 könnten, die bisher in die Oeffentlichkeit gedrungenen Nachrichten
1161 4019 1751 4065 im peſſimiſtiſchen Sinne auszulegen.
1235 4059 2174 4107 Der letzte in Trieſt beobachtete eingeſchleppte Fall von
1161 4100 2175 4148 Cholera betraf einen gewiſſen Pappalepori, der auf
1161 4140 2173 4186 dem italieniſchen Schiffe „Barion“ im Oktober vorigen Jahres
1162 4179 2176 4227 von Brindiſi über Venedig gekommen war. Der Fall, über den
1160 4219 2173 4265 ſeinerzeit ausführlich berichtet wurde, war bezüglich des Ur⸗
1159 4258 2173 4304 ſprunges der Infektion kein ganz klarer. Jedenfalls muß aber
1160 4297 2173 4344 konſtatiert werden, daß er ganz iſoliert blieb und ſeit jener
1159 4337 2172 4383 Zeit im Stadtgebiete Trieſt kein Cholerafall mehr zu ver⸗
1158 4376 2172 4420 zeichnen war. Die zwei Fälle, welche in der letzten Zeit an
1156 4412 2171 4459 Bord der Dampfer „Saxonia“ und „Oceania“ beobachtet
1157 4455 2171 4500 wurden, betrafen auf der Rückreiſe begriffene Emigranten, die
1157 4494 2172 4542 auf Auswandererſchiffen von Amerika über Neapel nach Trieſt
1156 4533 2169 4580 kamen. Es verdient aber nochmals hervorgehoben zu werden,
1158 4572 2170 4619 daß dieſe beiden Fälle, die ebenfalls vollkommen iſoliert
1156 4612 2169 4659 blieben, mit der Stadt Trieſt ſelbſt oder mit der Bevölkerung
1155 4652 2170 4699 in gar keinen Kontakt gekommen ſind. Die betreffenden Schiffe
1155 4693 2168 4736 wurden direkt in das Lazarett San Bartolomeo gebracht, das
1155 4731 2170 4776 zirka 20 Kilometer von Trieſt entfernt iſt und vollkommen
1156 4769 2169 4816 abgeſchloſſen auf einer Landzunge liegt; ſämtliche Paſſagiere
1155 4810 1931 4855 wurden einer ſtrengen Quarantaine unterzogen.
1228 4845 2171 4895 Wenn man aber berückſichtigt, daß mit Ausnahme des
1153 4886 2172 4934 Falles Pappalepori, bei dem die Infektion höchſt wahrſchein⸗
1153 4922 2173 4972 lich aus Apulien ſtammte, kein einziger Cholera⸗ oder cholera⸗
1154 4965 2170 5014 verdächtiger Fall aus Venedig nach Trieſt kam, und daß es
1154 5003 2173 5049 ſich bei den letzten von Amerika über Neapel eingeſchleppten
1152 5041 2172 5089 zwei Fällen um ſporadiſche Fälle handelt, wie ſie in allen
1150 5081 2173 5129 großen Hafenſtädten nicht ſelten auf Schiffen beobachtet werden;
1152 5118 2170 5166 daß aber außerdem dieſe Fälle in einem von Trieſt entfernten
1151 5157 2169 5201 und gänzlich iſolierten Lazarett aufgenommen wurden, muß
2261 282 3275 327 man zu dem Schluſſe gelangen, daß für die Stadt Trieſt, be⸗
2260 320 3277 366 ziehungsweiſe für das nach oder über Trieſt reiſende Publikum
2259 361 3276 406 nicht die geringſte Gefahr beſteht. Die Genauigkeit und die
2260 397 3283 444 Aufrichtigkeit in der ausführlichen Berichterſtattung ſeitens der
2258 439 3276 481 zuſtändigen Behörden, die umfaſſenden prophylaktiſchen Maß⸗
2258 475 3274 519 regeln ſeitens aller kompetenten Faktoren, denen es gewiß
2259 515 3275 561 nicht in letzter Linie zu verdanken iſt, daß auf keinem ein⸗
2257 554 3275 598 zigen unſerer Handelsſchiffe, trotz des enorm geſteigerten Ver⸗
2258 591 3275 638 kehrs der letzten Jahre, je ein Cholera⸗ oder choleraverdächtiger
2257 629 3275 677 Fall zu verzeichnen war, mögen nicht nur in allen Kreiſen der
2258 668 3275 716 Bevölkerung die ſichere Zuverſicht erſtärken, daß der Geſund⸗
2258 706 3274 754 heitszuſtand unſerer Stadt und des ganzen Küſtenlandes ein
2257 747 3274 792 vorzüglicher iſt, ſondern auch die Ueberzeugung erwecken, daß
2258 785 3272 832 unſere ſanitären Verhältniſſe, durch das Vorkommen
2257 824 3275 869 eines oder zweier ſporadiſcher Cholerafälle auf Emigranten⸗
2256 863 3274 909 ſchiffen, wie ſie in Hamburg, in Marſeille, in Newyork wieder⸗
2256 902 3274 946 holt beobachtet wurden, in keiner Weiſe beeinflußt werden
2256 943 2373 978 können.
2334 979 3271 1023 Das Geſagte zuſammenfaſſend, kann man ruhig be⸗
2262 1018 3270 1064 haupten, daß es in Trieſt nicht nur keine Cholera, ſondern
2262 1057 3271 1102 auch keine Choleragefahr gibt. Es iſt daher auch abſolut kein
2261 1095 3268 1139 Grund vorhanden, Trieſt und das Küſtenland zu meiden,
2261 1136 3269 1180 ebenſowenig wie es beiſpielsweiſe niemand einfallen wird, die
2261 1169 3270 1218 Stadt Graz zu meiden, weil dort ein vereinzelter Fall von
2259 1210 3267 1257 Cholera eingeſchleppt wurde. Im Gegenteil wird hoffentlich
2259 1249 3270 1297 die Offenheit, mit welcher das Vorhandenſein von verdächtigen
2260 1289 3270 1336 Erkrankungen ſeitens der öſterreichiſchen Sanitätsbehörden ſo⸗
2257 1329 3268 1376 fort an die Oeffentlichkeit gebracht wird, ſeine beruhigende
2260 1365 2955 1411 Wirkung auf das reiſende Publikum üben.
2556 1449 2961 1505 Das Wetter.
2981 1513 3231 1554 Wien, 1. Juli.
2326 1563 3267 1609 Unter dem Einfluſſe der im Nordweſten liegenden De⸗
2251 1602 3267 1649 preſſion, die ſchon geſtern in Nordweſtdeutſchland Regenwetter
2252 1642 3266 1688 verurſachte, iſt auch in unſeren Gegenden eine Zunahme der
2250 1683 3265 1725 Bewölkung eingetreten und nur gegen Oſten und Süden iſt
2250 1721 3265 1765 das Firmament noch größtenteils wolkenlos. Der Luftdruck
2249 1755 3266 1801 blieb nachtsüber auf faſt unverändertem Stande und betrug
2249 1798 3265 1845 früh in der Stadt 751·8 gegen 751·2 Millimeter geſtern
2250 1837 3264 1883 abends. Eine größere Steigerung weiſt die Temperatur auf
2248 1877 3265 1922 und betrug das heutige Morgenminimum derſelben im Freien
2249 1915 3262 1962 15·8 gegen 12·8 Grad geſtern und in der Stadt 16·5 gegen
2248 1955 3262 1998 13·1 Grad am Vortage. Später war die Temperaturſteigerung
2246 1992 3263 2039 infolge der geringeren Sonnenſtrahlung eine langſamere als
2248 2033 3262 2079 geſtern, doch wurden um 9 Uhr vormittags bei ſchwachem
2243 2072 3261 2117 Weſtwind und 71·5 Prozent relativer Luftfeuchtigkeit 22·4
2247 2109 3048 2157 gegen 22·1 und ſonnſeitig 29·8 Grad regiſtriert.
2318 2148 3261 2199 Die Prognoſe der Meteorologiſchen Zentralanſtalt
2242 2190 2352 2224 lautet:
2316 2222 3261 2275 Trüb, Regen, etwas kühler, weſtliche
2240 2263 2944 2309 Winde mit zunehmender Stärke.
2328 2349 3169 2417 Die Verſtadtlichung der Allgemeinen
2494 2413 3010 2479 Elektrizitätsgeſellſchaft.
2971 2494 3221 2533 Wien, 1. Juli.
2311 2540 3253 2590 Die Gemeinde Wien hat der Allgemeinen Oeſterreichiſchen
2240 2578 3259 2628 Elektrizitätsgeſellſchaft im ſchriftlichen Wege mitgeteilt, daß ſie
2239 2620 3258 2665 ihren Vertrag mit dieſem Unternehmen per 1. Juli 1914 auf⸗
2235 2657 3256 2705 löſen werde. Die diesbezügliche Zuſchrift iſt an den Direktor
2235 2695 3252 2743 der Allgemeinen Elektrizitätsgeſellſchaft Herrn Ingenieur Alexander
2235 2732 3129 2782 Kern bereits vor einigen Tagen eingelangt und lautet:
2309 2776 3252 2825 „Zufolge Gemeinderatsbeſchluß vom 23. Juni 1911 ſtellt
2237 2815 3252 2864 die Gemeinde gemäß der §§ 2 und 29 des Vertrages vom
2235 2854 3251 2905 29. April 1893 das Begehren, daß die folgenden zwiſchen ihr
2234 2895 3253 2941 und der Allgemeinen Elektrizitätsgeſellſchaft beſtehenden Ver⸗
2234 2937 3254 2982 träge, und zwar, daß der Vertrag vom 14. Oktober 1887
2233 2975 3252 3021 nebſt dem Vertragsübereinkommen vom 27. April 1891 und
2234 3014 3249 3060 der Vertrag vom 21. April 1893 am 1. Juli 1914 aufgelöſt
2232 3054 3250 3099 werden und gibt dieſen Entſchluß der Allgemeinen Elektrizi⸗
2233 3094 2607 3135 tätsgeſellſchaft bekannt.“
2308 3131 3257 3179 Hiedurch löſt die Gemeinde Wien den letzten privaten
2235 3171 3257 3215 Elektrizitätsbetrieb der Reichshauptſtadt, die gemeine Oeſter⸗
2234 3209 3257 3251 reichiſche Elektrizitätsgeſellſchaft ein. Die Werke dieſer Geſell⸗
2237 3250 3259 3295 ſchaft werden infolgedeſſen nach vorheriger gerichtlicher
2237 3289 3260 3333 Schätzung von der Gemeinde Wien am 1. Juli 1914 über⸗
2234 3331 3256 3373 nommen werden. Mit dieſer Aktion tritt die Gemeinde Wien
2237 3369 3258 3412 in das Monopol für das geſamte Beleuchtungsweſen von
2233 3407 3254 3452 Wien, ſowohl hinſichtlich des Leuchtgaſes als auch der Elek⸗
2233 3448 3255 3489 trizität, und verzichtet auf das Heimfallsrecht, auf das ſie erſt
2233 3488 3256 3530 im Jahre 1932 Anſpruch gehabt hätte. Die Gemeinde Wien
2235 3527 3256 3566 ſichert ſich eben ſchon jetzt die Werke, um das Monopol auf
2234 3565 3257 3607 dem Gebiete des geſamten Beleuchtungsweſens in Wien aus⸗
2232 3605 3255 3647 zuüben. Die Bedingungen der Einlöſung enthält der
2231 3646 3252 3686 Vertrag vom Jahre 1893. Die Gemeinde hat danach das
2231 3682 3249 3726 Recht, am 1. Juli 1914 die Werke zu erwerben, wenn ſie,
2231 3721 3254 3765 wie dies nun geſchehen iſt, ihren Entſchluß der Unternehmung
2231 3762 3253 3803 drei Jahre vor Eintritt des betreffenden Zeitpunktes bekannt
2233 3801 3252 3844 gibt. Die Einlöſung hat nach § 4 des Vertrages unter den
2230 3840 2897 3882 nachſtehenden Bedingungen zu erfolgen:
2301 3878 3245 3923 Die im ſtädtiſchen Grunde und an ſtädtiſchen Objekten
2225 3916 3244 3963 im Gemeindegebiete beſtehenden Leitungen, Apparate und Ein⸗
2228 3957 3244 4003 richtungen werden nach dem 1. Juli 1914 um den gerichtlich
2225 4001 3244 4043 zu erhebenden Schätzwert mit einem Abzuge von 10 Prozent,
2227 4037 3246 4079 die übrigen Objekte um den Schätzwert erworben. Zur erſteren
2226 4077 3242 4121 Kategorie gehört das geſamte Kabelnetz, zu der zweiten Ka⸗
2226 4118 3243 4159 tegorie gehören die Realitäten ſamt allen Baulichkeiten,
2226 4155 3242 4198 Apparaten und Einrichtungen zum Betriebe der elektriſchen
2226 4194 3242 4236 Anlagen, wie die Dampfmaſchinen, Keſſel u. ſ. w. Das Kabel⸗
2224 4231 3241 4276 netz müßte demnach um den gerichtlichen Schätzwert abzüglich
2226 4272 3241 4316 10 Prozent von der Gemeinde abgelöſt werden. In der
2223 4310 3239 4356 Bilanz vom Jahre 1910 ſteht das Kabelnetz mit 11·129 Mil⸗
2224 4352 3240 4394 lionen Kronen zu Buche. Unter den Objekten, die zum Schätz⸗
2224 4388 3240 4434 wert ohne Abzug abzulöſen wären, figurieren die Realitäten
2222 4431 3239 4472 im letzten Rechnungsabſchluſſe mit 3·2 Millionen, die
2223 4466 3238 4510 Maſchinenanlagen und Akkumulatoren mit 9·2 Millionen
2222 4505 2345 4541 Kronen.
2291 4542 3236 4586 Die gerichtliche Schätzung wird zu Beginn des zweiten
2214 4580 3236 4629 Jahres vor der Auflöſung des Vertrages vorgenommen
2217 4619 3236 4667 werden. In dem der Erwerbung unmittelbar vorangehenden
2222 4659 3236 4706 Jahre erfolgt eine neuerliche ergänzende Schätzung. Die
2221 4697 3236 4745 Koſten hiefür tragen beide Kontrahenten. Der bei der letzten
2216 4737 3236 4784 Schätzung feſtgeſetzte Wert der Objekte iſt an die Unter⸗
2216 4777 3234 4823 nehmung ſofort bei der grundbücherlichen oder phyſiſchen
2219 4816 3237 4862 Uebertragung zu entrichten. Wenn die abſchließende Schätzung
2215 4851 3234 4899 im letzten Vertragsjahre nicht beendet werden kann, ſo hat
2217 4890 3237 4939 gleichwohl die Uebernahme, beziehungsweiſe Uebergabe der
2213 4929 3231 4980 Objekte ſamt Zugehör ſofort nach Endigung des Vertrages
2215 4968 3234 5016 zu erfolgen, wenn die Gemeinde zwei Drittel des früher er⸗
2215 5007 3232 5055 hobenen Schätzwertes an die Unternehmung bezahlt. Der
2215 5045 3231 5095 von dem letzten Tage der Uebernahme an mit 5 Prozent zu
2212 5085 3235 5135 verzinſende Reſt des aus der ſchließlichen Schätzung reſultieren⸗
2212 5122 3236 5175 den Wertes iſt ſofort nach ihrem Abſchluſſe an das Unter⸗
2211 5164 2563 5205 nehmen zu bezahlen.
