3488 5358
246 130 460 172 Nr. 16830
830 127 1111 179 Wien, Samstag
1530 134 2113 183 Neue Freie Presse.
2545 134 2791 186 1 Juli 1911
3162 136 3329 184 Seite 11
206 207 1239 255 ſitzung erſtattete Vizebürgermeiſter Dr. Porzer Bericht wegen
206 248 1238 294 Ueberlaſſung der Markthalle in der Zedlitzgaſſe im 1. Bezirk
204 288 1238 335 an den Deutſch⸗öſterreichiſchen Gewerbebund zu gewerblichen
204 327 1238 374 Ausſtellungszwecken. Er beantragte als Grundlage für die
201 368 1235 413 Verhandlungen mit dem Deutſch⸗öſterreichiſchen Gewerbebund
202 408 1236 452 nachſtehende grundſätzliche Beſtimmungen zu genehmigen: Die
204 446 1235 493 Markthalle wird von dem Zeitpunkte ab, in welchem die dieſe
202 486 1237 530 Räumlichkeiten betreffenden Mietverträge, die ſofort zu
201 526 1235 570 kündigen ſind, abgelaufen ſein werden, dem Deutſch⸗
199 565 1236 609 öſterreichiſchen Gewerbebunde zur Errichtung eines Induſtrie⸗
203 605 1237 648 ausſtellungs⸗ und Verkaufsgebäudes überlaſſen. Die Gund⸗
202 644 1237 687 fläche der Halle bleibt Eigentum der Gemeinde Wien. Der
202 683 1237 728 Deutſch⸗öſterreichiſche Gewerbebund hat für die Ueberlaſſung
201 721 1236 767 dieſer Grundfläche einen Zins von jährlich 100 K. ganzjährig
201 761 1237 806 im vorhinein vom Tage der Uebergabe an an die Gemeinde
201 800 1236 843 Wien zu entrichten. Die auf dieſer Grundfläche befindlichen
203 839 1236 882 Gebäude werden dem Deutſch⸗öſterreichiſchen Gewerbebunde
204 879 1235 921 übergeben mit dem Vorbehalte, daß bei der baulichen Ver⸗
203 919 1233 960 änderung oder bei dem Umbau der Halle die Verwertung des
204 958 1232 1000 Abbaumaterials der Gemeinde Wien zuſteht und zufällt. Das
203 995 1232 1042 Mietverhältnis iſt mit einjähriger, im Maitermin anbring⸗
203 1035 1235 1079 barer Kündigung kündbar: a) nach Ablauf von 15 Jahren,
202 1076 1235 1118 b) vor Ablauf dieſer Zeit, wenn der Zins nicht bezahlt wird
201 1118 1233 1159 oder das Gebäude ſeiner Beſtimmung zu induſtriellen Aus⸗
203 1157 1235 1199 ſtellungs⸗ und Verkaufszwecken ganz oder teilweiſe entzogen
201 1194 1235 1235 wird. Bei Beendigung des Mietsverhältniſſes iſt die Grund⸗
202 1231 1234 1276 fläche ohne Anſpruch auf irgend eine Entſchädigung für die
201 1275 1231 1315 aufgeführten Baulichkeiten zu räumen. Die Gemeinde Wien
200 1313 1231 1352 behält ſich das Recht vor, zum Bauprojekt und zu den Be⸗
203 1350 1231 1393 ſtimmungen über den Betrieb der Halle ihre Zuſtimmung zu
204 1392 1230 1432 geben. Dieſe Beſtimmungen wurden genehmigt und nach⸗
203 1429 1230 1473 ſtehender Antrag zum Beſchluſſe erhoben: Zur Verhandlung
204 1472 1230 1510 mit dem Deutſch⸗öſterreichiſchen Gewerbebunde über die ge⸗
200 1509 1230 1551 nannten Bedingungen wird der Bürgermeiſter ermächtigt, der
201 1551 1230 1589 zu dieſem Zwecke nach freiem Ermeſſen ein fünfgliedriges
202 1590 1229 1629 Komitee aus dem Gemeinderate unter ſeinem oder der Vize⸗
202 1629 1229 1668 bürgermeiſter Vorſitz einſetzen kann. Das Ergebnis der Ver⸗
204 1667 1228 1712 handlungen iſt dem Gemeinderate behufs definitiver Schluß⸗
205 1709 524 1750 faſſung vorzulegen.
279 1749 1231 1793 [Verlegung der Kirche und des Kloſters
203 1792 1231 1833 der Eliſabethinerinnen.] Seitens der Bezirks⸗
204 1832 1231 1871 vertretung Landſtraße wird ſchon ſeit einer Reihe von Jahren
204 1870 1230 1910 dahin gearbeitet, daß das Kloſter und die Kirche der
205 1910 1230 1950 Eliſabethinerinnen verlegt werden, welche der geplanten Re⸗
206 1950 1232 1989 gulierung der Landſtraße Hauptſtraße und der Erhöhung des
205 1989 1231 2028 Straßenniveaus im Wege ſtehen. In der letzten Bezirksrats⸗
205 2027 1231 2066 ſitzung teilte Bezirksvorſteher Spitaler mit, daß es mit
205 2066 1231 2107 der Entfernung der beiden Gebäude nunmehr ernſt zu werden
202 2106 1229 2144 verſpricht, denn er habe den Auftrag erhalten, einen geeigneten
206 2143 1228 2183 Platz ausfindig zu machen, auf welchen die Kirche mit dem
203 2182 1231 2221 Kloſter verlegt werden könnte und daß bereits an maß⸗
204 2221 1230 2263 gebender Stelle diesbezügliche Verhandlungen gepflogen
204 2263 331 2300 werden.
274 2304 1228 2346 [Mädchenfortbildung.] An der Schule des
200 2346 1229 2385 Vereines zur Errichtung und Erhaltung höherer Töchterſchulen
201 2385 1229 2424 im zweiten Wiener Gemeindebezirke, Czerningaſſe 3, haben die
201 2423 1230 2463 Einſchreibungen bereits begonnen. Daſelbſt werden auch Pro⸗
202 2464 1229 2504 gramme unentgeltlich verabfolgt und Auskünfte bereitwilligſt
201 2500 1230 2544 erteilt. Folgende Lehrfächer werden da von ſehr tüchtigen
201 2540 1229 2583 Profeſſoren gelehrt: Deutſche Sprache und Literatur, franzö⸗
202 2579 1231 2621 ſiſche und engliſche Sprache, Geographie, Geſchichte, Kunſt⸗
202 2618 1232 2661 geſchichte, Geſetzeskunde, Arithmetik, Buchführung, Erziehungs⸗
200 2658 1230 2698 lehre, Haushaltungskunde, Geſundheitslehre, Zeichnen, Hand⸗
196 2696 589 2738 arbeiten, Stenographie.
197 2767 1228 2815 Der Wiener Stadtrat gegen den Wanderhandel
462 2812 960 2858 mit Obſt und Blumen.
906 2864 1192 2901 Wien, 30. Juni.
268 2903 1225 2948 Eines der Angriffsobjekte, auf welches die Gewerbe⸗
194 2946 1226 2989 retterei der Chriſtlichſozialen ſich mit wahrer Verbiſſenheit ge⸗
193 2985 1226 3028 worfen hat, iſt der kleine Hauſier⸗ und Wanderhandel. Das
194 3028 1225 3067 monſtröſe Hauſiergeſetz, welches im vorigen Abgeordneten⸗
194 3064 1225 3108 hauſe in einer undurchführbaren Form zur Annahme ge⸗
192 3103 1225 3143 langte und mit der Abſtimmung ſofort begraben wurde, war
193 3142 1224 3183 eine jener Taten, auf welche der agrariſche und zünftleriſche
192 3181 1224 3222 Handelsminiſter Dr. Weiskirchner in ſeinen Wahlreden ſich
192 3218 1224 3262 am meiſten zugute tat. Der große Kampf der Chriſtlichſozialen
192 3258 1222 3299 im Reichsrate gegen die Hauſierer und Wanderhändler iſt
192 3298 1221 3339 vorläufig abgetan, aber im Wiener Stadtrat, wo die Chriſt⸗
193 3334 1225 3377 lichſozialen vorläufig noch ihre Mandate behalten haben,
194 3375 1224 3418 ſetzen ſie die Verſuche fort, das Gewerbe durch Quälereien der
193 3414 1224 3456 kleinen Wanderhändler zu täuſchen. Ende Juli dieſes Jahres
192 3452 1224 3494 läuft das von der niederöſterreichiſchen Statthalterei für Wien
192 3492 1221 3533 ausgeſprochene Verbot des Wanderhandels mit Eiern, Milch,
192 3530 1222 3572 Butter, Brennholz, Molkereiprodukten, Kraut, Rüben und
191 3569 1221 3613 Holzkohle ab, und der Stadtrat ſtellt den Antrag, das Ver⸗
193 3609 1222 3651 bot bis Ende Juli 1917 zu erneuern. Damit nicht genug,
194 3648 1221 3688 beantragt der Stadtrat bei der Statthalterei, auch Obſt,
190 3687 1220 3726 Gemüſe und Blumen in das Verbot des Wander⸗
190 3726 557 3765 handels einzubeziehen.
261 3764 1221 3807 Der Straßenhandel mit Obſt und mit Blumen gibt, wie
188 3804 1221 3846 in allen Großſtädten, ſo auch in Wien, zahlreichen Frauen
188 3842 1219 3886 einen kärglichen und hart erworbenen Verdienſt. Es iſt be⸗
190 3880 1218 3925 zeichnend für die Chriſtlichſozialen, daß ihre bösartige und
189 3920 1218 3962 rückſchrittliche Gewerbepolitik am liebſten wehrloſen Frauen
190 3960 1218 4002 gegenüber betätigt wird. Dr. Weiskirchner verſprach, als er
190 3999 1217 4041 noch Handelsminiſter war, Maßregeln gegen die Haus⸗
188 4038 1217 4079 friſeurinnen. Nun geht der Stadtrat gegen die armen Blumen⸗
190 4076 1216 4118 und Obſthändlerinnen vor. Die Bevölkerung von Wien hat in
189 4117 1216 4157 den Reichsratswahlen vom 13. und 20. Juni bewieſen, daß
190 4155 1217 4195 ſie mit der Gewerbepolitik der Chriſtlichſozialen nichts weniger
189 4195 1219 4234 als einverſtanden iſt. Die Beſchlüſſe des chriſtlichſozialen
187 4230 1218 4274 Stadtrates entſprechen daher heute noch viel weniger den
187 4270 1175 4312 Wünſchen der Wiener, als dies bereits früher der Fall war.
262 4309 1218 4354 Ueber die neueſte „Gewerberettung“ des Wiener Stadt⸗
186 4348 749 4389 rates liegt folgender Bericht vor:
258 4388 1217 4429 In der heutigen Sitzung des Stadtrates wurde über die
185 4426 1216 4469 Verlängerung und Erweiterung des Ver⸗
186 4465 1215 4508 botes des Wanderhandels in Wien referiert.
186 4504 1216 4547 Dem Gemeinderate wird empfohlen werden, zu beſchließen, es
187 4543 1214 4587 ſei an die Statthalterei folgender Antrag im Grunde des § 60,
187 4581 904 4625 Abſatz 4, der Gewerbeordnung zu ſtellen:
251 4620 1216 4664 Das mit den Statthalterei⸗Kundmachungen vom 31. Juli
185 4659 1215 4701 1906 und 8. März 1907 ausgeſprochene Verbot des Umher⸗
184 4700 1212 4740 tragens und Anbietens von Eiern, Milch, Butter und Brenn⸗
184 4737 1215 4779 holz, ferner von Molkereiprodukten (Topfen, Käſe und Rahm),
182 4777 1215 4818 von Kraut und Rüben in geſäuertem Zuſtande und von
184 4814 1213 4857 Holzkohle, deſſen Wirkſamkeit mit Ende Juli 1911 abläuft,
184 4853 1213 4897 wird aus markt⸗, beziehungsweiſe ſanitätspolizeilichen Rück⸗
184 4894 1212 4935 ſichten, und zwar mit Wirkſamkeit bis Ende Juli 1917,
184 4933 1114 4974 für das ganze Gemeindegebiet von Wien erneuert.
256 4971 1213 5014 Es werde weiters das Umhertragen und Anbieten von
182 5007 1211 5051 Obſt (einſchließlich Dörrobſt), Zwiebeln, Kartoffeln,
183 5047 1211 5090 Gemüſe aller Art, Geflügel in lebendem und
184 5087 1213 5128 totem Zuſtande, Naturblumen und Honig für das
183 5126 1212 5174 ganze Gemeindegebiet aus markt⸗, beziehungsweiſe
1273 215 2296 260 ſanitätspolizeilichen Gründen mit der Wirkſamkeit bis Ende
1271 256 1621 294 Juli 1917 unterſagt.
1345 294 2298 336 Es wird der Anſchauung Ausdruck gegeben, daß Stein⸗
1271 332 2297 376 und Braunkohle, Briketts, Kaffee und Kaffeeſurogate nicht
1271 371 2296 414 als Erzeugniſſe der Land⸗ und Forſtwirtſchaft im Sinne des
1271 409 2297 452 § 60 der Gewerbeordnung anzuſehen ſind, demnach das Feil⸗
1273 448 2297 493 bieten dieſer Artikel im Umherziehen nach den Beſtimmungen
1270 487 2294 534 des § 60 der Gewerbeordnung überhaupt nicht geſtattet iſt und
1271 527 2293 571 daß daher ein Anlaß zu einem Antrage des Gemeinderates
1271 568 2107 609 auf die Ausſchließung dieſer Artikel nicht vorliegt.
1347 605 2294 649 An die Bezirkshauptmannſchaften und an die übrigen
1269 642 2293 688 politiſchen Behörden Niederöſterreichs wäre ſeitens der Statt⸗
1271 683 2291 726 halterei die Weiſung zu erlaſſen, daß die bisher hie und da
1270 721 2293 765 noch geübte Ausfertigung von Gewerbeſcheinen zum Wander⸗
1271 760 2294 806 handel mit gewiſſen Naturprodukten „nach Wien“ hinſichtlich
1272 797 2296 843 jener Artikel, für welche ein Verbot des Wanderhandels in
1273 835 2294 883 Wien erlaſſen wurde, in Hinkunft mit Rückſicht auf dieſes
1271 875 1778 917 Verbot nicht mehr zuläſſig ſei.
1346 915 2294 958 Der Gemeinderat behält ſich vor, ähnliche Anträge allen⸗
1272 947 2296 998 falls auch noch ſpäter hinſichtlich anderer, dem täglichen Ver⸗
1273 990 2290 1037 brauche dienender Erzeugniſſe der Land⸗ und Forſtwirtſchaft
1270 1030 2294 1074 zu ſtellen ſowie die Verlängerung des beantragten Verbotes
1277 1069 2114 1116 nach Ablauf ſeiner Giltigkeitsdauer zu beantragen.
1582 1160 2001 1208 Vereinsnachrichten.
1345 1210 2293 1256 [Verband öſterreichiſcher Künſtler und
1270 1243 2294 1298 Kunſtfreunde.] Zu Gunſten dieſes unter dem Präſi⸗
1271 1288 2293 1336 dium des Direktors Theodor Plowitz ſtehenden allgemeinen
1268 1326 2296 1376 Künſtlerverbandes fand am 24. Juni im „Hietzinger⸗Hof“ ein
1267 1367 2291 1416 Sommerfeſt „Die Bohème beim Heurig'n“ ſtatt, das einen
1270 1402 2293 1456 überaus glänzenden Verlauf nahm. Die Reihe der Dar⸗
1268 1443 2295 1494 bietungen eröffnete eine Variétévorſtellung, an welche ſich ein
1269 1484 2296 1533 Kabarett anſchloß unter der Mitwirkung der Damen Fräu⸗
1270 1524 2296 1573 lein Natalie Derla vom Kabarett „Intim“, Fräulein Thea
1268 1562 2294 1611 Forſt von der Kleinen Wiener Bühne, und der Herren
1268 1602 2294 1650 Konzertmeiſter Dr. Otto Kaperl vom Raimund⸗Theater, Julius
1267 1642 2294 1688 Krott vom Berliner Deutſchen Theater, Gebrüder Sarnitz,
1269 1678 2296 1730 Opernſänger Hans Ritter, Rolf Viktor Werau, Geſangskomiker
1266 1718 2293 1768 Hans Tochten, Humoriſt Otto Pollak, Rudolf Frank, Benno
1266 1758 2293 1806 Lie und Komponiſt Dr. Hugo Bleyer. Sämtliche Vortragen⸗
1266 1798 2294 1846 den ernteten für ihre vorzüglichen Leiſtungen rauſchenden Bei⸗
1267 1838 2293 1884 fall. Die Fülle der Beluſtigungen ſchloſſen ein Koriandoli⸗
1266 1876 2294 1926 korſo, eine Blumenſchlacht, Preistanz und höchſter Heuriger.
1266 1916 2293 1963 Dem unter der umſichtigen Leitung der Herren Redakteure
1267 1954 2295 2003 Viktor Fiſcher und Z. A. Kalojan ſtehenden Komitee gehörten
1267 1994 2290 2044 Damen und Herren der vornehmſten Geſellſchaft Wiens an.
1354 2039 2295 2085 [Vorträge und Verſammlungen.] Morgen
1268 2076 2294 2119 (Samstag) finden folgende Vorträge und Verſammlungen ſtatt:
1266 2111 2294 2150 „Urania“, ½ 8 Uhr, Adam Müller⸗Guttenbrunn:
1265 2144 2294 2187 „Alt⸗Wien.“ — Sektion Margareten des Volks⸗
1265 2179 2294 2220 bildungsvereines, ½ 8 Uhr, 5. Bezirk, Stöbergaſſe, Jahres⸗
1266 2215 2294 2258 verſammlung, Profeſſor Dr. Haſſinger: „Adelsberg⸗Fiume⸗
1265 2249 2291 2291 Abbazia ꝛc.“ — Verein für Werkmeiſter und Induſtrie⸗
1265 2284 2291 2326 beamte, 8 Uhr, Gaſtwirtſchaft, 15. Bezirk, Zinkgaſſe 8, Monats⸗
1265 2318 2294 2361 verſammlung. — Männergeſangverein „Favoriten“,
1267 2351 2293 2394 ½ 9 Uhr, 10, Bezirk, Favoritenſtraße 89, Sommerliedertafel. —
1264 2387 2292 2429 Verein der Deutſchen aus Ungarn. Garten⸗ und Saal⸗
1264 2422 2147 2463 räume, 13. Bezirk, Hietzinger Hauptſtraße 36, Sommerfeſt.
1532 2496 2020 2546 Lokalbericht.
1340 2549 2287 2594 [Pflegerinnenſchule des Rudolfiner⸗
1266 2588 2288 2633 hauſes.] Die Einrichtungen der Pflegerinnenſchule des
1266 2628 2288 2676 Rudolfinerhauſes, Wien, 19. Bezirk, Billrothſtraße 78, ſind
1265 2668 2287 2716 jeden Sonntag von 10 bis 12 Uhr allgemein zugänglich.
1264 2708 2288 2758 Entree 50 H. per Perſon zu Gunſten des Pflegerinnen⸗
1265 2748 1515 2789 Penſionsfonds.
1337 2793 2288 2841 [Altkatholiſche Kirchengemeinde.] In der
1261 2834 2288 2881 St. Salvatorkirche, 1. Bezirk, Wipplingerſtraße 3 (altes Rat⸗
1262 2874 2287 2919 haus), wird Bistumsverweſer M. Cech aus Warnsdorf am
1261 2913 2287 2958 Sonntag den 2. Juli die heilige Firmung an 34 Firmlinge
1256 2953 2148 2997 ausſpenden. Der Feſtgottesdienſt beginnt um ½ 10 Uhr.
1337 2997 2287 3045 [Probealarm des Eiſenbahnrettungs⸗
1263 3040 2286 3085 korps.] Man ſchreibt uns mit Bezug auf den Bericht über
1264 3080 2287 3127 einen Probealarm des Eiſenbahnrettungskorps der Nordbahn
1264 3120 2286 3165 im Morgenblatt der „Neuen Freien Preſſe“ vom 28. d. :
1261 3159 2288 3205 „Die Inſtitution des Eiſenbahnrettungskorps beſteht bei den
1264 3199 2285 3243 k. k. öſterreichiſchen Staatsbahnen in Wien ſchon ſeit Jahren.
1264 3238 2286 3283 Sowohl in den Stationen Heiligenſtadt als auch in Hütteldorf
1264 3280 2285 3324 befindet ſich je ein Rettungskorps ſamt Rettungswagen und
1264 3319 2285 3363 Utenſilien unter Leitung der Bahnärzte Dr. Ehrenhaft
1261 3358 2285 3403 und Dr. Markus. Alljährlich werden von der Direktion
1262 3399 2283 3442 der k. k. öſterreichiſchen Staatsbahnen Probealarme durchgeführt,
1261 3439 2282 3484 wobei natürlich weder Zeit noch Ort vorher bekannt iſt. Die
1260 3477 2284 3521 bisher durchgeführten Alarmzüge funktionierten immer
1260 3520 1418 3556 tadellos.“
1334 3564 2285 3608 [Verband der öſterreichiſchen Bahnhof⸗
1256 3607 2284 3648 reſtaurateure.] An der jüngſt im „Hotel Bayriſcher Hof“
1258 3645 2284 3685 abgehaltenen Generalverſammlung des Verbandes der öſter⸗
1257 3683 2285 3723 reichiſchen Bahnhofreſtaurateure nahmen unter anderen Verbands⸗
1257 3723 2283 3765 präſident Hof⸗ und Kammerlieferant Zavrel aus Prag, die
1256 3760 2282 3803 Vizepräſidenten Wotzilka aus Schreckenſtein, Steyrer aus
1255 3800 2283 3841 Selztal, Luſtig aus Oderberg und die Sektionsobmänner aus
1254 3840 2281 3881 Prag, Brünn, Nimburg und Königgrätz teil. Aus dem Jahres⸗
1255 3880 2281 3922 bericht ſind die erfolgreiche Tätigkeit des Verbandes und das eifrige
1253 3917 2281 3959 Beſtreben ſeiner Leitung, die Rechte ſeiner Mitglieder zu wahren
1255 3957 2281 3999 und ihre Lage zu verbeſſern, zu erſehen. Bei dem Referat über
1254 3995 2280 4038 den Wohlfahrtsverein wurden die Verdienſte ſeines Schöpfers
1251 4033 2281 4075 Vizepräſidenten Jakob Wotzilka hervorgehoben und anerkannt.
1252 4073 2281 4113 Das vom Verbande dem Eiſenbahnminiſter unterbreitete Memo⸗
1252 4111 2280 4152 randum, betreffend die Regelung der Pachtverhältniſſe, die Ueber⸗
1253 4150 2277 4194 nahme des Inventars beim Wechſel ſeitens des Nachfolgers, Er⸗
1253 4188 2280 4232 teilung von Fahrtbegünſtigungen an Bahnhofreſtaurateure, deren
1252 4228 2280 4273 Familien und an das Dienſtperſonal, endlich die Entfernung
1252 4267 2280 4310 der Beſchwerdekäſten aus den Reſtaurationsräumen dürfte einer
1250 4306 2282 4350 günſtigen Erledigung entgegengehen. Dem Präſidenten des Ver⸗
1251 4346 2281 4388 bandes Franz Zavrel wurden der herzlichſte Dank und die
1249 4383 1692 4425 vollſte Anerkennung votiert.
1325 4427 2280 4475 [Penſionat und Fortbildungskurſe in
1248 4469 2280 4515 Döbling.] An das in einer Gartenvilla gelegene Penſio⸗
1247 4508 2282 4553 nat Hannah Wolff, 19. Bezirk, Rudolfinergaſſe Nr. 18,
1248 4547 2281 4591 ſollen im nächſten Schuljahre ganz neuartige Fort⸗
1247 4586 2281 4628 bildungskurſe angegliedert werden. Da nämlich die
1249 4623 2280 4666 Abſolventinnen der Bürgerſchule, beſonders die aus der Pro⸗
1251 4662 2281 4708 vinz und aus dem Auslande kommenden jungen Mädchen, in
1249 4700 2281 4746 den Betrieb der öffentlichen Mädchenmittelſchulen nicht ganz
1248 4741 2281 4784 hineinzupaſſen pflegen, ſollen Klaſſen geſchaffen werden, die
1247 4780 2280 4823 allgemeine Bildung vermitteln und zugleich den Uebergang in
1247 4818 2279 4861 die höheren Klaſſen einer öffentlichen Bildungsanſtalt ermög⸗
1248 4857 2278 4901 lichen. Pädagogen von Ruf ſtehen zur Verfügung. An den
1247 4895 2278 4939 Unterricht der deutſchen, franzöſiſchen und engliſchen Sprache,
1246 4934 2279 4979 Geſchichte, Geographie und Kunſtgeſchichte ſollen ein Samariter⸗
1248 4974 2279 5015 kurs, Hygiene-Unterricht, Hauswirtſchaft und Gartenbau ſich an⸗
1247 5012 2279 5054 ſchließen. Die Ausbildung, die vor allen Dingen den künfti⸗
1248 5051 2279 5094 gen Frauenberuf ins Auge faßt, wird ſicher vielen Eltern die
1242 5088 2277 5135 Löſung der ſchwierigen Frage der Mädchenerziehung erleichtern.
1244 5128 2279 5173 Auch Tagespenſionärinnen bietet die Anſtalt ſowohl in
2335 211 3362 257 hygieniſcher als auch pädagogiſcher Hinſicht große Vorteile
2333 256 3365 296 Auskünfte über Penſionat und Fortbildungskurſe täglich von
2334 296 3362 336 5 bis 6 Uhr, 19. Bezirk, Rudolfinergaſſe Nr. 18. Schriftliche
2334 331 3129 376 Auskunft und Proſpekt jederzeit auf Verlangen.
2400 376 3356 422 [Ein Täſchchenräuber in der Stadt.] Eine
2326 421 3357 462 aufſehenerregende Jagd nach einem frechen Burſchen, der
2328 460 3357 502 einem jungen Mädchen eine Handtaſche mit Geld entriſſen
2329 502 3358 542 hatte, gab es heute nachmittags in der Innern Stadt.
2331 541 3360 581 Die Comptoiriſtin Philippine Oſer hatte bei der Poſtſpar⸗
2332 579 3360 620 kaſſe 750 K. behoben und das Geld in ihr Handtäſchchen
2332 620 3361 658 gelegt, wo ſich ſchon 320 K. befanden. In den Anlagen der
2333 657 3361 696 Gartenbaugeſellſchaft verſpürte ſie plötzlich einen Stoß in den
2330 693 3359 736 Rücken und zugleich entriß man ihr das Handtäſchchen. Die
2334 735 3360 775 Ueberfallene ſah einen jungen Burſchen davonlaufen. Er
2332 773 3361 813 ſchlug den Weg über den Ring und gegen den Stadtpark ein
2332 811 3360 852 und Fräulein Oſer lief ihm nach und rief: „Aufhalten!“ Das
2331 849 3364 889 Handtäſchchen war ihm entfallen. Er bückte ſich danach, hob
2332 889 3362 929 es auf und lief weiter. Ev ließ einen Automobil⸗Taxameter
2330 926 3362 968 halten, ſprang in das Coupé und rief dem Chauffeur zu, er
2332 965 3363 1007 möge eiligſt zum Südbahnhofe fahren. Die Verfolger riefen
2332 1006 3362 1044 dem Chauffeur zu, er möge halten. Beim Polizeikommiſſariate
2329 1043 3363 1084 Innere Stadt wurde der Verhaftete als der 19jährige Schreiber
2331 1083 3362 1124 Joſef Plhal, Währing, Karl Beckgaſſe 17, wohnhaft, agnos⸗
2329 1120 3362 1164 ziert. Er hat auch bei einem hieſigen Advokaten eine
2329 1161 2735 1202 Veruntreuung begangen.
2433 1202 3362 1244 [Kindergärtnerinnen⸗ und Bonnenkurſe.]
2328 1239 3362 1277 Die mit dem Oeffentlichkeitsrechte verſehene Erſte Bildungs⸗
2328 1274 3364 1311 anſtalt für Kindergärtnerinnen in Wien, Schiffamts⸗
2325 1308 3365 1346 gaſſe 15, welche mit einem Sommerkurſe und einem Uebungskinder⸗
2324 1343 3363 1381 garten verbunden iſt, beſchließt nunmehr das 43. Schuljahr. Die im
2324 1376 3361 1415 Jahre 1868 gegründete Anſtalt hat nicht nur die Aufgabe, ſtaatlich
2324 1411 3362 1450 geprüfte Kindergärtnerinnen auszubilden, ſondern ſie will auch den
2326 1442 3362 1485 Familien tüchtige Erziehungskräfte verſchaffen und ſolche Mädchen,
2325 1479 3358 1521 welche keinem Broterwerbe nachgehen wollen, im Geiſte Peſtalozzis
2324 1513 3184 1554 und Fröbels für ihren künftigen Mutterberuf vorbereiten.
2413 1551 3356 1597 [Dienstjubiläum.] Herr Joſef Fries feiert am
2324 1592 3355 1632 1. Juli ſein dreißigjähriges Dienſtjubiläum in der Firma D. Berl.
2328 1629 3356 1668 Herrn Fries, der ſich in der Wiener Kaufmannſchaft beſonderen
2328 1661 3356 1701 Anſehens erfreut, ſind anläßlich dieſes Jubiläums ſowohl aus kom⸗
2326 1698 3357 1740 merziellen Kreiſen als auch aus der Wiener Geſellſchaft viele Glück⸗
2327 1732 2665 1770 wünſche zugekommen.
2414 1772 3354 1816 [Betrug an einem Dienſtmann.] Wie gemeldet,
2325 1811 3357 1852 hat ein Betrüger dem, Ottakring, Gaullachergaſſe 7, wohnhaften Dienſt⸗
2325 1846 3357 1887 mann Franz Chramoſta, der ſeinen Standplatz Ecke Wollzeile
2327 1880 3355 1921 und Stroblgaſſe hat, auf raffinierte Weiſe zwei Handwagen entlockt,
2327 1916 3356 1957 die Chramoſta aus einer Leihanſtalt bezog. Der arme alte Dienſt⸗
2326 1951 3355 1993 mann iſt erſatzpflichtig und bittet Wohltäter, ihm zu dem für ihn
2325 1984 2985 2026 unerſchwinglichen Koſtenbetrage beizuſteuern.
2613 2073 3078 2120 Sportzeitung.
2567 2123 3106 2164 Das Kottingbrunner Meeting.
2392 2165 3356 2212 Das Generalſekretariat des Jockeyklubs für Oeſterreich gibt
2318 2204 3358 2251 bekannt, daß es bereits ab 11. Juli im Schloſſe Kottingbrunn
2320 2242 3349 2290 amtiert. In der Auszahlung der Totaliſateurreſtanten aber
2320 2282 2825 2326 findet keinerlei Aenderung ſtatt.
2724 2326 2945 2367 Fred Taral.
2389 2369 3358 2416 Unſer einſtiger Championjockey iſt plötzlich wieder aus Paris
2318 2411 3355 2456 nach Amerika zurückgekehrt. Es handelt ſich aber nicht um eine
2319 2450 3357 2497 dauernde Heimkehr, ſondern die Veräußerung ſeines dortigen
2319 2488 3353 2536 Grundbeſitzes hat ſeine Anweſenheit in Newyork notwendig ge⸗
2318 2528 3353 2574 macht. Taral will im September wieder in Europa ſein und
2318 2568 3202 2612 ſich dann ſtändig in Oeſterreich⸗Ungarn ſeßhaft machen.
2436 2612 3248 2657 Großes Internationales athletiſches Meeting.
2388 2656 3350 2703 Nach den vom Aſſociation Football Club zu
2317 2696 3356 2738 Pfingſten veranſtalteten engliſchen Fußballmatches tritt nun der⸗
2316 2735 3355 2780 ſelbe Verein mit einer athletiſchen Veranſtaltung hervor, wie ſie
2317 2774 3355 2820 in ähnlichem Stile bisher in Oeſterreich noch nicht ſtattgefunden
2317 2813 3352 2859 hat. Auf dem Cricketerplatz in der Vorgartenſtraße, wo
2316 2852 3352 2896 die Regimentsmuſik des Infanterieregiments Nr. 99 konzertieren
2316 2891 3352 2937 wird, werden ſich die Abgeſandten von Italien, Belgien,
2316 2929 3350 2974 Finnland, Schweden, Frankreich, Deutſchland
2317 2970 3349 3013 (Berlin, Düſſeldorf und Frankfurt a. M.), Ungarn (Budapeſt
2317 3009 3348 3054 und Preßburg) und Oeſterreich (Wien, Brünn, Graz und
2315 3049 3348 3093 Lemberg) gegenüberſtehen. Das verſpricht wahrlich hochintereſſante
2315 3087 3348 3130 Kämpfe und glänzende Leiſtungen, denn die Vertreter der aus⸗
2315 3126 3347 3169 wärtigen Staaten ſind faſt durchwegs die beſten Athleten des
2314 3164 3348 3208 betreffenden Landes. Deutſchland wird durch 15 Athleten, Italien
2314 3203 3348 3248 durch 6 oder 7, Belgien durch 4, Finnland durch 2, Ungarn
2315 3243 3349 3287 durch 30 Athleten vertreten ſein, ſo daß es auch große Felder
2313 3283 3353 3328 geben dürfte. Wie die Wiener bei dieſer enormen Konkurrenz,
2314 3322 3351 3365 die an olympiſche Spiele erinnert, abſchneiden werden, iſt aller⸗
2313 3357 3347 3404 dings eine andere Frage. Sowohl die alte Garde als der zu⸗
2313 3399 3345 3443 meiſt aus Mittelſchülern beſtehende Nachwuchs hat heuer bereits
2314 3437 3346 3481 ſchöne Leiſtungen vollbracht, ſo daß man auf ein ehrenvolles
2312 3476 3346 3519 Abſchneiden rechnen darf. Das Meeting iſt zweifellos die
2311 3516 3348 3555 Senſation des Tages. Anſchließend an die athletiſchen Wett⸗
2311 3554 3091 3598 kämpfe findet ein erſtklaſſiges Fußballmatch ſtatt.
2364 3600 3298 3642 Die Weltmeiſterſchaft im Ringen und Gewichtheben.
2384 3645 3346 3688 Sonntag werden die Amateur ⸗ Weltmeiſterſchaften des
2309 3682 3346 3728 zweiten großen Volksfeſtes in der Olympia⸗Arena im 10. Bezirke
2310 3723 3348 3767 mit der Mittelgewichts⸗ und Schwergewichtsklaſſe fortgeſetzt und
2310 3763 3347 3805 beendet. Da hier eine große Zahl auswärtiger Konkurrenten an
2309 3800 3347 3845 den Kämpfen teilnimmt, wird dies der intereſſantere Teil ſein,
2309 3840 3344 3884 um ſo mehr, als auch die drei Wiener Weltmeiſter Swoboda,
2309 3877 3346 3923 Grafl und Tandler aufeinandertreffen. Beginn der Vor⸗
2309 3918 3346 3964 kämpfe ½ 10 Uhr vormittags, der Entſcheidungskämpfe ½ 4 Uhr
2309 3958 2504 3999 nachmittags.
2575 3995 3072 4037 Die Wiener Stromregatta.
2387 4037 3348 4083 Auf der Strecke Kloſterneuburg (Normannen) bis zum
2314 4076 3348 4122 Nußdorferſpitz (Donauhort) wird Sonntag nachmittags die
2314 4118 3347 4160 alljährliche Stromregatta abgehalten, deren Nennungsergebnis
2313 4156 3348 4199 alle bisherigen Veranſtaltungen übertrifft, da 9 Vereine mit
2311 4196 3347 4237 17 Booten und 85 Ruderern gemeldet wurden und auch die
2311 4233 3348 4278 Budapeſter Vereine Pannonia und Duna an derſelben
2311 4273 3350 4317 teilnehmen werden. Im Gubik⸗Gedächtnis⸗Vierer
2311 4312 3350 4357 wird der Pirat, der bei der großen Regatta den Kampf
2312 4349 3348 4393 gegen die Szebeny⸗Mannſchaft der Pannonia wegen eines
2312 4391 3348 4435 Schwächeanfalles ſeines Schlagmannes in führender Poſition
2311 4430 3348 4472 aufgeben mußte, neuerlich herauskommen. Da der Pirat am
2310 4470 3344 4512 nächſten Sonntag bei der ungariſchen Stromregatta ein
2312 4511 3345 4550 nochmaliges Zuſammentreffen mit dem Szebeny⸗Vierer anſtrebt,
2313 4549 3346 4588 wird es von beſonderem Intereſſe ſein, wie er diesmal ab⸗
2312 4587 3348 4629 ſchneidet. Die Duna, die Menz⸗Mannſchaft des Donau⸗
2312 4626 3348 4666 hort, ſowie der Normanen⸗Vierer, der gelegentlich
2312 4664 3347 4707 der großen Regatta den Preis der Stadt Wien gewann, ſind,
2310 4703 3347 4745 ſeine Gegner. Wahrlich alſo ſtark genug, um Pirat zu einem
2307 4743 3347 4784 Beweiſe ſeiner Klaſſe zu zwingen. Die Einſermeiſter⸗
2309 4780 3345 4824 ſchaft, in welcher nur Budik (Ellidia) und Nagl (Lia)
2308 4823 3345 4862 gemeldet haben, ſollte eine ſichere Sache für den ſo unglück⸗
2311 4862 3346 4900 lichen Lianeſen ſein. Der Regattavereins⸗Vierer
2310 4899 3346 4942 bringt Donauhort, Normannen und Donau auf
2310 4939 3346 4980 das Waſſer, die ſich einen harten Kampf liefern dürften. Im
2308 4978 3346 5018 Verbandseinſer begegnen ſich Fellerer (Donau⸗
2309 5016 3345 5058 hort), Reiſinger (Ellida) und Blaha (Lia). Fellerer
2308 5056 3344 5097 lag vor zwei Wochen bis zum Moment, wo er ſich verſteuerte
2311 5095 3344 5137 und aus der Bahn geriet, ſo gut im Rennen, daß uns ſein
2307 5133 3353 5176 Sieg wahrſcheinlich ſcheint. Das ſchönſte Rennen aber dürfte
