3488 5363
160 213 778 263 Redaktion, Administration u. Druckerei:
279 253 664 283 Kolowratring, Fichteg e Nr. 11.
163 272 776 307 Unfrankierte Briefe werden nicht angenommen und
211 296 735 326 Manuskripte in keinem Falle zurückgesendet.
270 334 677 364 Ankündigungs-Bureau:
163 356 778 389 Stadt, Wollzeile 20. Insertionspreis nach Tarif. Inserate
163 377 779 408 übernehmen: Witzek, Ann.-Exp. in Prag und
162 399 779 430 Brünn; Jos. A. Kienreich, Inseraten-Exp. in Graz;
164 421 780 451 J. Blockner, J. Leopold, Jos. Schwarz, Ann.-Exp.
164 442 780 473 in Budapest; im Auslande: John F. Jones & Co.
164 464 780 494 in Paris, 81 bis, Rue du Faubourg Montmartre;
164 484 779 515 Rudolf Mosse in Berlin, München, Leipzig;
165 506 781 539 Haasenstein & Vogler in Hamburg, Berlin,
166 528 782 558 Frankfurt a. M. u. Basel; Heinrich Eisler,
165 549 781 580 Ann.-Exp. in Hamburg; Orell Füssli & Co. in
167 570 780 602 Zürich u. Basel: Neyroud & Sons in London;
167 593 782 623 Vertreter für Deutschland, Frankreich, England,
167 614 781 645 Italien etc.: Saarbachs News Exchange, Mainz u.
409 641 546 663 Köln a. Rh.
279 672 676 703 Abonnement für Wien:
170 695 782 727 Mit tägl. zweimal. Zustell. ins Haus: Ganzj. K. 50.40,
388 721 565 745 monatl. K. 4.20.
171 739 785 769 Zum Abholen im Hauptverlage Wollzeile 20 oder
204 762 752 790 Fichtegasse 11: Ganzj. K. 43.20, monatl. K. 3.60.
172 782 786 812 Einzeln: Morgenblatt 12 H., Abendblatt 6 H., Nach-
172 804 786 833 mittagblatt am Montag und nach zwei Feiertagen 12 H.
458 825 786 853 Morgen u. Abendblatt 40 Pf.
457 846 787 873 Morgen- und Nachmittagblatt
530 870 706 891 allein je 30 Pf.
174 846 427 877 Für Deutschland
258 875 350 898 einzeln:
457 890 786 917 Abendblatt allein je 15 Pf.
1491 274 1941 366 Neue
866 393 2616 746 Freie Presse.
1550 797 1925 876 Abendblatt.
2754 180 3256 210 Abonnement für das Inland:
2698 203 3311 233 Mit tägl. einmal. Postversendung: Ganzj. K. 56, halbj.
2697 225 3310 255 K. 28, viertelj. K. 14. Mit tägl. zweimal. Postversend.:
2766 249 3245 277 Ganzj. K. 64, halbj. K. 32, viertelj. K. 16.
2742 286 3269 320 Abonnement für das Ausland:
2928 319 3089 342 Vierteljährig:
2697 345 3311 375 Bei uns (Kreuzband-Versend.): Deutschland,
2697 370 3314 397 Serbien K. 20, f. Staaten d. Weltpostvereines
2696 391 3314 416 K 22. Bei den Postämtern in Deutschland
2697 412 3315 440 M. 11.18, Schweiz Fr. 14.05, Belgien Fr. 15.06,
2697 435 3314 461 Italien L. 14.47, Rumänien Fr. 15.95, Serbien
2696 454 3316 483 Fr. 13.80, Bulgarien Fr. 15.65, Russland R. 5.30,
2696 475 3316 504 Griechenland (b. d. Buchh. Beck & Barth u. C. Elef-
2697 497 3318 526 theroudakis, Athen od. k. k. Zeitgs.-Exp. in Triest) u.
2698 519 3318 547 Europ. Türkei K. 15.65, Asiat. Türkei K. 17.45,
2697 538 3317 568 Aegypten Fr. 18.32, Dänemark skand. K. 11.26,
2699 562 3317 592 Norwegen skand. K. 10.56, Holland F. 9.—.
2699 582 3317 610 Bei den Agenturen in Italien: Saarbachs News
2698 604 3318 632 Exch., Mailand, 2. Gust. Modena, Loescher & Co., Rom
2700 624 3319 654 Fr. 23.50; Frankreich: Saarbachs News Exch.,
2700 646 3320 676 Paris, 148, Faubourg St. Denis, Agence Havas, Paris
2700 669 3319 697 Fr. 23.50; England: Saarbachs News Exch., London,
2700 689 3319 719 16, John Street, Adelphi Straud W. C., A. Siegle,
2700 712 3320 740 30, Lime-Street E. C., London, sh. 19; Nordamerika:
2700 732 3320 761 E. Steiger, 25 Park-Place, G. E. Stechert, 151—155 West
2699 753 3319 782 25th St., L. A. Rosswaag, 57, Second-Avenue in
2699 775 3321 803 Newyork, Doll. 6.40. Vertreter für das gesamte Aus-
2700 796 3321 826 land: Saarbachs News Exchange, G. m. b. H., Mainz.
2698 826 3319 855 Für die an Agenten, Austräger oder Verschleisser
2745 849 3277 876 bezahlten Beträge leisten wir keine Garantie.
235 967 699 1030 Nr. 16830.
1307 945 2131 1022 Wien, Samstag, den 1. Juli
3047 929 3272 986 1911.
163 1077 1192 1152 Die Unbehaglichkeiten im Wiener Gemeinde-
631 1150 732 1200 rate.
906 1202 1157 1240 Wien, 1. Juli.
251 1261 1194 1312 Schon vor den Reichsratswahlen vom Juni war
173 1301 1194 1358 in der Mehrheit des Wiener Gemeinderates ein Brodeln
169 1345 1191 1400 und Kniſtern zu merken. Wenn die Gerüchte über heim⸗
170 1388 1191 1444 liche Nachſtellungen gegen den Bürgermeiſter Dr. Neu⸗
169 1432 1193 1487 mayer ſich verdichteten, kamen recht ſchwächliche Ab⸗
169 1473 1196 1531 leugnungen, und jeder nüchtern urteilende Menſch hatte
172 1520 1194 1574 die Ueberzeugung, daß die Mehrheit des Gemeinderates
169 1559 1193 1619 nicht die Stätte ſei, von der in der Heiligen Schrift ge⸗
170 1602 1196 1663 ſagt wird: Wie ſchön iſt es, wenn Menſchen einträchtig
167 1650 1193 1707 zuſammenwohnen. Neuerdings kommen Meldungen über
172 1691 1196 1747 inneren Zwieſpalt und über den Wunſch einzelner Teile
168 1732 1198 1789 der Mehrheit, ſich von ihr loszureißen und ſelbſtändig zu
168 1776 1199 1832 werden. Es wird erzählt, daß insbeſondere jene Mit⸗
167 1819 1197 1878 glieder, die ſchon lange in der Führung Geßmanns die
167 1865 1194 1920 Urſache des Niederganges der Partei erkannten, ſich mit
173 1906 1196 1963 dem Gedanken tragen, eine unabhängige Gruppe zu
174 1949 1199 2007 bilden. Namentlich ſollen jene Mitglieder des Gemeinde⸗
173 1993 1200 2049 rates dazu geneigt ſein, die nicht wollen, daß die klerikale
173 2037 1200 2093 Politik Geßmanns fortgeſetzt werde. Natürlich wird die
174 2079 1200 2137 Wahrheit dieſer Gerüchte beſtritten, und vielleicht haben
173 2124 1202 2181 die Pläne wirklich noch keine beſtimmte Form an⸗
177 2162 1200 2226 genommen. Jede Partei ſchwört ſolange, daß ſie einig
172 2208 1199 2267 ſei, als die Uneinigkeit ſich überhaupt verbergen läßt.
178 2251 1200 2307 Die Chriſtlichſozialen haben freilich ſchon lange die
175 2295 1202 2352 Feſtigkeit des inneren Zuſammenhanges verloren und der
176 2335 1203 2396 Welt ſchon längſt das Geheimnis verraten, daß ſie ſich
178 2378 1203 2439 untereinander nicht ausſtehen können und ſich gegenſeitig
177 2425 1204 2482 die Schuld an der Kataſtrophe vom Juni zuſchieben. Viel
179 2467 1203 2525 iſt da nicht mehr zu leugnen, und die volle Wahrheit
179 2510 1139 2569 über den Zwieſpalt wird ſehr bald offenkundig werden.
257 2573 1203 2627 Noch wichtiger als dieſe Reibungen innerhalb der
175 2615 1201 2674 Mehrheit des Gemeinderates iſt das Gefühl, das die
176 2661 1202 2718 ganze Majorität haben muß. Nämlich das Gefühl, daß
172 2704 1202 2761 ſie nicht mehr mit den Anſichten der Wähler in Ueber⸗
174 2747 1203 2804 einſtimmung iſt und daß ihre Mandate keine politiſche
175 2791 1205 2848 Unterlage und keine moraliſche Rechtfertigung haben. Eine
175 2834 1204 2895 Partei, die das erlebt, was die chriſtlichſoziale Partei er⸗
179 2878 1204 2936 leben mußte, kann die Herrſchaft in Gemeinde und Land
182 2921 1204 2979 nicht ſo fortführen, als wäre alles noch im ſchönſten
177 2966 1205 3023 Glanz wie ehedem. Die Wähler von Wien und von
178 3008 1207 3066 Niederöſterreich haben keinem einzigen chriſtlichſozialen
179 3051 1204 3113 Führer ein Mandat für den Reichsrat gegeben.
179 3097 1207 3155 Alle ſind durchgefallen, der Landmarſchall von
181 3138 1210 3200 Niederöſterreich, zwei chriſtlichſoziale Miniſter, der
1234 1065 2252 1124 Präſident des Abgeordnetenhauſes, der Bürgermeiſter und
1235 1109 2256 1165 der Vizebürgermeiſter, der Oberkurator und der Landes⸗
1235 1150 2252 1209 ausſchuß! Das läßt ſich doch nicht ſo einfach abſchütteln.
1236 1194 2252 1253 Nach einer ſolchen Kataſtrophe, die den vollſten Gegen⸗
1236 1237 2253 1297 ſatz zwiſchen den Wählern und den Chriſtlichſozialen
1236 1284 2252 1341 zeigte, wird die Frage immer wieder aufgeworfen werden,
1237 1327 2255 1383 ob dieſer Mehrheit das moraliſche Recht zuſtehe, in der
1238 1371 2254 1426 Stadt und im Land über die Steuerkraft des Volkes und
1238 1420 1926 1470 über die politiſche Gewalt zu verfügen.
1324 1474 2262 1530 Es ſcheint, daß die Mehrheit das ſpürt und mit
1245 1516 2261 1577 ſchwerer Sorge um die Zukunft bedrückt wird. Da wird
1246 1563 2261 1620 ein Ausweg geſucht, um die Notwendigkeit zu vermeiden,
1246 1605 2262 1663 mit einem chriſtlichſozialen Bekenntnis vor die Wähler
1246 1649 2264 1707 hinzutreten und das furchtbare Sündenregiſter dieſer
1247 1693 2261 1749 Partei zu verantworten. Es verlautet, daß von einzelnen,
1247 1736 2264 1793 nicht näher angegebenen Seiten die Anregung gefallen
1245 1780 2263 1837 ſei, eine Partei zu bilden, die ſich im Gemeinderat von
1246 1823 2263 1882 jeder Politik fernhalten möchte. Eine Wirtſchafts⸗
1247 1867 2264 1928 partei ſoll für den Wiener Gemeinderat ge⸗
1247 1910 2265 1967 ſchaffen werden. Neu iſt das nicht, und der Plan
1245 1954 2267 2013 zur Gründung einer Wirtſchaftspartei taucht beiläufig
1247 1998 2266 2053 alle halben Jahre auf. Diesmal handelt es ſich jedoch
1246 2041 2268 2096 darum, für die Chriſtlichſozialen, die an den Fortbeſtand
1246 2085 2268 2140 der jetzigen Mehrheit nicht mehr glauben, und ſich ſchon
1247 2127 2271 2183 früher aus der unſeligen Politik Geßmanns herausgeſehnt
1246 2171 2265 2228 haben, ein neues Kleid zu finden, in dem ſie den
1248 2215 2272 2271 Wählern ſich vorſtellen können. Auch die Gerüchte über
1249 2256 2272 2314 die Bildung einer Wirtſchaftspartei, auch dieſe noch unbe⸗
1249 2302 2271 2356 ſtimmten Pläne, ſind ein Zeichen der Gärung in der
1249 2345 2271 2403 Mehrheit des Gemeinderates. Der Wurm ſitzt jedoch im
1250 2388 2270 2446 Herzen und kann von dort nicht entfernt werden. Die
1252 2433 2271 2489 Mehrheit der Wähler will die Chriſtlichſozialen nicht mehr.
1252 2478 2190 2533 Gegen eine ſolche Krankheit iſt kein Kraut gewachſen.
1250 2581 2270 2652 Der erſte Miniſterrat des Kabinetts Gautſch.
1984 2669 2237 2705 Wien, 1. Juli.
1334 2727 2276 2784 Im Miniſterratspräſidium wurde heute der erſte
1257 2769 2277 2827 Miniſterrat des Kabinetts Gautſch abgehalten. An der Be⸗
1252 2812 2275 2869 ratung nahmen alle Miniſter teil, auch Ackerbauminiſter
1254 2856 2276 2913 Freiherr v. Widmann, der geſtern in Olmütz ge⸗
1255 2913 1444 2957 weſen war.
1337 2949 2276 3006 Der Miniſterrat begann um 10 Uhr vormittags und
1256 2991 2276 3049 wurde bis 1 Uhr nachmittags fortgeſetzt. Sodann trat eine
1253 3035 2276 3096 zweiſtündige Mittagspauſe ein. Um 3 Uhr nachmittags
1254 3077 2278 3136 werden die Beratungen wieder aufgenommen und dürften
1259 3129 1834 3178 bis in die Abendſtunden dauern.
2370 1046 3328 1103 Wie ſchon aus der langen Dauer des Miniſterrates
2295 1091 3331 1147 erſichtlich iſt, ſind Gegenſtände von großer Wichtigkeit zur
2295 1143 2658 1189 Beratung vorgelegen.
2378 1178 3328 1230 Im Mittelpunkte der Beratungen dürfte die Vor⸗
2302 1220 3328 1275 bereitung der neuen Reichsratsſeſſion geſtanden ſein. Der
2303 1266 3329 1319 Miniſterrat hat vor allem den Termin für die Einbe⸗
2304 1308 3332 1361 rufung des Reichsrates zu beſchließen. Als ſolcher iſt der
2306 1354 2838 1405 15. d. in Ausſicht genommen.
2383 1398 3334 1446 Weiters iſt der Text der Thronrede zu beraten. Da
2302 1443 3333 1489 Thronreden zu Beginn der Legislaturperiode ein um⸗
2302 1482 3330 1534 faſſendes Geſetzgebungsprogramm zu entwickeln pflegen,
2303 1528 3333 1575 iſt es notwendig, daß außer den allgemeinen Problemen
2303 1570 3332 1619 der inneren Politik auch die in den einzelnen Reſſorts
2305 1613 3335 1661 vorbereiteten geſetzgeberiſchen Aktionen in die Thronrede
2306 1657 3340 1705 Aufnahme finden. Zu dieſem Zwecke müſſen die Leiter
2308 1698 3010 1748 der Reſſorts ihre Aeußerungen abgeben.
2389 1740 3336 1789 Einen weiteren Gegenſtand des Miniſterrates dürfte
2306 1785 3334 1836 die Frage bilden, welche Vorlagen dem zuſammentretenden
2307 1827 3333 1877 Reichsrate unterbreitet werden und welches Arbeits⸗
2308 1869 3333 1924 programm die Regierung von dem Hauſe in der Sommer⸗
2309 1921 2635 1967 ſeſſion beanſprucht.
2388 1960 3338 2008 Endlich iſt anzunehmen, daß der Miniſterrat ſich auf
2311 2003 3339 2053 das eingehendſte mit der allgemeinen politiſchen Situation,
2312 2046 3340 2094 den durch die Neuwahlen und durch den Rücktritt des
2313 2090 3340 2142 Freiherrn v. Bienerth geänderten parlamentariſchen Ver⸗
2313 2136 2812 2184 hältniſſen beſchäftigen dürfte.
2392 2171 3336 2224 Es iſt höchſt wahrſcheinlich, daß Miniſterpräſident
2317 2217 3337 2268 Freiherr v. Gautſch im Laufe des morgigen Vormittags
2317 2267 3338 2313 dem Kaiſer in der Villa Hermes in Lainz über den Ver⸗
2318 2305 3339 2356 lauf des Miniſterrates und die politiſche Situation Bericht
2322 2355 2566 2401 erſtatten wird.
2601 2392 3063 2444 Fürſt Thun in Wien.
2400 2445 3341 2493 Der Statthalter von Böhmen Fürſt von Thun⸗
2315 2489 3345 2538 Hohenſtein iſt heute früh um 7 Uhr 10 Minuten
2317 2532 3343 2582 aus Prag hier angekommen und im „Hotel Sacher“ ab⸗
2316 2582 2472 2625 geſtiegen.
2397 2615 3341 2669 Im Laufe des Tages dürfte Fürſt Thun eine
2319 2663 3341 2713 Begegnung mit dem Miniſterpräſidenten Freiherrn von
2320 2709 2647 2757 Gautſch haben.
2398 2745 3342 2798 Es gilt in informierten politiſchen Kreiſen auch nicht
2321 2792 3341 2846 für ausgeſchloſſen, daß der Statthalter von Böhmen
2320 2838 3195 2886 morgen vor dem Kaiſer in Audienz erſcheint.
2321 2882 3343 2941 Eine Beratung der chriſtlichſozialen Abgeord⸗
2320 2929 3351 2982 neten der niederöſterreichiſchen Landgemeinden.
2406 2977 3348 3032 Wie wir hören, treten die chriſtlichſozialen Reichs⸗
2321 3023 3348 3074 ratsabgeordneten des flachen Landes Niederöſterreichs
2322 3067 3346 3121 Montag den 3. d. zu einer politiſchen Be⸗
2323 3118 2679 3164 ſprechung zuſammen.
516 3243 914 3310 Kleine Chronik.
923 3317 1178 3363 Wien, 1. Juli.
261 3371 1212 3434 [Hof⸗ und Perſonalnachrichten.] Ueber das
189 3412 1214 3471 Befinden der Erzherzogin Marie Valerie wurde heute
188 3451 1215 3511 in Iſchl folgendes Bulletin ausgegeben: Das Befinden iſt
189 3491 1214 3552 gut, Schlaf ausreichend, Appetit normal, Temperatur 37˙4,
192 3530 1215 3591 Puls 80. Profeſſor Dr. Piskacek. — Erzherzog Franz
189 3568 1218 3629 Salvator hat den Bildhauer Leiſek, den Schöpfer des
192 3610 1217 3670 Iſchler Kaiſerſtandbildes, eingeladen, nach Iſchl zu kommen,
189 3651 1215 3708 um die Gruft der Erzherzogin Agnes durch ein Denkmal zu
191 3686 1217 3749 zieren. — In dem Berichte im heutigen Morgenblatte über
196 3727 1217 3786 die Proteſtaktion gegen die Errichtung eines Tuberkuloſen⸗
193 3766 1216 3826 heims auf dem Semmering ſoll es richtig heißen kaiſerlicher
194 3805 1219 3864 Rat Dr. Hanſy vom Kurhaus Semmering. — Der Hofrat
195 3845 1221 3904 und emeritierte Univerſitätsprofeſſor Dr. Anton Wilhelm
193 3886 1220 3944 Neumann in Mödling feiert am 4. d. ſeinen 74. Geburts⸗
195 3925 1220 3984 tag. — Eine perſiſche Prinzeſſin, wie es heißt die Gattin
197 3964 1221 4024 des perſiſchen Regenten Abul Kaſſin Chan, Naſſir
197 4005 1220 4061 el Muelk, iſt heute hier eingetroffen und mit großem
198 4043 1223 4103 Gefolge im „Hotel Imperial“ abgeſtiegen. — Donnerstag den
197 4086 1221 4140 6. d. um ½ 1 Uhr mittags findet in der Schloßkirche
199 4120 1224 4180 Heiligenkreuz die Trauung des Hauptmannes Robert
199 4162 1223 4220 Ritter v. Höffern zu Saalfeld, Perſonaladjutanten
200 4200 1224 4260 des Erzherzogs Friedrich, mit Fräulein Bera Egers⸗
202 4242 1223 4299 dorfer ſtatt. — In der Prämiierungsliſte der
203 4281 1225 4337 Abiturienten der Akademie für Muſik und darſtellende
203 4320 1224 4378 Kunſt im heutigen Morgenblatte wurde das Karoline von
201 4361 1223 4417 Gomperz⸗Bettelheimſche Anton Rubinſtein⸗Prämium zu 400 K.
203 4399 1224 4456 wohl erwähnt, doch blieb irrtümlicherweiſe der Name des
204 4438 1225 4499 Fräuleins Adele Selzer, welcher dasſelbe verliehen wurde,
204 4497 383 4537 ungenannt.
273 4537 1226 4590 [Der neue Landesgerichtspräſident von
201 4574 1230 4630 Innsbruck.] Der Kaiſer hat den Miniſterialrat im
201 4614 1230 4668 Juſtizminiſterium Dr. Otto Ritter v. Lutterotti zu
202 4651 1230 4705 Gazzolis und Langenthal zum Landesgerichts⸗
204 4689 1231 4746 präſidenten in Innsbruck ernannt und ihm aus dieſem An⸗
205 4732 1056 4784 laß das Ritterkreuz des Leopolds⸗Ordens verliehen.
278 4782 1233 4840 [Verleihungen und Ernennungen.] Der
204 4820 1233 4879 Kaiſer hat an der montaniſtiſchen Hochſchule in Przibram
206 4862 1233 4918 den außerordentlichen Profeſſor Zdenko Joſef Kral zum
205 4901 1233 4956 ordentlichen Profeſſor der darſtellenden Geometrie und Bau⸗
207 4938 1232 4997 kunde und den außerordentlichen Profeſſor Dr. Techn.
208 4978 1233 5036 Franz Köhler zum ordentlichen Profeſſor der Geodäſie und
209 5016 1233 5073 Markſcheidekunde ernannt, dem Inſpektor der techniſchen
207 5055 1236 5113 Finanzkontrolle Joſef Barta in Troppau anläßlich der von
208 5093 1235 5152 ihm erbetenen Verſetzung in den dauernden Ruheſtand den
209 5133 1237 5191 Titel eines Regierungsrates und dem Statthaltereiſekretär
209 5169 1237 5229 Friedrich Tautermann in Prag den Titel und Charakter
211 5207 1236 5267 eines Bezirkshauptmannes verliehen. — Der Finanzminiſter
1259 3214 2283 3270 hat im Stande der Finanzprokuratur in Innsbruck den Kon⸗
1257 3253 2281 3311 zipiſten Dr. Rudolf Baumgartner zum Finanzprokura⸗
1259 3305 1627 3345 tursadjunkten ernannt.
1335 3340 2281 3392 [Univerſitätsnachrichten.] Der Vorſchlag der
1260 3379 2283 3432 Innsbrucker mediziniſchen Fakultät für die Lehrkanzel für innere
1260 3418 2283 3471 Medizin, welche durch die Berufung des Profeſſors Ortner
1261 3457 2281 3510 nach Wien vakant geworden iſt, lautet: Primo loco Profeſſor
1262 3496 2284 3549 Pfeiffer in Graz, Direktor der Lungenheilſtätte Hörgas;
1262 3534 2283 3587 secundo loco Privatdozent Primarius Dr. Schmidt in
1262 3574 2284 3628 Wien; tertio loco Profeſſor v. Tabora in Straßburg im
1262 3613 2285 3666 Elſaß und Profeſſor Walko in Prag. Der Phyſiologe
1264 3652 2284 3704 Profeſſor Trendelenburg aus Freiburg hat eine Be⸗
1261 3691 2285 3744 rufung nach Innsbruck erhalten und wird derſelben Folge
1263 3730 2286 3783 leiſten. An Stelle des Vorſtandes des pharmakologiſchen Inſtituts
1264 3768 2284 3821 an der deutſchen Univerſität in Prag, Profeſſor Pohl, der
1266 3806 2288 3860 nach Breslau berufen wurde, werden genannt: Primo loco
1265 3845 2287 3901 Profeſſor Cloetta in Zürich; secundo loco Profeſſor
1266 3885 2289 3939 Wiechowski, erſter Aſſiſtent des Hofrates Hans Horſt
1266 3925 2288 3978 Meyer in Wien; tertio loco Profeſſor Jodlbauer in
1267 3964 2289 4015 München. — Das Unterrichtsminiſterium hat den Beſchluß des
1268 4003 2288 4057 Profeſſorenkollegiums der Grazer mediziniſchen Fakultät auf Zu⸗
1267 4042 2290 4094 laſſung des Aſſiſtenten der Univerſitätsklinik Dr. Karl Pot⸗
1267 4080 2290 4136 peſchnig als Privatdozenten für die Kinderklinik beſtätigt.
1344 4129 2288 4184 [Aus Kurorten und Sommerfriſchen.]
1271 4170 2289 4222 Aus Baden wird uns geſchrieben: Nachdem vor kurzem
1270 4208 2289 4259 erſt der neue Faberweg, eine Verbindung zwiſchen der Faber⸗
1271 4248 2289 4302 hütte und dem Niederöſterreichiſchen Landesmuſeum, eröffnet
1268 4287 2290 4339 worden war, iſt nunmehr auch der neueſte Spazierweg Badens,
1269 4326 2290 4379 der „Reichertweg“, dem Verkehre übergeben worden. Im
1272 4365 2292 4420 gleichen Landſchaftsgebiete gelegen, aber wieder neue Ausblicke
1273 4406 2294 4460 eröffnend, führt dieſe prächtige Waldpromenade einerſeits vom
1273 4445 2292 4497 Gaadener Weg über die Brzeſowsky⸗Anlage in mäßiger
1272 4482 2294 4537 Steigung zur „Reicherthütte“ und ſchließt ſich andererſeits an
1273 4522 2292 4575 das Wegnetz der Putſchaner⸗Luke, reſpektive des Rainerweges
1273 4562 2293 4616 an. Fabrikant Rudolf Reichert aus Wien hat dieſen Weg
1273 4601 2295 4655 durch den ſtädtiſchen Garteninſpektor J. Krupka herſtellen laſſen
1273 4641 2293 4691 und dem Badener Verſchönerungsverein übergeben. — Aus
1275 4681 2295 4732 Karlsbad wird uns berichtet: Bei der ſtändig ſteigenden
1273 4720 2295 4772 Anwendungsfähigkeit des Radiums und ſeiner Zerfallsprodukte
1275 4760 2296 4811 in der Medizin und ſpeziell der Balneologie iſt es gewiß von
1277 4798 2295 4852 Intereſſe, zu erfahren, daß auch die berühmten Karlsbader
1277 4837 2297 4891 Thermen aktiv ſind. Die Radioaktivität der verſchiedenen
1281 4877 2296 4931 Quellen iſt verſchieden und ſchwankt von 1˙5 bis 38˙4 Mache⸗
1277 4917 2298 4970 einheiten. Derartig ſtarke Aktivitäten, wie ſie der Mühlbrunn
1276 4957 2297 5007 und namentlich die Eiſenquelle (mit 38˙4 Macheeinheiten) auf⸗
1278 4996 2298 5047 weiſen, werden von keiner anderen bis jetzt bekannten Quelle
1279 5033 2297 5088 Böhmens erreicht. Dieſe ſtarke Aktivität hat auch den Stadt⸗
1278 5074 2298 5125 rat von Karlsbad veranlaßt, der Einrichtung von natürlichen
1279 5114 2298 5166 Radiumemanationsbädern (Inhalatorien) näher zu treten,
1279 5152 2299 5206 und werden bereits diesbezügliche Studien angeſtellt, um dieſen
1278 5192 2300 5247 Plan zu verwirklichen wodurch eine ſehr bedeutungsvolle Ver⸗
2328 3209 3350 3259 mehrung der Heilſchätze dieſes Weltbades eintreten wird. —
2329 3248 3353 3295 Aus Töplitz (Unterkrain) wird uns geſchrieben: Der
2330 3288 3353 3335 Kurort Töplitz iſt infolge ſeiner günſtigen Lage ein ſehr ge⸗
2331 3329 3354 3375 eigneter Ort für Städter, die Ruhe ſuchen. Rings von be⸗
2328 3367 3353 3413 waldeten Bergen umſchloſſen, liegt der Ort in einem Seitenteile
2329 3406 3351 3454 des Gurktales, verſchont von häufigem Temperaturwechſel. Die
2328 3443 3352 3493 Umgebung von Töplitz iſt reich an poeſievollen Landſchafts⸗
2329 3484 3352 3533 bildern. In nächſter Nähe ſind herrliche Spaziergänge vor⸗
2332 3526 3354 3574 handen und auch weitere Ausflüge lohnen die Mühe eines
2331 3570 2726 3611 mehrſtündigen Marſches.
2405 3606 3356 3654 [Schloß Biberich als Geſchenk für Kaiſer
2336 3644 3355 3694 Wilhelm.] Aus Wiesbaden wird gemeldet: In Wies⸗
2336 3687 3355 3733 baden beſteht der Plan, das maleriſch am Rhein gelegene groß⸗
2337 3722 3356 3774 herzogliche Schloß Biberich von der luxemburgiſchen Finanz⸗
2337 3761 3355 3812 kammer käuflich zu erwerben und dem Kaiſer Wilhelm
2339 3806 2752 3851 zum Geſchenk zu machen.
2407 3849 3360 3898 [Duellforderung zwiſchen Univerſitäts⸗
2333 3886 3361 3939 profeſſoren.] In Heidelberg erregt eine Duell⸗
2333 3929 3360 3975 forderung, die der Profeſſor Rudolf Straſſer, Lieutenant
2334 3964 3363 4015 der Reſerve, an die Profeſſoren Schmidt und Dr. Ull⸗
2333 4004 3361 4054 rich ergehen ließ, großes Aufſehen. Die Urſachen dieſer
2336 4042 3364 4093 Doppelforderung ſind Reibereien, die in beruflichen Angelegen⸗
2333 4081 3358 4130 heiten zwiſchen den Herren entſtanden ſind. Vorausſichtlich wird
2333 4119 3364 4171 ſich auch die Staatsanwaltſchaft mit dem Falle, der im Lehr⸗
2334 4158 3361 4210 körper der Univerſität große Beunruhigung hervorruft, be⸗
2335 4209 2487 4249 ſchäftigen.
2418 4241 3361 4293 [Ein geſtohlenes Rennpferd.] Aus Graz wird
2345 4281 3362 4330 uns telegraphiert: Dem bekannten Rennſtallbeſitzer Cavaliere
2345 4318 3363 4369 Coſtella in Göſting bei Graz wurde heute nachts ein
2340 4357 3367 4408 Rennpferd im Werte von 5000. K. geſtohlen. Der Dieb iſt
2346 4396 3364 4447 der im Jahre 1889 in Wien geborene Joſef Pallo, der
2347 4434 3365 4485 erſt vor drei Tagen als Stallburſche in die Dienſte des Herrn
2348 4473 3364 4526 Coſtella getreten war. Er wurde nachts mit dem Pferde in
2348 4514 3156 4563 Graz geſehen. Seither fehlt jede Spur von ihm.
2411 4568 3367 4621 [Das ſtädtiſche Muſeum auf der Schmelz.]
2340 4610 3366 4659 Wie uns aus Gemeinderatskreiſen mitgeteilt wird, iſt der
2341 4646 3367 4696 Bürgerklub des Gemeinderates für nächſten Montag zu einer
2341 4685 3367 4735 Sitzung einberufen, um über die Platzfrage für das ſtädtiſche
2342 4723 3368 4774 Muſeum zu beraten und einen vorbereitenden Entſchluß zu
2342 4761 3368 4812 faſſen. In der letzten Sitzung des Gemeinderates am 14. d.
2340 4801 3368 4851 ſoll die Stadtvertretung Gelegenheit erhalten, über den Platz
2341 4838 3368 4890 die definitive Entſcheidung zu treffen. Der Referent Stadtrat
2341 4877 3365 4928 Schwer ſchlägt für die Errichtung des ſtädtiſchen Muſeums
2341 4916 3367 4970 die Schmelz vor, wogegen jedoch von ſeiten eines Teiles der
2342 4957 3233 5005 Gemeinderäte ein lebhafter Widerſpruch erhoben wird.
2430 5000 3366 5049 [Schlußkonzert der Muſikſchulen Kaiſer.] Die
2350 5036 3364 5086 Muſikſchule Kaiſer veranſtaltet heute abends im Feſtſaale des
2348 5070 3367 5123 Kaufmänniſchen Vereines (1. Bezirk, Johannesgaſſe 4) ihr Schluß⸗
2347 5106 3365 5157 konzert. Herr Ludwig Sallaba tritt als Dirigent auf und wird
2348 5140 3367 5192 Beethovens „Egmont“⸗Ouverture und die Orcheſterbelgeitung der
2347 5187 2643 5225 Romanze dirigieren.
