2746 3589
667 171 1021 217 Seite 8. Nr. 4130.
1400 179 1913 219 Illuſtrierte Kronen⸗Zeitung.
2393 178 2645 223 1. Juli 1911.
215 205 573 280 Auskünfte.
226 302 599 339 J. B., Wilfersdorf bei
198 341 601 375 Miſtelbach. Ueber die
197 376 601 412 Aufnahme zur Finanz⸗
197 411 601 447 wache finden Sie einen
194 448 602 484 ausführlichen Artikel im
191 483 603 519 Auskunftskalender erſter
196 519 602 557 Teil, über die Bezüge
193 557 601 592 im Auskunftskalender 3.
194 593 599 628 Teil. Beide Auskunfts⸗
198 629 597 663 kalender werden Ihnen
194 665 599 702 Lei Einſendung von 25 h
192 702 600 739 in Briefmarken portofrei
192 738 360 776 zugeſchickt.
235 790 599 826 Joſef H., langjähriger
193 828 600 861 Leſer. Ueber das Vor⸗
197 862 600 898 leben von Privatperſo⸗
192 901 598 930 nen können wir keine
193 934 599 971 Erhebungen pflegen. Die
194 972 598 1009 Zeitung iſt ja kein De⸗
193 1008 600 1043 tektivebureau. Wegen
191 1044 598 1082 derartiger Erhebungen
192 1081 598 1117 müßten Sie ſich an ein
190 1116 599 1150 Detektivebureau wenden
193 1154 598 1191 und das iſt jedenfalls
190 1190 517 1226 keine billige Sache.
206 1240 602 1279 Edmund Fillinger. Man
190 1278 597 1315 kann dieſe Arbeiten nicht
189 1313 597 1350 ſelbſt vornehmen, wenn
192 1349 600 1384 man nicht über die ent⸗
192 1384 600 1423 ſprechenden Fachkennt⸗
195 1421 402 1458 niſſe verfügt.
218 1470 603 1508 Tüchtig, Joſef J., Gum⸗
194 1508 599 1542 pendorferſtraße. Wie die
191 1545 596 1580 Verhältniſſe heute liegen,
194 1579 600 1617 iſt es ganz ausgeſchloſ⸗
193 1615 597 1651 ſen, daß man bei einer
194 1651 593 1686 Bank ohne Protektion
195 1686 597 1721 unterkommt. Jede Bank
194 1723 599 1757 hat viele Direktoren und
192 1758 596 1792 jeder Direktor hat viele
191 1793 597 1828 Bekannte und jeder Be⸗
192 1827 598 1859 kannte eines Direktors
186 1863 597 1907 hat viele Verwandte und
194 1898 594 1932 von dieſen Verwandten
192 1933 598 1965 wollen alle bei der Bank
187 1969 596 2004 untergebracht werden.
195 2004 595 2038 Sie haben ja keine
193 2039 595 2075 Ahnung, wie Bankdirek⸗
196 2075 598 2110 toren von allen mög⸗
191 2110 598 2146 lichen Perſonen um An⸗
194 2144 596 2180 ſtellung beſtürmt werden.
195 2180 595 2217 Unter ſolchen Umſtänden
195 2215 597 2249 können natürlich ſolche
192 2251 597 2285 Perſonen, die keine Pro⸗
190 2286 598 2321 tektion haben, überhaupt
191 2320 595 2356 nicht angeſtellt werden.
193 2357 598 2393 Es iſt ganz zwecklos,
193 2392 597 2427 wenn Sie ein Geſuch an
191 2428 592 2462 irgend eine Bank richten.
191 2463 594 2498 Selbſt wenn Sie von
190 2498 594 2532 irgend einem wohlwollen⸗
191 2533 596 2568 den Herrn in einer Bank
192 2569 595 2604 nach Ueberreichung des
190 2604 599 2641 Geſuches die Mitteilung
186 2640 595 2674 erhalten werden, daß
193 2672 595 2711 Sie vorgemerkt ſind, ſo
188 2707 596 2744 hat eine ſolche Vormer⸗
194 2741 594 2780 kung abſolut nichts zu
190 2779 594 2814 bedeuten. Das iſt ſo, wie
191 2816 594 2850 wenn jemand aus einem
188 2849 594 2885 Geſchäft hinausgeht, der
189 2884 593 2920 nichts kaufen will, mit
186 2920 593 2955 der Vertröſtung, er
190 2956 592 2991 werde morgen kommen
187 2992 594 3026 und das kaufen. Da weiß
185 3025 592 3061 jeder Kaufmann ſchon
188 3060 592 3096 daß ſolche Kunden nicht
188 3096 594 3129 wiederkommen. So iſt es
187 3132 592 3169 auch mit den Vormerkun⸗
184 3168 593 3205 gen. Der Vorgemerkte
183 3201 595 3239 hört nie mehr etwas von
191 3237 595 3271 der Bank, und ſollte er
190 3274 595 3309 bis zum Tage des jüng⸗
189 3308 594 3347 ſten Gerichts vorgemerkt
188 3345 318 3379 bleiben.
1254 271 2100 344 Eine amerikanische Rieſenlokomotive.
1276 776 1943 838 Die größte Lokomotive der Welt.
718 859 1639 895 Amerika hat, wie ſchon oft in techniſchen Dingen, wieder
624 894 1639 933 einmal den Vogel abgeſchoſſen. Die Verwaltung der Pacific⸗
626 928 1639 967 Eiſenbahn hat nämlich ſoeben eine Rieſenlokomotive in Dienſt
626 966 1640 1002 geſtellt, die man nur als echt amerikaniſch bezeichnen kann.
624 998 1642 1038 Unſere beiſtehende Abbildung zeigt das Enakskind aus Stahl
625 1036 1641 1073 und Eiſen; das rieſige Dampfroß beſitzt etwa die doppelte
1676 863 2690 901 Leiſtungsfähigkeit wie unſere gewöhnlichen Lokomotiven und
1673 898 2693 936 iſt mit Leichtigkeit imſtande, einen beladenen Güterzug von über
1676 934 2691 971 hundert Wagen zu ziehen. Die Lokomotive, die einen im Ver⸗
1673 970 2694 1008 hältnis zu ihren Dimenſionen geringen Kohlenverbrauch be⸗
1671 1006 2691 1045 ſitzt, iſt auch in erſter Linie für den ſchwierigen Gütertransport
1673 1040 2170 1076 von Ozean zu Ozean beſtimmt.
628 1138 1642 1178 Fall, daß ein Auswanderer ohne Fahrkarte in den Waggon
627 1176 1643 1212 gepreßt wurde, ſondern jeder Reiſende mußte vor Eintritt auf
629 1212 1643 1250 den Perron mit einer Fahrkarte verſehen ſein. Es iſt nicht
626 1247 1643 1285 richtig, daß derartige Zuſtände geherrſcht haben, die ſchon
623 1282 1641 1320 früher zur Schließung des Bureaus der „Univerſale“ geführt
625 1317 1643 1355 haben. Der Vertreter des Bureaus iſt niemals auf dem Nord⸗
626 1354 1640 1390 bahnhof erſchienen, um ſeine Opfer wegzuſchleppen und das
626 1389 1641 1426 Polizeikommiſſariat Leopoldſtadt hätte keinerlei Grund gehabt
625 1423 1643 1462 zu einer Bewachung. Das Bureau „Univerſale“ iſt ſeit
624 1459 1640 1498 längerer Zeit wieder geöffnet. Hochachtend Dr. Leopold
623 1496 1266 1533 Popper, Hof⸗ und Gerichtsadvokat,“
708 1538 1633 1581 (Beſter Ponder der Welt:) Des Porzellan⸗
625 1585 1629 1627 pouder. Ueberall erhältlich zu 3 und 1 K.
705 1632 1642 1683 (Die Folge einer Bürgſchaft.) In den letzten Tagen
623 1681 1643 1725 fand in Köflach die Reviſion des Poſtamtes ſtatt, da
620 1725 1642 1768 man verſchiedenen Unregelmäßigkeiten auf die Spur ge⸗
626 1775 1641 1814 kommen war. Während der Reviſion entfernte ſich der
625 1818 1641 1860 Poſtaſſiſtent G., eilte in ſeine Wohnung und jagte ſich
624 1864 1637 1904 eine Kugel in den Kopf. Er iſt lebensgefährlich verletzt.
624 1906 1644 1950 Zu der Tat wurde er dadurch getrieben, daß er ſich infolge
625 1953 1642 1994 bedrängter finanzieller Verhältniſſe Unregelmäßigkeiten
622 1997 1639 2040 zuſchulden hatte kommen laſſen. Der Grund ſeiner ma⸗
626 2040 1641 2084 teriellen Schwierigkeiten iſt darin zu erblicken, daß er
624 2088 1639 2128 eine Bürgſchaft für einen Freund übernommen hatte
622 2133 1298 2174 und zahlungspflichtig wurde.
728 2184 1637 2218 (Konkurseröffnung über das Vermögen des Armeniers
627 2219 1635 2256 Dedejan.) Vom Landesgericht wurde der Konkurs eröffnet über
627 2254 1636 2292 die Verlaſſenſchaft nach Jakob Dedejan, geweſenen Agenten,
629 2290 1636 2324 20. Bez., Greiſeneckergaſſe 11. Konkurskommiſſär: Landes⸗
626 2324 1635 2364 gerichtsrat Theodor Thanner. Proviſoriſcher Maſſeverwalter:
626 2357 1635 2398 Dr. Iſak Allerhand. Dedejan iſt bekanntlich am 16. Jänner
626 2396 1635 2434 d. J. von ſeinem Landsmann Digran Alemian ermordet
626 2432 744 2460 worden.
724 2476 1634 2511 (Ausſtellung von Knabenhandarbeiten.) Das Lokal⸗
625 2511 1633 2548 komitee „Währing“ des Zentralvereines der Knabenhorte in
626 2546 1634 2583 Wien veranſtaltet Sonntag den 2. d. bis inkl. 5. d. in der
624 2580 1634 2619 Hortſtation, 18. Bez., Staudgaſſe 78, eine Ausſtellung von
624 2617 1634 2653 Knabenhandarbeiten, die Flecht⸗, Papp⸗, Flachſchnitt⸗ und Kerb⸗
625 2651 1634 2688 ſchnittarbeiten, ferner Modellier⸗, Hobelbank⸗, Korbflecht⸗
624 2688 1288 2723 arbeiten und Papierſchnitte ꝛc. umfaßt.
705 2732 1635 2775 (Ein Schiff in Seenot.) Aus Korfu wird uns von
621 2779 1634 2819 einem Freunde unſeres Blattes telegraphiert: Das ruſſi⸗
621 2823 1636 2864 ſche Kanonenboot „Chiwinetz“ hat unter dem Kom⸗
623 2869 1635 2909 mando des Fregattenkapitäns Volkoff den hieſigen
619 2915 1621 2953 Hafen mit dem Beſtimmungsort Antivari verlaſſen
621 2957 1635 2998 Eine hier eingetroffene Depeſche meldet nun, daß das
620 3002 1633 3044 Schiff „wegen Seenot“ den Hafen von Gravoſa anlaufen
623 3050 736 3085 mußte.
726 3096 1632 3136 (Ein Exekutionsbeamter als Defraudant.) Der 28jährige
623 3134 1632 3169 Max Mayr, hat ſich geſtern dem Sicherheitsbureau mit der
621 3169 1631 3204 Selbſtanzeige geſtellt, daß er im Laufe der letzten Monate
621 3205 1634 3239 Amtsgelder in der Höhe von 800 K, die er in ſeiner
621 3238 1632 3277 Eigenſchaft als Vollſtreckungsorgan des Bezirks⸗
621 3275 1632 3312 gerichtes Sillian eingenommen hatte, unterſchlagen
621 3309 1631 3347 hat. Mayr, welcher zuletzt obdachlos war, wurde dem
621 3346 1626 3381 Landesgerichte eingeliefert.
1759 1143 2688 1192 (Kochen iſt keine Kunſt,) aber gut kochen iſt eine
1680 1192 2688 1237 große Kunſt, das weiß jede kluge Frau. Es gibt nichts,
1676 1238 2689 1282 was die Hausfrau mehr erfreuen könnte, als wenn ſie
1678 1280 2686 1325 ſieht, wie das von ihr zubereitete Mahl ihren Lieben
1678 1327 2688 1368 ſo ausgezeichnet ſchmeckt. Darum ſtreben auch alle Damen
1677 1370 2689 1410 danach, in den Beſitz guter und dabei ſparſamer Koch⸗
1679 1416 2686 1458 rezepte zu gelangen. Eine überreiche Menge ſolcher Re⸗
1677 1460 2694 1501 zepte bietet nun das neueſte Kochbuch der „Ill. K.⸗Ztg.“
1675 1503 2686 1545 Das Kochbuch „Gute Küche“ enthält auf zirka 500 Seiten
1676 1548 2690 1591 über 2000 bewährte Kochrezepte und koſtet, ſteif ge⸗
1676 1591 2692 1632 bunden mit! Leinwandrücken nur 1 K 40 h. Senden Sie
1680 1634 2691 1679 1 K 40 h per Poſtanweiſung an die Bibliothek der
1679 1680 2693 1721 „Kronen⸗Zeitung“, Wien, IX/1, Pramergaſſe 28. Die
1673 1722 2691 1768 Zuſendung erfolgt franko. Gegen Nachnahme wird nichts
1676 1767 1849 1809 verſendet.
1776 1813 2687 1854 (Ein abgängiger Bauarbeiter.) Seit Montag iſt der
1671 1851 2693 1889 33jährige Gerüſter Karl Maurer, 18. Bez., Leopold Ernſt⸗
1668 1889 2689 1925 gaſſe 6 wohnhaft geweſen, abgängig. Er holte ſich an dieſem
1676 1923 2687 1960 Tage von dem Bau auf der Nußdorferſtraße, wo er beſchäftigt
1672 1957 2693 1995 war, ſein Arbeitsbuch und ſeither iſt er verſchwunden. Seine
1670 1994 2568 2032 Angehörigen bitten unter obiger Adreſſe um Nachricht.
1771 2041 2690 2085 (Jagd auf einen Leichenfledderer.) Donnerstag mittags
1667 2082 2693 2118 ſchlief der Hilfsarbeiter Anton Dragamicz, 20. Bezirk,
1670 2117 2691 2153 Staudingergaſſe 8 wohnhaft, auf einer Bank auf der Bri⸗
1668 2153 2690 2191 gittenauerlände ein. Dies benützte ein Gaunerkleeblatt, zwei
1670 2188 2686 2225 Männer und eine Frau, um dem Schlafenden die Uhr ſamt
1671 2222 2687 2263 Kette und Anhängſel zu ſtehlen und die Flucht zu ergreifen.
1669 2258 2690 2296 Kinder, die den Vorgang bemerkten, weckten den Schlafenden
1665 2295 2693 2333 auf, teilten ihm alles mit und erſtatteten auch dem Sicherheits⸗
1668 2329 2693 2369 wachmann Joſef Gogg die Anzeige, dem ſie auch gleichzeitig
1670 2364 2684 2403 eine ziemlich genaue Perſonsbeſchreibung der Diebe gaben.
1671 2401 2687 2438 Als Wachmann Gogg eine Stunde ſpäter die Pappenheimgaſſe
1671 2437 2689 2474 paſſierte, glaubte er nach der Perſonsbeſchreibung einen der
1672 2472 2688 2509 Täter zu erkennen. Dieſer bemerkte den Wachmann und ergriff
1672 2507 2687 2544 die Flucht durch die Kloſterneuburgerſtraße und Denisgaſſe.
1671 2542 2687 2580 Schließlich rannte er in das Haus Romanogaſſe 11, über⸗
1671 2577 2687 2616 kletterte die Hofmauer und einen Schupfen und gelangte ſo
1671 2612 2688 2651 wieder auf die Straße. Erſt nach halbſtündiger Jagd gelang
1668 2649 2687 2686 es dem Wachmann, den Täter in der Treuſtraße feſtzunehmen.
1668 2679 2682 2723 Während der Eskorte zum Kommiſſariat nahm der Wachmann
1667 2718 2687 2757 das an dem Diebſtahl beteiligte Frauenzimmer feſt; bei der
1673 2754 2684 2794 Polizei wurde die Frau als die Thereſia Stransky, der
1668 2788 2687 2826 Täter als der oft vorbeſtrafte 19jährige Hilfsarbeiter Robert
1672 2819 2691 2863 Pichler agnosziert. Nach dem dritten Täter, der angeblich
1669 2859 2287 2899 Publik heißen ſoll, wird gefahndet.
1750 2910 2690 2958 (Großer Fabriksbrand in Ungarn.) Die in Sümeg
1666 2959 2691 3000 befindliche Leder⸗ und Heeresausrüſtungsfabrik der Firma
1666 3001 2690 3044 Brüder Eitner iſt geſtern nachts mit großen Waren⸗
1664 3047 2692 3091 vorräten total abgebrannt. Der Schaden beträgt
1670 3094 2687 3133 600.000 Kronen. Die Feuerwehr konnte nur mit
1670 3137 2691 3181 den größten Anſtrengungen eine Keſſelexploſion ver⸗
1669 3184 1812 3230 hindern.
1760 3233 2687 3275 (Die Mutter beſtohlen.) Die 25jährige Erzieherin
1666 3273 2691 3310 Helene Kauſchitz, zuletzt Döbling, Sommergaſſe 3 wohn⸗
1664 3306 2686 3346 haft, hat am Montag gelegentlich eines Beſuches bei ihrer
1667 3342 2679 3381 Mutter, der Wirtſchaftsbeſitzerin Thereſia Selich in
