3168 4804
227 108 756 166 Samstag den 1. Juli 1911.
1294 84 1820 137 Innsbrucker Nachrichten
2501 56 2882 105 Nr. 148. Seite 15.
185 185 2233 363 Café Lehner's Kinematograph
2301 155 2907 225 Margarethenplatz.
2287 233 2931 304 Karlstrasse Nr. 11.
529 369 2592 471 Programmverzeichnis vom 1. bis 4. Juli 1911.
937 443 2182 515 Ausgesucht konkurrenzloses Großstadt-Pracht-Programm:
2713 429 2832 467 J4154
440 547 1227 617 1. Wanderung durch Ostitalien.
566 596 1104 646 Hochinteressante Naturaufnahme.
325 663 1345 740 2. Teddy Holzbock schwärmt für Blumen.
727 717 953 758 Humoristisch.
524 782 1162 844 3. Grossmütterchens Lied.
641 831 1039 877 Dramatischer Kunstfilm.
652 908 1026 960 4. Charchucho.
732 953 956 994 Hochkomisch.
1974 544 2627 594 5. Betlehem und Palestina.
2010 590 2596 644 Sehr interessante Originalaufnahme.
2061 697 2535 748 6. Cäsar Birotteau.
2007 744 2599 802 Großartiger dramatischer Kunstfilm.
1957 851 2644 913 7. Nauke hat sich verspätet.
2193 906 2416 948 Hochkomisch.
408 1034 855 1092 Als Einlage!
1199 1005 1948 1066 Gaumont⸗Kunstfilm!
2301 991 2743 1036 Als Einlage!
259 1120 489 1162 Großartiges
278 1161 472 1213 Lustspiel.
534 1066 2617 1211 Hinter den Kulissen des Kinematographen.
2664 1056 2900 1100 Großartiges
2685 1100 2877 1148 Lustspiel.
616 1387 1628 1571 Einladung zur Inſertion
789 1591 973 1685 auf den
1000 1578 1470 1681 Jahrgang 1912 des
378 1681 1887 1973 Volks⸗ und Wirtſchafts⸗
794 1969 1496 2235 Kalenders
570 2225 1728 2351 für Tirol und Vorarlberg.
405 2337 1886 2427 Derſelbe erſcheint ſeit 88 Jahren in gefälliger Ausſtattung und
473 2395 1827 2479 iſt in Stadt und Land beſtens eingeführt und überall beliebt.
405 2462 1889 2545 Das erfolgreichſte Betriebsmittel für jedes Geſchäft iſt heutzutage unſtreitig das An⸗
408 2507 1889 2592 kündigen in Zeitungen und periodiſchen Schriften. Je größer die Verbreitung eines
410 2552 1890 2637 ſolchen Reklamemittels iſt und je länger es aufliegt, deſto ſicherer iſt der Erfolg der
411 2596 1890 2682 geſchäftlichen Anzeigen in demſelben. Es ſind daher Inſerate in den weitverbreiteten
413 2636 1893 2720 Kalendern unbedingt am wirkſamſten, was durch die alljährlich zunehmenden Ka⸗
413 2689 1893 2767 lender⸗Inſerate bewieſen wird. Kein Blatt wird ſo oft und durch die lange Dauer
415 2730 1894 2813 eines ganzen Jahres von Leuten aller Stände zur Hand genommen wie ein Kalender.
416 2776 1895 2857 Derſelbe wird als ein bequemes Nachſchlagebuch benützt für die Bezugsquellen aller
416 2817 1896 2903 Artikel, welche man in Haus⸗ und Landwirtſchaft benötiget. Für Tirol und Vorarl⸗
419 2862 1899 2945 berg bietet dieſe ſichere Gewähr des Erfolges der Ankündigungen der in unſerem
422 2908 1899 2991 Verlage erſcheinende obige Kalender. Derſelbe iſt der meiſtgeleſenſte Kalender im
423 2953 1901 3033 Lande. — ☛ Wir laden daher das P. T. Geſchäftspublikum hiermit ein, ſich
422 2997 1902 3080 dieſes wirkſamen Mittels zu geſchäftlichen Ankündigungen zu bedienen und
423 3041 1900 3123 der Gefertigten geſchätzten Auftrag bis längſtens 15. Juli zukommen zu laſſen.
585 3122 1113 3177 Innsbruck, im März 1911.
519 3182 1808 3309 Wagner'ſche Zeitungs-Verwaltung
956 3300 1392 3378 Erlerſtraße 7.
517 3545 921 3639 Abiturientenkurs
304 3650 1130 3725 für Mittelſchulabſolventen und ⸗Abſolventinnen.
1030 3697 1166 3735 136—3-1
1341 3516 1935 3622 Kommerzielle Fachkurſe
1234 3615 2043 3678 für Abſolventen anderer Fachlehranſtalten, für
1391 3662 1886 3720 Lyceiſtinnen u. ſ. w. an der
392 3720 1960 3811 Neuen Wiener Handelsakademie, Wien, VIII/2., Hamerlingplatz 5/6.
273 3794 1231 3864 Näheres in den jederzeit gratis erhältlichen Proſpekten.
1369 3773 2089 3838 Der Akademiedirektor Julius Weyde.
464 3883 1927 4099 Städtiſches Penſionat
334 4089 2043 4187 für Schüler des k. k. Staats-Reform-Realgymnaſiums in Kufſtein (Tirol)
284 4154 2100 4250 in freier, geſunder Lage, Waldesnähe, modern eingerichtet, bietet Schülern des k. k. Staatsreform⸗Real⸗
289 4199 2100 4295 gymnaſiums beſte Verpflegung. Gewiſſenhafte Erziehung und Ueberwachung ſowie Nachhilfe⸗Unterricht.
783 4273 1604 4343 Penſionspreis monatlich 80 Kronen.
289 4372 498 4412 J4142—6ʃ1
753 4325 2059 4406 Proſpekte und nähere Auskünfte durch den Stadtmagiſtrat Kufſtein.
2170 1229 2836 1331 Zu vermieten auf Auguſt
2061 1314 2958 1376 Schöpfſtr. 17 im Hochparterre eine Wohnung
2061 1361 2958 1421 mit 3 Zimmern, Küche, Vorzimmer, Gartenanteil,
2062 1403 2961 1464 Gas, Waſſer, elektr. Licht, an ruhige Partei. Näh.
2062 1458 2482 1506 dortſelbſt 1. Stock links.
2841 1449 2958 1489 P3357
2222 1517 2793 1606 Zu vermieten
2066 1594 2963 1656 im 4. Stock, Rieſengaſſe, ein Zimmer und Kabinett
2066 1636 2963 1699 für alleinſtehende Perſon. Ferner im 1. Stock ein
2067 1682 2967 1745 Zimmer, Küche und Kabinett. Näheres Burg⸗
2069 1742 2252 1788 graben 19.
2856 1732 2967 1768 13358
2177 1795 2861 1887 Junger Burſche
2072 1875 2968 1934 ſucht Stelle als Liftier oder Hoteldiener, auch für
2075 1917 2968 1976 auswärts. Spricht engliſch und franzöſiſch. Briefe
2075 1966 2768 2022 unter „E. S.“ an die Verwalt. erbeten.
2862 1964 2970 2006 13418
2387 2126 2667 2173 Im Verlage der
2086 2165 2972 2238 Wagner'ſchen Univ.-Buchhandlung in Innsbruck
2355 2226 2706 2273 iſt ſoeben erſchienen:
2083 2280 2519 2331 Franz Kranewitter:
2186 2338 2949 2441 Die ſieben Todſünden
2406 2435 2766 2480 Ein Einakter⸗Cyklus.
2276 2483 2972 2543 I. Der Giggl. II. Der Raz.
2245 2537 2979 2595 IV. Der Gafleiner. V. Der Joch.
2351 2592 2830 2646 1911. 4 Hefte à K 1.—.
2193 2654 2965 2758 Am Haus und Hof
2355 2755 2830 2805 Tragödie in vier Aufzügen.
2298 2802 2888 2860 Dritte Auflage. 1911. K 2.—.
2229 2966 2862 3067 Sehr billig zu verkaufen
2105 3051 2999 3113 Offiziersuniform, Zivilanzüge, Überzieher, ele⸗
2105 3095 2998 3160 gantes, modernes Leinenkoſtüm, graues Koſtüm,
2107 3141 3001 3201 diverſe Bluſen, eine Nachtigall. Adreſſe in der
2107 3198 2432 3243 Verw. unter Nr.
2463 3193 2584 3233 13416.
2266 3252 2838 3341 Zu verkaufen
2111 3331 3005 3395 ein gut erhaltener Schlafdivan, 2 weiche Betten
2113 3376 3006 3440 ſamt Matratze, 2 Fauteuils, 1 Kochofen ſamt
2113 3422 3003 3484 Rohr, billig wegen Abreiſe. Briefe erbeten
2113 3471 2711 3525 unter „Nr. 100“ an die Verw.
2896 3467 3007 3506 13422
2203 3526 2914 3629 Leiterwagen und Dungwagen
2114 3613 3003 3676 iſt ſehr billig zu verkaufen. Amras Nr. 107, 1.
2115 3671 2327 3715 Stock links.
2897 3656 3006 3694 J4080
2276 3722 2846 3814 Zu verkaufen
2122 3803 3015 3865 eine Zimmerkredenz mit Marmorplatte, faſt
2124 3846 3016 3908 neu, um 30 Kronen. Liebeneggſtr. 12, Par⸗
2125 3907 2329 3949 terre links.
2909 3891 3016 3928 13420
2391 3962 2748 4013 Soeben erſchien:
2303 4024 2843 4096 Neuner⸗Prechtl:
2125 4087 3013 4154 Ins Stubai. Wegweiſer für Einheimiſche und
2213 4144 3016 4207 Fremde. Mit 36 Vollbildern und Karte der
2215 4199 2808 4255 Stubaibahn. 2. Auflage. K 1.—.
2131 4246 3018 4316 Verlagsabteilung der Wagner'ſchen Univ.⸗Buch⸗
2264 4305 2852 4363 handlung Innsbruck, Karlſtraße
