3168 4831
163 119 700 173 Samstag den 1. Juli 1911.
1233 134 1777 178 Innsbrucker Nachrichten
2445 135 2834 180 Nr. 148. Seite 19.
260 259 893 384 SIE KAUFEN
862 423 1001 456 306—3-3
149 419 383 464 Klaviere
397 456 633 503 Pianinos
655 495 995 539 Harmoniums
148 579 1000 613 aus den renommiertesten Fabriken zu den
224 615 929 656 günstigsten Bedingungen bei der
164 695 564 797 „MUSICA“
206 821 512 865 (Aktiengesellschaft)
143 894 568 965 Wien, I. Graben 17.
248 992 460 1033 Prospekte
146 1042 998 1083 bei Berufung auf dieses Blatt kostenfrei
166 1145 970 1202 1896, Melliniums-Ausstellung Budapest
231 1197 919 1240 mit 2 Anerkennungs-Diplomen prämiiert!
119 1237 1013 1288 ☛Spezialität: Vollkommen giftfreies☚
339 1292 1019 1373 Schwaben u. Russenkäfer-
450 1388 904 1432 Vertilgungs-Pulver
338 1432 1016 1467 in Schachteln à K 2 — u. kleinere à K 1•10.
115 1473 1023 1518 Dieses Pulver wirkt augenblicklich in der Weise, dass
117 1511 1019 1550 1 Stunde nach Anwendung desselben sämtliche Schwaben-
118 1545 1018 1590 und Russenkäfer tot gefunden, respektive kerausgekehrt
441 1586 691 1619 werden können.
398 1637 948 1703 FULGURIN
337 1712 1019 1751 ist die einzige Flüssigkeit, welche, ohne
338 1743 1017 1784 Flecken zu verursachen, die Wanzen samt
353 1781 1003 1815 deren Brut sichtlich und total vernichtet.
345 1815 1016 1857 Fulgurin kann überall ohne Schaden,
343 1851 1017 1892 selbst auf oder hinter den feinsten Tapeten
341 1886 1017 1928 angewendet werden. — Fulgurin nur
118 1920 1015 1959 echt in Flaschen à 36 h und in einer Literflasche à K 2•—.
359 1957 774 1989 Alles mit Pinsel versehen.
119 2001 1016 2049 Kaiserl. u. königl. privil., einzig sicher wirkendes
407 2062 992 2147 Ratten- und Mäuse-
491 2150 909 2199 Vertilgungsmittel
115 2202 1018 2240 (kein Gift! Nur für Nagetiere tödlich!)
117 2236 1016 2277 Preis einer Blechbüchse K 2•—, 6 Büchsen K 10•—. Pro⸗
117 2271 1017 2307 vinzaufträge unter K 2·— werden nicht effektuiert. En
205 2308 933 2345 gros-Abnehmer erhalten bedeutenden Rabatt.
115 2341 1018 2381 Sämtliche vorstehende Fabrikate sind mit den erforder-
113 2377 1005 2423 ichen Gebrauchsanweisungen versehen und en gros und
335 2417 797 2451 en detail zu beziehen durch
328 2468 788 2552 B. REISS
115 2558 1016 2612 Fabrik chemischer Produkte in Budapest
364 2605 736 2639 VII., Königsgasse Nr. 41.
878 2614 1018 2643 52—10-6
395 2739 737 2775 Die patentierte
116 2782 1018 2867 LUNA-BINDE
154 2871 976 2914 mit Watte-, Moos- und Mulleinlagen ist die einzige
158 2904 978 2944 von sämtlichen frauenärztlichen Professoren der
160 2941 981 2981 Universitäten Wien, Prag und Berlin durch Atteste
382 2982 761 3015 empfohlene Monatsbinde.
116 3025 1017 3105 LUNA-WINDEL
160 3111 973 3153 Idealste Säuglingspackung. Hygienisches aufsaugen!
159 3145 972 3184 Kein Wundwerden! Kein Bügeln! Grösste Dauer-
225 3184 900 3221 haftigkeit! — Prospekte gratis durch das
154 3217 980 3259 Luna-Hauptdepot, Wien, IX., Pramerga 3ess.
160 3261 972 3303 Depot in Innsbruck bei: Ludwig Tachezy, Sani⸗
155 3298 973 3337 tätsgeschäft, Anichstraße 6; J. Reithoffer's Söhne,
159 3333 972 3375 Museumstr.; Josef Mattes, chirurg. Instrumenten-
156 3369 972 3412 fabrik, M. Theresienstr. 51; Alois Danner, chirurg.
157 3404 971 3448 Instrumentenfabrik, Anichstr.; A. Schlumprecht,
161 3440 978 3479 Gummiwaren, Anichstrasse Nr. 4; Marie Fait, Mie-
160 3476 971 3519 Miederhaus, Erlerstr. 6; Ernst Bergmann, Rudolf-
160 3514 972 3554 strasse 4; Josef Frisee, Drog., Burggraben 17; Franz
158 3548 509 3587 Schmid Nachf., Drog.
816 3555 956 3584 62—14-4
250 3665 901 3803 Auszuleihen
116 3829 1015 3878 Kranken ⸗ Gehapparat, Krankenbett ⸗ Tiſche, Bett⸗
113 3876 1015 3922 Rückenlehnen, Zimmer⸗, Roll⸗, Schlaf⸗, Trag⸗ und
111 3920 1016 3968 Fahrſtühle, Selbſtfahrer, Kopfſtütze, Sitzwannen,
109 3965 1015 4010 Kinderwägen, Kinder-Gitterbetten, Reiſekörbe, Koffer
114 4010 1015 4054 und extra große Packkörbe zum Ueberſiedeln, Garten⸗
111 4054 1017 4100 ſeſſel aus Weiden, Kleiderbüſten. Auch führe Be⸗
111 4098 1018 4143 ſtandteile für Kinderwagen, als Räder, Dächer uſw.
869 4156 1015 4193 J2302-0ʃ3
276 4156 847 4221 Johann Flöckinger
100 4231 1017 4327 „Zum Schützenkönig“
251 4331 875 4381 Innsbruck, Lauben Nr. 21.
110 4405 1017 4490 Grabkränze von 2 Kronen aufwärts.
1233 257 2802 457 Das Schwabenland
1252 505 2525 548 mit seinen Rebenhügeln, lieblichen Tälern, schroffen Felsen, von denen
1250 543 2471 581 sagenumwobene Burgen niederschauen, das Land lieblichster Natur-
1248 576 2405 619 reize, bietet dem Durchreisenden unvergleichliche Schönheiten,
1461 614 2169 651 dem Ruhesuchenden behaglichen Genuss.
1249 656 2362 732 Der Bodensee, Der Württemberg. Schwarzwald, Die Schwäb. Alb,
1250 735 2308 773 alle diese idyllischen Gegenden verdienen in höchstem Grade
1248 771 2296 811 die Beachtung jedes Naturfreundes. Ueberall gute Hotels,
1249 804 2270 848 Gasthäuser und Pensionen bei mässigen Preisen. Vorzüg-
1247 840 2243 882 liche Bahnverbindungen über die Haupt- und Residenz-
1248 874 2216 915 stadt Stuttgart, eine der schönsten Städte, in herr-
1246 911 2130 948 licher Lage. Auskunft erteilen die Auskunftsstelle
1246 946 2068 986 der Württemb.-Hohenz. Vereinigung für Fremden⸗
1243 983 2003 1019 verkehr in Stuttgart, die Verkehrsvereine
1244 1017 1963 1050 des Landes und die Amtliche Auskunfts-
1242 1052 1927 1085 stelle der K. Württ. Staatseisenbahnen
1240 1087 1923 1120 im Internationalen öffentlichen Verkehrs-
1241 1122 1891 1159 bureau in Berlin, Unter den Linden 14.
1090 1580 2838 1687 Echt russische Gummi-Absätze
1595 1708 2388 1904 PROWODNIK
1625 1928 2327 1992 sind die besten der Welt!
1199 2207 1810 2266 Echt nur mit
2139 2210 2728 2276 Stern-Marke.
1090 2300 2839 2356 Allein-Vertrieb durch: HERMANN HIRSCH, WIEN, VII|3.
1472 2355 2471 2398 Zu haben in allen einschlägigen besseren Geschäften.
1217 2400 2742 2432 Engros-Verkauf für Tirol und Vorarlberg bei F. Gradischegg und Tiroler Rohstoffverein Innsbruck.
2678 2359 2866 2406 .61—0ſ16
1228 2522 1424 2563 Schwefel-
1231 2583 1426 2622 : Heilbad
1446 2503 2463 2635 WARASDIN-TÖPLITZ
2480 2587 2691 2646 (Kroatien)
1219 2677 1375 2713 235 — 11-7
1751 2765 2709 2806 ☛ Altberühmte radioaktive Schwefeltherme + 58° C.☚
2112 2803 2334 2837 empfohlen bei
1834 2838 2626 2879 GICHT, RHEUMA, ISCHIAS etc.
1748 2887 2051 2936 Trinkkuren
2064 2880 2705 2917 bei hartnäckigen Hals-, Kehlkopf-, Brust-,
2063 2916 2586 2950 Leber-, Magen- und Darmleiden.
1750 2962 2702 3000 Elektrische Massage, Schlamm-, Kohlensäure- u. Sonnenbäder.
1752 2996 2700 3035 Das ganze Jahr geöffnet. Moderner Komfort. Winterkuren.
1753 3031 2703 3069 Herrliche Umgebung. Militärmusik. Prospekte gratis durch
2258 3081 2671 3111 die Badedirektion.
1549 2674 2376 2713 Eisenbahn-, Post-, Telephon- und Telegraphen-Station.
1272 2718 2653 2756 NEUES KURHOTEL MIT ELEKTRISCHER BELEUCHTUNG.
1046 3154 2877 3295 Hofer & Erhart, Baumaterialiengeschäft
1685 3462 2245 3499 empfehlen sich zur Lieferung von:
1219 3503 2716 3553 Ia Kufsteiner Portland- und Romanzement, Falzziegeln, Biber-
1342 3549 2578 3596 schwänzen, Fussbodenplatten, glasierten Tonrohre,
1282 3593 2646 3638 Parketten (Eichen und Buchen), wasserdichtem Mörtelzusatz,
1630 3644 2302 3682 Bimsen, Rouleaux, Plachen,
1222 3694 2706 3746 Korkisolierfabrikate von Kleiner & Bokmayer. Mödling bei Wien,
1556 3749 2366 3791 Dachpappe, Asbestzementschiefer.
1529 3796 2370 3838 sowie allen ins Baufach einschlägigen Materalien.
1289 3307 2660 3360 Bozen INNSBRUCK Meran
1269 3363 2670 3401 Meinhardstrasse Büro und Magazin hinter dem Staatsbahnhofe, Wilten Meinhardstrasse
1223 3404 2705 3453 Telephon Nr. 309 Feldstr. 5, Telephon Nr. 211 u. 104 Telephon Nr. 289
2531 3800 2692 3828 J13 8-0-17
1153 3868 1848 3940 Beamten⸗Kredit.
1045 3959 1946 4006 Kapitaliſierung des Gehaltes, Darlehen ohne Bürg⸗
1043 4005 1944 4050 ſchaft bis zu 30 Jahren gewährt Kreditverein an k. k.
1045 4052 1946 4095 Staats⸗, Eiſenbahn⸗, Magiſtrat⸗, Landes⸗Beamte,
1044 4094 1945 4140 Lehrer, Unterbeamte, Finanz⸗ und Polizei⸗Reſp. bei
1045 4139 1945 4185 Gehalt von K 1800.—, Penſion von K 1200.— bis
1043 4183 1947 4228 zum 2jähr. Gehalt und darüber. Monatliche Abzah⸗
1044 4229 1945 4272 lung für K 1000.— auf 10 Jahre 11 K 23, auf
1047 4274 1943 4317 15 Jahr 8 K 58, auf 20 Jahre 7 K 31, auf 25
1044 4316 1943 4360 Jahre 6 K 60, auf 30 Jahre 6 K 16 Zins und
1043 4360 1943 4406 Kapitalsabzahlung. Keine Vorſpeſen, keine Vermitt⸗
1044 4407 1939 4450 lungsproviſion. Anträge unter „Beamtenkredit 1297“
1044 4452 1725 4495 an Haaſenſtein u. Vogler, A.⸗G., Prag.
1773 4453 1944 4495 136—4ʃ3
1980 3906 2872 4049 Hundert Agenten
1975 4056 2874 4103 oder Agentinnen für leicht verkäufliche Artikel
1975 4100 2873 4146 werden geſucht. Glänzender Verdienſt! Näheres
1974 4148 2871 4190 gratis und franko durch Michael Klampferer,
1976 4190 2872 4235 Bijouteriewaren⸗Engros⸗Vertrieb bei Pflüglhof in
1974 4236 2216 4273 Ober Kärnten.
2705 4239 2872 4280 131—3ʃ2
2111 4324 2747 4407 Feines Tafelöl
1971 4410 2879 4453 per Liter K 1.34, bei Joſef Zieger, Schöpf⸗
1970 4451 2202 4495 ſtraße Nr. 9.
2687 4458 2877 4498 8J79⸗15⸗9
