2479 3508
413 295 1744 587 Arbeiter⸗Zeitung
163 209 286 233 Einzelpreise
176 232 269 249 Wien 4 kr.
100 247 345 268 Provinz (inkluſive Porto) 5 kr.
156 266 289 282 Abendblatt 5 kr.
171 294 272 310 Redaktion:
91 313 360 346 IX Schwarzſpanierſtr. 10.
161 355 284 370 Adminiſtration
104 372 339 391 und Inſeraten-Aufnahme:
130 391 311 425 IX. Ferſtelgaſſe 6,
92 426 353 446 wohin ſämmtliche Korreſpondenzen
92 444 353 460 und Geldſendungen zu richten ſind.
100 461 343 478 Offene Reklamationen portofrei.
96 485 357 505 Stadt⸗Expedition und Kleiner
182 505 266 523 Anzeiger:
121 524 321 556 I. Schulerſtraße 14.
183 563 266 584 Inſerate
89 582 351 601 übernehmen auch J. Danneberg,
90 599 352 617 W. Dukes, Haaſenſtein & Vogler,
92 615 353 633 R. Moſſe, A. Oppelik u. H. Schalek in
90 632 354 652 Wien, wie alle Inſeraten⸗Bureaux
128 650 317 666 des In⸗ und Auslandes.
466 211 706 259 Preis 4 kr.
903 212 1242 276 Morgenblatt.
1438 215 1685 264 Preis 4 kr.
1808 218 2045 247 Pränumerations⸗Preiſe:
1889 249 1966 268 Wien:
1794 272 2055 290 Zum Abholen in allen k. k.
1795 289 2055 306 Tabak⸗Trafiken u. Verſchleiß⸗
1810 305 2041 321 ſtellen monatlich fl. 1.10.
1806 326 2047 345 Inkluſive Zuſtellung ins Haus:
1795 348 2056 365 Ganzjährig fl. 15.60. viertel⸗
1795 366 2058 384 jährig fl. 3.90. monatlich fl. 1.30.
1823 388 2036 407 Provinz und Ungarn:
1793 408 2062 428 Ganzjährig fl. 18, vierteljährig
1810 427 2043 445 fl. 4.50. monatlich fl. 1.50.
1865 446 1987 467 Deutſchland
1795 471 2056 487 (direkt unter Kreuzband):Ganzjährig
1796 487 2056 505 36 Mark, vierteljährig 9 Mark.
1796 507 2057 528 Für alle anderen dem Weltpoſt⸗
1813 526 2041 543 vereine angehörenden Länder:
1796 542 2060 560 Ganzjährig 52 Franken, viertel⸗
1852 559 2001 577 jährig 13 Franken.
1796 580 2062 600 Abonnenten zahlen für Znſendung
1796 598 2057 616 des Abendblattes 25 fr. monatlich.
1794 615 2061 637 Für die an fremde Austräger
1795 636 2057 656 oder Verſchleißer bezahlten Beträge
1825 653 2033 672 leiſten wir keine Garantie.
485 606 1670 670 Zentralorgan der öſterreichiſchen Sozialdemokratie.
117 732 264 770 Nr. 182.
837 731 1322 773 Wien, Samstag, 6. Juli 1895.
1823 735 2035 775 VII. Jahrgang.
83 800 2065 828 Erſcheint täglich um 6 Uhr Morgens, Montags um 2 Uhr Nachmittags. Ein Abendblatt jeden Donnerstag 7 Uhr Abends. — Telephon Nr. 8334. — Poſtſparkaſſen-Check-Konto Nr 819.210
163 824 1998 848 Telegramm-Adreſſe: Arbeiter-Zeitung Wien. (Nach 10 ½ Uhr Abends: Redaktion in der Bergmann'ſchen Druckerei, IX. Univerſitätsſtraße Nr. 6 u. 8. Telephon Nr. 67.)
288 888 518 938 Vom Tage.
544 938 706 965 Wien, 5. Juli.
139 970 728 1001 Der Miniſter des Innern wünſchte geſtern zu
82 1000 727 1030 erfahren, „welche einzelne Individuen oder Bevölkerungs⸗
84 1029 727 1057 klaſſen“ unter dem Ausnahmszuſtand leiden. Der Ab⸗
84 1056 726 1084 geordnete Kramarſch hat heute in einer ſehr eindrucks⸗
81 1084 726 1113 vollen Rede dargelegt, welche entſittlichende Wirkungen
80 1112 725 1141 der Ausnahmszuſtand für die Verwaltung in Prag
78 1140 724 1169 nach ſich zieht, und wie auch nicht ein Schatten von Grund
78 1167 724 1196 vorliegt, der die Unterdrückung der politiſchen Rechte
82 1194 724 1223 in Prag rechtfertigen würde. Wenn das Abgeordneten⸗
81 1223 724 1250 haus nicht ſo entnervt wäre, nicht bar jeder ſelbſt⸗
80 1250 723 1281 ſtändigen Regung, würde es ſich natürlich nicht begnügen,
81 1279 723 1307 zu warten, bis es irgendeiner Regierung belieben wird,
79 1306 724 1336 den Ausnahmszuſtand aus einer Art Huld aufzuheben,
81 1334 726 1362 ſondern es würde ſeine Aufhebung fordern. Graf
80 1361 725 1391 Thun webt allerdings mit den merkwürdigſten Künſten
82 1388 727 1419 eine Apotheoſe um ſein Haupt; wenn man ihm und
79 1417 726 1447 ſeinen Blättern traute, würde man ſchier glauben können,
82 1446 729 1473 ſein Wirken in Böhmen ſei ein erſprießliches und aner⸗
80 1470 728 1501 kanntes. Hebt man aber den Schleier von den Verhält⸗
79 1500 725 1530 niſſen, ſo erblickt man ein Regime, das ſich durch Willkür
80 1528 730 1556 und Unterdrückung behauptet, von dem Haß ausgeht und das
77 1555 725 1584 die tiefſte Verbitterung erzeugt. Selbſt wer es nicht em⸗
82 1583 724 1612 pfindet, daß Ausnahmsgeſetze allezeit verwerflich ſind, wird
78 1611 725 1639 ſie nur durch die ſtärkſte Nothwendigkeit erklären können. Der
79 1638 726 1668 Ausnahmszuſtand in Prag bleibt in Geltung, weil er
78 1666 725 1696 beſteht und weil es Herrn Grafen Thun mit ihm zu
84 1694 725 1723 regieren bequemer iſt. Wenn das freie Wort in Prag
80 1721 725 1750 wieder Recht haben wird, bleibt von der mühſam aus⸗
82 1749 725 1778 geklügelten Popularität des Ausnahmsſtatthalters nichts
80 1776 725 1807 übrig. Er iſt dann unmöglich, und deswegen hält er
83 1802 725 1834 daran feſt. Aber es wäre Zeit, daß man Herrn Thun,
78 1833 728 1861 das würdige Werkzeug des Koalitionsminiſteriums, dieſem
77 1861 266 1890 ſelbſt nachſchickt.
146 1888 725 1917 Die Todtenfeierlichkeiten für Herrn v. Plener
79 1916 723 1948 ſind heute im Klub der Vereinigten Linken abgehalten
81 1943 723 1974 worden. Herr v. Plener verſpricht ſeiner Partei, „die
79 1971 724 2001 freundlichſten“ von den Erinnerungen, die ihn mit ihr
84 2000 728 2029 verknüpfen, zum Abſchied herüberzunehmen — herüber?
80 2027 725 2056 —: das iſt offenbar die Erinnerung, daß er
79 2054 725 2084 durch die Linke Miniſter gewoden iſt. Minder dankbar
79 2082 725 2111 ſcheint Herr v. Plener ſeiner Partei dafür zu ſein,
79 2110 724 2140 daß er ihr auch ſeinen Sturz verdankt; wie er
80 2138 723 2168 meint, denn in Wahrheit fiel er über ſeine Unfähigkeit.
81 2165 724 2195 Die Adreſſe der Vereinigten Linken iſt von der für ſolche
83 2194 726 2223 Momente landesüblichen Wärme; weniger wäre mehr ge⸗
78 2222 726 2250 weſen. Die „Wähler“ des Herrn v. Plener haben ihn gleich⸗
77 2248 724 2279 falls ihres Vertrauens verſichert. Das Schreiben der Egerer
78 2277 723 2307 Handelskammer klingt wie die ſchärfſte Satire auf unſer
758 886 1398 918 Wahlrecht. „Ihre nahezu vollzählig verſammelten Wähler,“
757 917 1400 946 ſchreiben ihm die Mitglieder der Egerer Handelskammer;
757 946 1395 973 man vergegenwärtige ſich, daß die nahezu vollzähligen
756 973 1395 1001 Wähler vollzählig wohlgezählte zweiunddreißig Menſchen
753 1000 1396 1029 ſind! Man kann ſich vorſtellen, welch erhebendes Ge⸗
752 1027 1397 1057 fühl es iſt, wenn die Wähler Herrn v. Plener ver⸗
751 1055 1396 1084 ſichern, daß ihr Vertrauen ihm „immerdar geſichert
751 1083 1394 1110 bleiben wird“. Das Vertrauen von nahezu zweiund⸗
752 1111 1394 1140 dreißig Menſchen muß doch Herrn v. Plener in ſeinem
749 1139 1394 1166 böſen Ungemach ſehr tröſten. Die „N. Fr. Pr.“ treibt
750 1165 1399 1194 den Scherz ſo weit — oder ſollte es Ironie ſein? —
753 1191 1398 1223 den Umſtand „für höchſt bemerkenswerth“ zu halten, daß
751 1222 1399 1251 die Mitglieder der Egerer Handelskammer einſtimmig
753 1249 1394 1279 die Wiederwahl des Herrn v. Plener wünſchen, wogegen
752 1278 1394 1305 bei der Wahl im Jahre 1891 Herr v. Plener einen
751 1305 1394 1334 Gegenkandidaten hatte. Herr v. Plener iſt bei der letzten
749 1333 1394 1360 Wahl mit 24 Stimmen gewählt worden, ſein Gegen⸗
753 1359 1394 1389 kandidat erhielt zwei Stimmen, und wenn es auch
753 1389 1397 1415 möglich iſt, daß die „Oppoſition“ bei der Vertrauens⸗
752 1416 1394 1444 kundgebung nicht anweſend war, ſo iſt es doch ein ſchöner
751 1443 1394 1472 und erhebender Gedanke, daß Herr v. Plener von den
752 1471 1393 1499 24 Stimmen im Jahre 1891 zu den „nahezu vollzähligen“
753 1499 1395 1526 32 Stimmen der Egerer Handelskammer fortgeſchritten
754 1526 1395 1554 iſt. Und da bezweifle man noch, daß die liberale Partei
754 1554 1396 1583 im Volke wurzle, oder leugne man, daß Herr v. Plener
754 1582 893 1611 populär ſei !
816 1607 1396 1636 Ein menſchlicher Zug des Grafen Thun iſt heute
754 1637 1397 1665 im Abgeordnetenhaus enthüllt worden, und wir ſind
754 1664 1398 1693 objektiv genug, um ſeiner an dieſer Stelle zu gedenken.
754 1692 1396 1721 Wir meinen das Intereſſe des Grafen Thun an der
753 1720 1393 1748 Kunſt und den Künſtlerinnen. Der Abgeordnete
753 1748 1394 1775 Kramarſch hat heute erzählt, daß Fräulein Marie
751 1775 1394 1804 Pospiſchil, eine Schauſpielerin des tſchechiſchen Theaters
752 1803 1393 1830 in Prag, ſich beim Grafen Thun einer un⸗
752 1831 1393 1859 gewöhnlichen Beliebtheit erfreut, und Dr. Brzorad
752 1859 1393 1887 hat in einem Zwiſchenruf beigefügt, daß Graf Thun
753 1886 1395 1914 den Edelſinn habe, auch anderen Künſtlerinnen das
754 1914 1393 1943 lebhafteſte Intereſſe entgegenzubringen. Wir haben den
754 1941 1393 1971 Abgeordneten Schamanek ſchon geſtern wegen ſeiner
753 1969 1392 1998 Polemik gegen den Prager Statthalter getadelt und
754 1997 1393 2025 müſſen es unbillig finden, daß Herr Schamanek dieſes
754 2025 1393 2053 rein künſtleriſche Intereſſe des Grafen Thun in die
752 2053 1396 2081 Chronique scandaleuse von Prag verweist. Graf
754 2079 1393 2108 Thun verſteht es, ſeine patriotiſchen Gefühle
754 2107 1393 2135 mit ſeinen künſtleriſchen Tendenzen anmuthig zu
754 2134 1395 2164 vereinigen; er ſpendet, wie Dr. Kramarſch erzählte, den
750 2163 1392 2191 Ballettänzerinnen Kränze mit ausſchließlich ſchwarz⸗gelben
752 2190 1395 2221 Fahnen. Den Bemühungen des Grafen Thun iſt es zu
752 2218 1392 2245 verdanken, daß die tſchechiſchen Kinder ſchwarz⸗gelb erzogen
752 2246 1397 2274 werden, und es iſt erfreulich, zu ſehen, daß er auch dafür
749 2274 1392 2305 ſorgt, daß die „Kinder“ des Ballets in ordentlichen
1421 891 2066 920 patriotiſchen Empfindungen heranwachſen. Wir haben den
1422 919 2071 948 Grafen Thun wegen ſeiner Härte oft tadeln müſſen; um⸗
1423 948 2066 974 ſomehr drängt es uns, anzuerkennen, daß ſeine liebe⸗
1422 975 2065 1004 vollen Bemühungen um Hebung der Kunſt ihn von
1424 1003 2067 1030 einer Seite zeigen, der nichts Menſchliches fremd iſt.
1484 1032 2067 1059 Preßfreiheit. Die Nummer des in Bruck an der
1424 1058 2072 1084 Mur erſcheinenden „Oberſteierblatt“ vom 23. Juni
1420 1086 2071 1113 wurde wegen einer Stelle im Leitartikel: „Das Zwiſchen⸗
1423 1113 2070 1142 miniſterium Kielmansegg“ konfiszirt. In der „Begründung“
1424 1141 2067 1169 des Erkenntniſſes heißt es: In dem bezeichneten Satze
1421 1168 2069 1194 des Artikels werden die „Koalition“ und „ihr
1421 1195 2071 1225 Miniſterium“, folglich eines der beiden
1421 1224 2071 1251 Häuſer des Reichsrathes und eine öffent⸗
1423 1251 2071 1279 liche Behörde ohne Anführung beſtimmter That⸗
1423 1279 2072 1307 ſachen verächtlicher Geſinnung geziehen, weshalb das Ver⸗
1423 1307 2065 1336 gehen der Ehrenbeleidigung vorliegt, das von amtswegen
1422 1335 2069 1363 zu verfolgen iſt. — Die Koalition eines der beiden Häuſer
1424 1362 2066 1391 des Reichsrathes und das geweſene Miniſterium eine
1423 1390 2072 1420 öffentliche Behörde: das geht ſelbſt über die bekannten
1423 1418 1803 1447 Wiener „Begründungen“ hinaus!
1491 1444 2071 1473 Die Agitation für die bevorſtehenden Wahlen in
1424 1473 2071 1501 den Gemeinderath wird von beiden bürgerlichen Parteien
1422 1500 2068 1529 in der üblichen kleinlichen, jedes höheren Geſichtspunktes
1422 1528 2071 1556 entbehrenden Art betrieben. Sowohl die Antiſemiten als
1421 1555 2069 1584 die Liberalen halten ſtatt öffentlicher Wahlverſamlungen,
1424 1584 2070 1612 in denen die Prinzipien jeder Partei den Wählern dar⸗
1421 1610 2069 1639 gelegt werden könnten, geheime Konventikel ab, in denen
1424 1638 2065 1666 ein paar Auserleſene, ein paar Auserwählte auf den
1423 1666 2070 1694 reſpektiven Kandidaten eingeſchworen werden. Dieſe
1422 1694 2070 1722 ſonderbare Art, für eine Partei Anhänger zu werben,
1423 1721 2070 1749 entbehrt umſoweniger des Stiches ins Lächerliche, als
1423 1748 2066 1777 die beiden Parteien einander dieſes lichtſcheue Treiben
1423 1777 2068 1806 vorwerfen. In einer geheimen Verſammlung der Anti⸗
1423 1805 2068 1833 ſemiten in der Innern Stadt warf Prinz Liechtenſtein
1423 1832 2072 1861 den Liberalen höhniſch vor, daß ſie nur danach trachten,
1422 1860 2071 1889 hübſch unter ſich zu bleiben, und nur ſolche Geſichter zu⸗
1422 1888 2071 1916 laſſen, die zu den ihren paſſen. Die Antiſemiten hatten
1424 1915 2066 1944 aber wie ſonſt auch bei dieſer Verſammlung ebenfalls nur
1422 1943 2069 1972 getrachtet, hübſch unter ſich zu bleiben, und warfen ſogar
1422 1971 2070 1998 einen Mann, deſſen Geſicht nicht zu ! den ihren
1422 1998 2067 2026 paßte, unter Mißhandlungen hinaus. Die Bürger beiderlei
1422 2026 2068 2054 Couleurs müſſen ein ungeheures Vertrauen zu der
1424 2054 2068 2080 Macht und Güte ihrer Ideen haben, wenn ſie die bloße
1422 2081 2070 2108 Anweſenheit eines Andersgläubigen mit Angſt erfüllt.
1419 2108 2071 2136 Die Art der Wahlagitation der Liberalen und Anti⸗
1422 2135 2070 2164 ſemiten entſpricht aber ganz und gar der Thatſache, daß
1422 2164 2071 2192 es ein Vorrecht, das heißt ein Unrecht iſt, das ſie aus⸗
1422 2191 2070 2220 üben. Erſt wenn die Arbeiter wahlberechtigt ſein werden,
1422 2219 2071 2247 wird man von einer wirklichen Wahlagitation reden
1423 2247 2074 2275 können. Die öffentlichen, allgemein zugänglichen Wähler⸗
1422 2274 2071 2302 verſammlungen der Sozialdemokraten werden die Liberalen
95 2371 721 2431 Der Zöllner von Klauſen.
194 2434 622 2458 Hiſtoriſcher Roman von Johann von Wildenradt.
111 2340 272 2361 Nachdruck verboten.
672 2334 710 2357 [61
148 2471 728 2499 Vor dem Rathhauſe ſtieg der ſiegreiche Hauptmann
86 2497 730 2530 vom Pferde und hieß ſeine Begleiter die koſtbare Laſt
84 2526 727 2554 der beiden anderen Thiere abladen und ihm nachtragen;
84 2554 727 2584 dann ſchritt er ſtolzerhobenen Hauptes an den auf der
83 2581 727 2612 Treppe Stehenden vorbei durch das offene Portal in den
86 2608 727 2639 Saal, in welchem der Landſchaftsausſchuß, Bürgermeiſter
82 2637 727 2665 und Rathsherren verſammelt waren. Hinterdrein gingen
86 2662 725 2695 Gaißmayr und Matthäus, drängten ſich Bauern und
85 2691 727 2723 Bürger; ſie alle wollten den Glücklichen ſehen, und hören,
83 2723 371 2749 was er zu berichten hatte.
146 2747 726 2776 Noch waren die beiden Freunde nicht bis an ihre
83 2775 726 2806 Plätze gekommen, als Michel Gruber, von den alten
77 2802 725 2833 Bekannten wie von dem geſammten Ausſchuß herzlich,
80 2830 726 2864 wenn auch ob ſeines glänzenden Aufzuges mit einiger
81 2859 726 2892 Verwunderung begrüßt, in ihrer Mitte Platz nahm.
80 2887 728 2922 Er ließ die Beuteſtücke, prächtige Waffen und ſeidene
84 2915 727 2950 Fahnen, vor ſich auf den Tiſch niederlegen; und nach
83 2942 729 2978 mancherlei perſönlichen Fragen und Antworten, welche
82 2971 728 3002 doch die Neugier mehr anregten als ſtillten, hob er
86 3000 728 3033 an: „Die Häupter der Bauernſchaft waren zugegen,
88 3026 727 3060 als vor etlichen Wochen in unſerem Lager zu Golling
84 3054 728 3089 Abgeſandte von Thomas Reuſtl, dem Hauptmann der
83 3082 728 3118 Steiermärker, eintrafen, die uns mit beweglichen Bitten
83 3108 731 3149 um Hilfe angingen. Ihr wißt, daß ich mit einem
83 3137 731 3177 anſehnlichen Haufen dahin aufbrach und nach zwei
84 3168 729 3209 Tagemärſchen unſerer Grenze nahe in Radſtatt an⸗
85 3191 732 3237 langte. Da trafen wir mit den flüchtigen Steirern
90 3221 733 3263 zuſammen; ſie erzählten uns von ihrem Siege über
88 3250 732 3292 den Landeshauptmann, ſie erzählten auch, wie die
83 3276 737 3322 Treuloſigkeit Dietrichſtein's unter dem Scheine güt⸗
85 3303 732 3347 licher Unterhaltung Zwietracht zwiſchen ſie ſäete, wie
754 2330 1395 2359 die Mehrzahl der Steirer ſich dem gichtbrüchigen Ver⸗
754 2359 1395 2388 führer unterworfen, der Reſt jedoch ſich über unſere
757 2385 1395 2416 Grenze geflüchtet habe, um unſerer Ankunft zu harren und
757 2415 1394 2444 dem Feinde zurückzuzahlen, was er an ihnen gethan hatte.
822 2442 1394 2470 „In Radſtatt ordneten Reuſtl und ich die Haufen
757 2470 1393 2497 der Bergknappen und der Bauern, an die viertauſend
756 2497 1394 2527 Mann; und als wir uns zum Angriff ſtark genug
756 2525 1393 2553 fühlten, da ſandten wir einen Brief gegen Schladming
756 2552 1393 2581 an die Stadt und forderten ſie auf, ſich ungeſäumt
756 2580 1393 2609 dem chriſtlichen Bunde anzuſchließen. Aber ſtatt deſſen
755 2608 1393 2637 huldigten die Bürger dem Erzherzog aufs neue —
755 2635 1393 2663 ſie mußten es wohl; denn der Landeshauptmann
755 2663 1393 2692 lagerte ſich mit ſeinen Rittern und Reitern im Städt⸗
755 2690 1392 2719 chen, mit ſeinen Fuß⸗ und Stückknechten und dem
755 2718 1392 2747 ganzen Troß vor demſelben, alſo daß nicht Mann
754 2746 1392 2774 noch Maus ohne ſeinen Willen ein Thor paſſiren
754 2774 1391 2802 konnte. Nach einer Weile ſchrieb er uns, daß er
754 2801 1391 2830 willens ſei, ohne Schwertſchlag abzuziehen, wenn ich
755 2828 1391 2858 des Erzherzogs ungehorſame Unterthanen von mir
755 2857 1390 2886 weiſen und die gehorſamen ferner nicht beleidigen wolle;
755 2883 1390 2914 zugleich trug er auf einen achttägigen Stillſtand an.
756 2912 1390 2940 Mir mißfiel die Antwort, ich ahnte neue Hinterliſt, und
756 2940 1391 2967 mein Argwohn wurde beſtätigt; denn ein Ueberläufer
756 2966 1390 2995 verrieth mir, daß Dietrichſtein unſere Wachſamkeit durch
756 2994 1391 3024 ſolchen Vertrag einſchläfern wolle und nur auf die
756 3022 1391 3050 Ankunft ſeines Nachfolgers im Oberbefehl, des Grafen
756 3049 1389 3078 Nikolaus von Salm, warte, welcher, durch den Vertrag
756 3077 1390 3107 nicht gebunden, die ſorgloſen Bauern überfallen, erwürgen
756 3106 1027 3135 und hinſchlachten ſollte.“
816 3132 1389 3161 Ein dumpfes Murren erhob ſich ringsum, manche
758 3160 1390 3190 Fauſt ballte ſich, und aus der Menge, welche den
758 3187 1391 3220 Sitzungsſaal, die offene Thür, den Gang und das
758 3213 1389 3247 Portal füllte, erſchallte es laut und drohend: „Tod den
758 3241 1256 3270 Verräthern, Tod den Pfaffen und Herren!“
818 3269 1385 3301 Michel Gruber aber warf das Haupt zurück, ſchlug
759 3297 1384 3326 mit der gepanzerten Fauſt auf ſeinen Bruſtharniſch
1422 2328 2067 2359 und rief: „Da war mein Entſchluß ſchnell gefaßt!
1424 2359 2066 2388 Dem Verbot und den Wachen Dietrichſtein's zum Trotz
1422 2388 2067 2417 trafen am ſelben Tage zahlloſe Flüchtlinge in unſerem
1424 2416 2068 2445 Lager ein; ſie brachten ſchreckensbleichen Angeſichts die
1422 2443 2065 2472 Kunde, daß der Landeshauptmann Alt und Jung, ob
1422 2471 2066 2500 des Aufſtandes ſchuldig oder nicht, auf das unbarm⸗
1423 2498 2066 2526 herzigſte brandſchatze, daß er ſeine Ratzen die Bauern
1422 2526 2062 2554 zu Dutzenden ſpießen, ſchinden und viertheilen und
1421 2553 2063 2585 gegen Frauen und Jungfrauen unmenſchlicher als die
1421 2581 2070 2612 Türken wüthen laſſe. Da hättet ihr die Unſeren ſehen
1420 2609 2063 2640 ſollen! Sie ſchrien Rache, griffen nach den Waffen,
1420 2637 2062 2668 und nur mit Mühe vermochten Reuſtl und ich einige
1421 2664 2063 2697 Ordnung in die von Kampfluſt erglühenden Haufen
1420 2692 2063 2723 zu bringen und Steiermärker wie Pinzgauer nur noch
1420 2719 2065 2750 einige Stunden im Zaum zu halten. Wir aber
1421 2747 2065 2779 brauchten kein langes Berathen, wir fragten uns nur,
1421 2775 2065 2806 ob wir dem Wortbrüchigen Wort halten oder den
1419 2803 2066 2836 blutigen Mord mit tapferer Fauſt rächen ſollten? —
1419 2830 2064 2864 Die Antwort konnte nicht zweifelhaft ſein! Nach
1418 2858 2063 2895 Mitternacht brachen wir auf; den geraden Weg meidend,
1417 2888 2066 2920 zogen wir in der Sommernacht über das wilde Ge⸗
1417 2914 2063 2951 irg und trafen juſt vor Schladming ein, als es vom
1420 2944 2061 2976 Thurm vier Uhr Morgens ſchlug. Die Wachen
1419 2968 2061 3001 ſchrien Lärm bei unſerem Nahen; wir aber fielen, eh
1420 2996 2062 3031 die Schläfer ſich die Augen ausgerieben hatten, mit
1419 3025 2065 3056 wilden Schlachtrufen über die Söldner vor den Mauern
1419 3050 2060 3091 her., und unſere Spieße und Senſen, Schwerter und
1418 3080 2063 3122 Meſſer trieften von Blut. Im Nu hatten wir die
1415 3108 2060 3151 böhmiſchen Stückknechte niedergemacht und die Geſchütze
1418 3135 2057 3183 in unſeren Händen; gleich Bären ſchlugen die Unſeren
1414 3162 2057 3212 auf die Feinde, und was nicht entrann, wurde getödtet
1416 3189 2055 3240 oder in die Wogen der ſchäumenden Enns getrieben.
1414 3216 2059 3268 Mit den Fliehenden drangen wir durch die Thore von
1414 3244 2055 3296 Schladming, denn jetzt galt es den Herren und Adeligen,
1411 3274 2055 3325 die, hinter den Mauern ſich ſicher wähnend, ſchlaftrunken
1411 3299 2036 3358 noch in den Federn lagen.“ (Fortſetzung folgt.)
