1536 2326
738 36 835 78 1334
114 117 1458 169 burgiſchen Anſprüche die plötzliche Umſtimmung der Anſichten des preußiſchen
112 164 1460 214 Premiers bewirkt hätten Was bedeutet alſo die Parteinahme für den Großherzog
115 213 1459 261 von Oldenburg? — Vielleicht liegt die Antwort auf dieſe Frage in einer kürzlich
116 261 1458 308 erſchienenen Schrift des Herrn v. Daniels in Berlin, des Kronjuriſten der feudalen
115 307 1459 355 Partei. Dieſer Staatsmann kommt zu einem ſonderbaren Reſultate; er findet
116 356 1460 404 nämlich, daß die Rechtsanſprüche der drei Linien: Glücksburg, Auguſtenburg und
116 402 1459 452 Gottorp auf die Erbfolge in den Herzogthümern ſämmtlich zweifelhaft ſind. Bis
115 450 1460 500 daß dieſe verwickelte Rechtsfrage entſchieden iſt, ſchlägt er vor, es möchte der Bund
114 502 1085 548 die Verwaltung der Herzogthümer an Preußen übertragen.
197 546 1460 595 Aus Venedig, 26. Juni, wird der „Tr. Ztg.“ geſchrieben: Die Feier des
115 595 1462 644 Jahrestages der Schlacht von Solferino (24 Juni) ging dieſes Jahr nicht ſo
116 642 1460 691 ganz harmlos vorüber, als ſonſt, da in Udine und Padua arge Exzeſſe vorkamen.
116 690 1462 735 In erſterer Stadt wurde ſogar, wie es heißt, auf einzelne Soldaten von Dächern
116 734 1463 784 herabgeſchoſſen und eine Patrouille mit einer Art Orſinibomben beworfen, doch
117 782 1465 831 gelang es den meiſten der Schuldigen zu entkommen, da ſie ihre Flucht über die
117 829 1463 880 Dächer der Häuſer bewerkſtelligten. Vom Militär wurde zum Glück Niemand
117 878 1462 925 verwundet, einige Individuen aber, welche, der begangenen Attentate verdächtig,
116 925 1464 973 verhaftet werden ſollten und hierbei Widerſtand leiſteten, wurden leicht verletzt.
118 970 1464 1022 In Padua kam es zu einem argen Skandal. Die dortigen Studenten gefielen
119 1019 1463 1071 ſich nämlich zur Feier des Solferinotages in allerlei groben Exzeſſen. Auch in
117 1069 1464 1116 andern Städten des lombardiſch⸗venetianiſchen Königreichs, ja ſogar in Verona,
118 1113 1464 1163 kamen Demonſtrationen vor, doch beſchränkten ſich dieſelben auf das landesübliche
116 1164 1037 1212 Petardenwerfen und Anzünden von bengaliſchen Feuern.
201 1211 1465 1258 Leuchtthurm bei der Weſermündung, 28. Juni. Heute iſt die
121 1257 1466 1307 preußiſche Corvette „Gazelle“ aus Jeddo angekommen. Es zeigte ſich auch eine
121 1310 418 1353 franzöſiſche Flagge
203 1354 1468 1400 Frankfurt, 27. Juni Man hat hier in diplomatiſchen Kreiſen die Nachricht
123 1402 1466 1448 erhalten, daß in Wien, gleich nach der Rückkehr des Kaiſers Franz Joſeph, ein
124 1451 912 1495 Rath der höchſten Militärs berufen werden ſoll.
205 1497 1470 1542 Bern, 29. Juni. Der Bundesrath ermächtigte den ſchweizeriſchen Miniſter
125 1545 1469 1593 Dr. Kern in Paris, die Handels⸗ und Niederlaſſungsverträge mit Frankreich zu
124 1597 401 1638 unterzeichnen. —
208 1639 1471 1686 London. Die „Morning Poſt“ vom 27. Juni iſt ſehr kriegeriſch. Sie
127 1687 1470 1734 ſagt unter Anderem: „England könne ſeine paſſive Neutralität den Kriegführen⸗
127 1734 1472 1781 den gegenüber nicht länger aufrecht erhalten. Lord Palmerſton will Dänemark
129 1781 1473 1826 beiſtehen, ſeine Anſichten werden aber von dem Miniſterrathe nicht getheilt. Graf
130 1827 1472 1872 Ruſſell bekennt ſich zu entgegengeſetzten Anſchauungen. Die „Poſt“ glaubt, der
129 1875 1473 1920 Krieg ſei unvermeidlich und könne eine ungeheure Entwicklung nehmen. Dagegen
131 1921 1473 1968 meint die „Times“, Englands Ehre ſei nicht ſo engagirt, daß es Krieg führen
131 1969 1473 2015 müſſe, die Nation will keinen Krieg. Der „Star“ wünſcht England Glück zu
132 2016 1474 2060 der Politik der Regierung. Es können zwar Umſtände eintreten, welche England
134 2063 1475 2108 beſtimmen, Krieg zu führen, jetzt ſeien dieſe aber nicht vorhanden. England werde
135 2112 1261 2159 weder für den Londoner Vertrag, noch für Schleswig Krieg führen.
