3168 4807
280 85 662 134 Seite 2. Nr. 148.
1341 77 1872 128 Innsbrucker Nachrichten
2734 49 2936 100 Juli 1911.
236 185 1127 238 vertrat eine Politik, die weniger die Befrie⸗
236 231 1129 282 digung der augenblicklichen Bedürfniſſe im
236 278 1127 327 Auge hatte, als die Ordnung und Feſtigung
238 321 1052 371 der innerpolitiſchen Verhältniſſe überhaupt.
232 361 1129 415 war eine weitſichtigere Politik der innerpoli⸗
238 408 1129 458 tiſchen Regeneration auf Grund einer klaglos
236 453 1134 506 arbeitenden, allen Parteieinflüſſen, parlamenta⸗
238 498 1134 548 riſchen und außerparlamentariſchen, entrückten
239 542 1134 591 ſtaatlichen Verwaltung, die dem öſterreichiſchen
238 586 1134 638 Völkerſtaate nach ſeiner Anſicht noch weit not⸗
238 631 1134 682 wendiger iſt, als national einheitlichen Staa⸗
232 676 1135 728 ten. Darum machte er der unter Beck ein⸗
240 720 1135 773 geriſſenen Verwaltungsanarchie ein Ende, lehnte
237 765 1134 814 ein einſeitiges Eingreifen der Regierung zu⸗
237 810 1134 859 gunſten der einen oder der anderen Nationa⸗
240 853 1134 904 lität im Verordnungswege beharrlich ab und
237 898 1138 948 ließ ſich nie zu einem parlamentariſchen Tauſch⸗
237 941 1139 994 geſchäfte herbei. Unter dieſen Verhältniſſen
243 987 1139 1038 konnte das Verſtändigungswerk in Böhmen
240 1031 1138 1082 naturgemäß nur langſam vorwärts ſchreiten.
243 1074 1139 1126 Ausſchließlich auf dem Standpunkte des gel⸗
241 1120 1137 1170 tenden Rechtes ſtehend, erwartete Bienerth, daß,
241 1165 1140 1216 bei gleichzeitiger Konſolidierung der Verwaltung
243 1208 1139 1259 nud der Macht der Exekutive, die Zeit die
243 1252 1140 1305 Tſchechen einem billigen Ausgleiche gefügiger
244 1297 1141 1348 machen werde. Man hat ihm deshalb oft den
245 1341 1138 1392 Vorwurf der Untätigkeit gemacht, allein noch
246 1385 1142 1436 fehlt der Beweis, daß auf einem anderen Wege
246 1428 1142 1482 die böhmiſche Frage beſſer und raſcher zu löſen
244 1474 1143 1527 wäre. Fürſt Thun ſcheint ſich dahin aller⸗
246 1518 1142 1571 dings verbindlich gemacht zu haben. Sein Na⸗
244 1564 1143 1614 turell iſt ja auch mehr raſch zugreifender Art
246 1606 1142 1659 und es mag ihm der Gedanke vorſchweben, daß
249 1652 1145 1701 ſein perſönlicher Einfluß weit genug reicht, um
249 1696 1145 1746 Deutſche und Tſchechen in Böhmen zu einem
248 1739 1143 1791 Ausgleiche zu zwingen. Jedenfalls hat ſich
246 1784 1142 1834 die Auffaſſung einflußreicher Kreiſe hinſichtlich
250 1828 1146 1880 der böhmiſchen Frage in dieſem Sinne geän⸗
248 1871 1148 1923 dert, und da man auf die rechtzeitige Erledi⸗
250 1916 1146 1972 gung des Wehrgeſetzes das größte Gewicht legt,
252 1962 1148 2013 ſeine Geltung für eine längere Reihe von Jah⸗
250 2007 1150 2058 ren aber von der Zuſtimmung einer parlamen⸗
252 2052 1148 2103 tariſchen Zweidrittelmehrheit abhängt, die Po⸗
250 2095 1148 2148 litik des Fürſten Thun aber dieſen augenblick⸗
250 2140 1147 2191 lichen Erforderniſſen förderlicher zu ſein ſchien,
250 2182 1150 2236 als die des Freiherrn v. Bienerth, bedurfte
252 2230 1150 2282 es nur noch eines äußeren Anlaſſes, um den
252 2273 1150 2325 Rücktritt des letzteren herbeizuführen. Die
253 2318 1150 2369 chriſtlichſoziale Partei führte ihn herbei, in⸗
253 2360 1152 2415 dem ſie die bisherige parlamentariſche Arbeits⸗
253 2415 591 2459 mehrheit ſprengte.
298 2452 1153 2503 Ob ihre Führer dabei im Einverſtändniſſe
256 2497 1154 2548 mit jenen Kreiſen handelten, die mit der Bie⸗
254 2537 1155 2592 nert'ſchen Methode in der böhmiſchen Politik
255 2585 1154 2636 nicht einverſtanden waren, oder ob ſie nur
256 2628 1156 2681 aus Ärger über ihre Niederlage bei den Wahlen
255 2673 1155 2725 und über die Verſtärkung des deutſchen Natio⸗
257 2718 1156 2768 nalverbandes ſich abſeits ſtellten, iſt von neben⸗
258 2759 1156 2813 ſächlicher Bedeutung; wahrſcheinlicher iſt wohl
260 2806 1158 2858 die zweite Annahme; jedenfalls haben ſie da⸗
258 2852 1158 2902 mit den durch Bienerth eingeleiteten innerpoli⸗
257 2895 1156 2946 tiſchen Konſolidierungsprozeß unterbrochen und
261 2937 1159 2991 tragen für die möglichen Folgen die Verant⸗
260 2984 1160 3036 wortung. Überblicken laſſen ſich dieſe heute
258 3028 1157 3080 noch nicht. Zunächſt erſcheint der neue Mi⸗
1159 171 2056 229 niſterpräſident Freiherr v. Gautſch berufen, in
1157 218 2051 272 Wien und Statthalter Fürſt Thun in Prag
1153 261 2056 316 die Bedingungen für die angeſtrebte erweiterte
1366 303 1907 360 riſche Mehrheit zu ſchaffen.
1283 346 2058 405 aber eine deutſch⸗tſchechiſche Koalition im
1281 394 2057 442 dnetenhauſe denkbar, ohne vorherige Ord⸗
1160 439 2059 492 nung der Verhältniſſe in Böhmen? Nein! Kein
1163 485 2056 536 deutſcher Abgeordneter Böhmens würde wagen,
1164 531 2058 584 die Hand dazu zu bieten. Die böhmiſche Frage
1162 575 2059 627 bildet alſo wiederum den Schlüſſelpunkt der
1164 619 2060 672 innerpolitiſchen Situation, jene aber, die dieſe
1164 663 2059 715 Wendung herbeigeführt haben, haben damit auch
1166 707 2061 759 die Verantwortung auf ſich genommen, das Hin⸗
1165 753 2061 803 dernis zu beſeitigen, das bisher der Regelung
1166 792 2063 847 der böhmiſchen Verhältniſſe im Wege ſtand: den
1166 843 1639 893 Widerſtand der Tſchechen.
1211 883 2061 935 Eine Reihe von Anzeichen ſprechen dafür,
1168 926 2063 982 daß die Tſchechen alles daran ſetzen, um wieder
1170 972 2066 1024 an der Regierung teilnehmen zu können. Soll
1169 1016 2065 1070 ihnen die Erfüllung dieſes ihres Wunſches aber
1161 1059 2067 1115 noch extra bezahlt werden? Das wäre doch
1170 1105 2066 1160 die verkehrte Welt. Wollen die Tſchechen auf
1170 1151 2067 1202 die Leitung der ſtaatlichen Politik wieder un⸗
1170 1194 2066 1248 mittelbaren Einfluß nehmen, dann müſſen ſie
1171 1238 2066 1289 das möglich machen, und zwar dadurch, daß
1169 1280 2065 1333 ſie zu den Deutſchen in Böhmen in eine Stel⸗
1172 1325 2068 1378 lung rüchen, die ein friedliches Nebeneinander
1173 1371 2069 1423 nicht von vorneherein ausſchließt, das heißt, ſie
1171 1416 2069 1467 müſſen den Deutſchen in Böhmen das nationale
1174 1465 1691 1512 Exiſtenzminimum gewähren.
1218 1503 2071 1554 Das Schickſal der Miſſionen des Freiherrn
1175 1548 2071 1603 v. Gautſch und des Fürſten Thun liegt alſo
1174 1593 2072 1645 in der Hand der Tſchechen und in erſter Linie
1172 1637 2070 1689 wird es die Aufgabe des Fürſten Thun ſein,
1175 1682 2073 1733 durch Gewinnung der Tſchechen für die bekann⸗
1177 1726 2072 1777 ten deutſchen Minimalforderungen den Beweis
1177 1769 2074 1821 dafür zu erbringen, daß die Darſtellung der
1171 1814 2073 1867 Verhältniſſe in Böhmen, mit der er die Not⸗
1175 1857 2076 1910 wendigkeit einer Änderung der Methode in der
1175 1902 2074 1954 böhmiſchen Frage an entſcheidender Stelle be⸗
1180 1950 1675 1999 gründete, zutreffend war.
1491 2036 1759 2101 Albanien.
1223 2121 2072 2176 Aus Albanien kommen ſeit einigen Tagen
1179 2169 2071 2223 wieder beſſere Nachrichten, ſo daß man ſich
1179 2214 2073 2267 wieder der Hoffnung hingeben kann, der al⸗
1179 2259 2074 2313 baniſche Aufſtand werde vorübergehen, ohne zu
1180 2303 2075 2357 internationalen Aktionen und Schwierigkeiten
1180 2348 2075 2402 und zur abermaligen Aufrollung der Balkan⸗
1182 2392 2076 2443 frage zu führen. Dieſe Wendung zum Beſſern
1181 2438 2074 2490 iſt ohne Zweifel zunächſt der Sultansreiſe,
1183 2482 2077 2534 dann aber den von den Mächten in Cetinje
1183 2528 2078 2582 unternommenen Schritten zu danken. Der Sul⸗
1184 2573 2078 2627 tan iſt nach Konſtantinopel heimgekehrt, ſeine
1184 2618 2079 2667 Reiſe aber hat auf die geſamte mohammeda⸗
1184 2661 2081 2714 niſche Bevölkerung Albaniens den nachhaltig⸗
1185 2706 2078 2759 ſten Eindruck gemacht und dieſer Eindruck wird
1185 2752 2082 2803 die nicht mohammedaniſchen Albaneſen jeden⸗
1187 2797 2083 2849 falls dahin belehren, daß eine Ausdehnung
1187 2839 2083 2893 ihrer Aufſtandsbewegung auf die Mohamme⸗
1189 2885 2085 2940 daner ausgeſchloſſen iſt. Die Sultansreiſe hat
1189 2930 2084 2983 der Türkei gleichzeitig Gelegenheit gegeben, die
1188 2975 2085 3027 zweifellos ſchon geplante, dann noch von Öſter⸗
1190 3021 2085 3072 reich⸗Ungarn angeregte Verſöhnungsgeſte zu ma⸗
2086 159 2536 212 chen und den Albaneſen
2734 154 2981 204 zum Frieden
2082 201 2981 253 zu reichen. Darüber ſchweben nun Verhand⸗
2085 252 2465 298 lungen zwiſchen den
2555 245 2982 292 rern der Aufſtändiſchen
2087 290 2981 342 auf der einen und den türkiſchen Behörden auf
2086 334 2982 387 der anderen Seite. Dieſe Verhandlungen ſind
2087 378 2982 432 naturgemäß ſehr ſchwierig, ſie ſind umſo ſchwie⸗
2088 425 2982 476 riger, als, wie es ſcheint, Montenegro dabei
2090 469 2983 520 eine nicht gerade ſehr freundliche und fried⸗
2088 514 2983 567 liche Hand im Spiele hat. Die geiſtigen Füh⸗
2089 559 2982 610 rer der Aufſtändiſchen weilen längſt nicht mehr
2092 604 2982 655 auf türkiſchem Boden, ſie ſind nach Montenegro
2089 645 2984 701 übergetreten und lenken von dort in aller
2090 694 2982 745 Ruhe und Sicherheit die Aufſtandsbewegung.
2091 737 2985 790 Bisher hatte nun Montenegro die Vermittlung
2092 782 2985 834 zwiſchen den Türken und dieſen Führern in der
2092 826 2989 878 Hand gehabt, und dabei gingen die Dinge aus
2093 868 2987 922 naheliegenden Gründen nicht vorwärts. Nun
2094 914 2987 968 hat aber die Türkei, wie es ſcheint, in Cetinje
2093 957 2989 1011 und in St. Petersburg energiſche Töne ge⸗
2095 1004 2988 1057 redet und dabei haben die Mächte, in erſter
2092 1048 2989 1101 Linie Öſterreich⸗Ungarn und Deutſchland, die
2096 1092 2989 1146 Türkei nach Kräften unterſtützt. Da hat König
2096 1140 2989 1192 Nikolaus ſeine Hand aus den Verhandlungen
2097 1183 2988 1234 gezogen und die Führer der Aufſtändiſchen
2098 1229 2986 1279 direkt an den türkiſchen Geſandten gewieſen.
2097 1273 2989 1324 Der iſt nunmehr nach Podgoritza, wo ſich die
2097 1317 2988 1369 Führer der Aufſtändiſchen befinden, abgereiſt,
2099 1361 2993 1413 hat dort verhandelt und ſcheint mit verhält⸗
2098 1408 2990 1458 nismäßig guten Eindrücken zurückgekehrt zu
2098 1450 2991 1501 ſein. Jedenfalls gehen die Dinge nunmehr
2099 1503 2410 1547 etwas vorwärts.
2144 1550 2995 1601 Die Nachrichten aus Cetinje laſſen jedoch
2100 1593 2994 1646 keinen Zweifel darüber, daß der König, wenn
2103 1640 3000 1690 er auch den Vertretern der Mächte gegenüber
2103 1683 2996 1735 ſich recht verſöhnlich zeigt, doch alles tut, um
2104 1728 2996 1781 die Lage zu verwirren und aus dem albaniſchen
2104 1773 2994 1826 Aufſtand eine internationale Frage zu machen,
2103 1817 3008 1869 bei der Montenegro nichts zu verlieren, aber
2104 1861 2999 1913 manches zu gewinnen hat. Wenn aus Cetinje
2103 1905 2997 1958 gemeldet wird, daß die Aufſtändiſchen die Ga⸗
2104 1951 3000 2000 rantie einer europäiſchen Macht für die Durch⸗
2104 1994 2997 2045 führung der türkiſchen Zuſagen verlangten, ſo
2106 2040 3002 2090 wird man in dieſer Meldung wohl einen Wunſch
2106 2085 3005 2137 des Königs Nikita zu ſehen haben, den die⸗
2104 2129 3000 2181 ſer den Aufſtändiſchen einzublaſen gewiß nicht
2107 2175 3001 2225 verfehlt hat. Die Mächte werden ſich ohne
2108 2220 3002 2271 jeden Zweifel auf dieſes montenegriniſche Manö⸗
2108 2265 3003 2314 ver nicht einlaſſen und die Angelegenheit nach
2109 2308 3000 2362 wie vor als eine innertürkiſche Sache behan⸗
2110 2353 3003 2406 deln. Wenn die Mächte ernſtlich wollen, fehlt
2111 2398 3002 2450 es ihnen nicht an Mitteln, dem unterneh⸗
2113 2441 3003 2492 mungsluſtigen Nikita Zügel anzulegen. Nikita
2111 2487 3002 2539 kann die ruſſiſchen Subſidien nicht entbehren.
2112 2531 3005 2585 Entſchließt ſich Rußland dazu, deutlich zu wer⸗
2113 2577 3004 2627 den, ſo fallen die ganzen montenegriniſchen
2111 2620 3008 2670 Intriguen zu Boden. Montenegro iſt arm, und
2112 2664 3009 2718 Summen von ein paar tauſend Rubeln ſind
2112 2717 2482 2762 ſchon Lebensfragen.
2158 2761 3006 2813 Unter.dieſen Umſtänden wird, da man an
2116 2805 3004 2859 dem Willen aller Mächte, die Sache zur Ruhe
2118 2849 3007 2900 zu bringen, nicht zweifeln kann, die albaniſch
2117 2894 3007 2947 Frage Europa nicht der Sommerruhe berau⸗
2117 2949 2185 2984 ben.
259 3128 1160 3182 oder Rodeneck und erhielt einen Sohn Arnold
259 3174 1161 3224 v. Rodank, welcher ſomit Stiefbruder der zwei
264 3216 1163 3269 Edlen v. Taufers war. Letztere gerieten nun mit
265 3258 1162 3312 dem Stiefbruder und deſſen Söhnen Arnold
265 3305 1164 3357 und Friedrich ſeit ungefähr 1240 in lange Erb⸗
263 3352 1165 3405 ſchaftsſtreitigkeiten und Fehden. Um ihre eigene
265 3393 1165 3450 Herrſchaft zu ſichern und zugleich einen günſti⸗
268 3435 1167 3495 gen Angriffspunkt gegen ihre verwandten Gegner
268 3481 1166 3539 zu haben, erbauten die Gebrüder von Taufers
270 3524 1168 3584 zwiſchen 1240 bis 1245 eine neue Burg an
271 3570 1167 3628 der Südgrenze ihrer Beſitzungen gegen die den
270 3617 1166 3675 Rodeneckern gehörige Herrſchaft Schöneck, nach
271 3663 1169 3717 dem Schloſſe zwiſchen Kiens und Pfalzen ge⸗
271 3707 1172 3762 nannt. Dieſe Burg hieß „Das neue Schloß“
274 3751 1171 3805 oder „Neuhaus“, im Gegenſatz zum alten
272 3805 686 3851 Stammſchloß Taufers.
318 3839 1174 3892 Der Bau erbitterte die Rodenecker aufs äußerte
275 3883 1172 3941 und es begannen neue Fehden. Im Jahre 1245
275 3927 1174 3983 kam es durch Vermittlung des Biſchofs Egno
277 3973 1175 4029 von Brixen, welcher als ein Graf von Eppan
277 4018 1177 4073 mit beiden Parteien enge verwandt war, zu
278 4060 1175 4118 einem Vertrage, wornach die Herren von Tau⸗
277 4109 1177 4163 fers Neuhaus abbrechen und nicht wieder auf⸗
279 4153 1177 4205 bauen ſollten. Allein dieſe gingen darauf nicht
282 4194 1179 4252 ein, die Fehde ſetzte ſich fort und während der⸗
283 4237 1178 4297 ſelben ſtarb oder fiel Hugo von Taufers. Ulrich
281 4282 1180 4339 behauptete ſich im weiteren Kampfe im Beſitz
283 4329 1182 4384 von Neuhaus und die Rodenecker mußten ſchließ⸗
284 4383 543 4431 lich nachgeben.
328 4417 1183 4473 Ulrich von Taufers hatte zwei Söhne, wieder
1189 3118 2090 3170 Ulrich und Hugo genannt. Dieſe teilten ihren
1193 3160 2088 3212 Beſitz ſo, daß der ältere auf Taufers, der
1193 3206 2092 3261 jüngere, Hugo, auf Neuhaus ſeinen Sitz auf⸗
1194 3250 2090 3301 ſchlug. Hier urkundet letzterer z. B. 1296, 1300
1194 3295 2089 3346 und ſpäter. Nachdem aber ſein Bruder Ulrich
1196 3339 2091 3390 verhältnismäßig früh mit Hinterlaſſung eines
1195 3383 2092 3434 unmündigen Sohnes, auch Ulrich genannt, ſtarb,
1193 3428 2094 3479 ſo übernahm Hugo die Vormundſchaft und die
1198 3468 2095 3524 Herrſchaft über das ganze Beſitztum des Hauſes.
1198 3515 2096 3568 Deswegen finden wir ihn auch abwechſelnd auf
1199 3559 2094 3612 dem Schloſſe Taufers. Schließlich wußte er es
1197 3604 2096 3657 dahin zu bringen, daß infolge Erbteilung
1199 3650 2095 3702 mit ſeinem volljährig gewordenen Neffen Ulrich
1200 3692 2096 3746 dieſem Herrſchaft und Burg Neuhaus,
1202 3738 2099 3790 ihm ſelbſt aber die Herrſchaft Taufers im enge⸗
1201 3783 2100 3835 ren Sinne zufiel, doch mit gemeinſchaftlichem
1203 3827 2096 3880 Rechte auf die Burgen Uttenheim, Neuhaus uſw.
1204 3872 2101 3924 Selbſt das Dorf Gais wurde zwiſchen beiden ge⸗
1204 3916 2101 3968 teilt. Daher treffen wir Hugo fortan mehrmals
1205 3959 2102 4013 wieder auf Neuhaus. Hier ſtarb er auch im
1206 4002 2104 4059 Frühjahre von 1309 während einer Fehde mit der
1205 4051 2104 4103 biſchöflich Brixen'ſchen Stadt Bruneck. Er wurde
1206 4094 2104 4145 ſeinem Wunſche gemäß bei den Klariſſen zu
1208 4139 2105 4192 Brixen begraben. Hugo hinterließ nur eine ein⸗
1209 4183 2105 4236 zige Erbtochter Agnes. Mit dieſer begann ihr
1209 4227 2108 4280 Vetter Ulrich von Neuhaus einen Kampf um
1211 4272 2105 4324 das Erbe von Taufers. Wenn zwei ſtreiten,
1212 4317 2105 4368 freut ſich ein dritter hierüber. So ging es auch
1213 4360 2106 4413 hier. Der damalige Herr der Grafſchaft Tirol,
1210 4405 2109 4460 Herzog Heinrich von Kärnten, Titularkönig von
2120 3107 3009 3161 Böhmen, aus der älteren Linie der Grafen von
2122 3152 3011 3203 Görz, legte ſich zu Gunſten der Agnes v. Tau⸗
2122 3195 3014 3246 fers ins Mittel, ſprach ihr Taufers zu, verhei⸗
2121 3239 3011 3291 ratete ſie mit einem ſchwäbiſchen Grafen von
2123 3283 3013 3335 Kirchberg und bedang ſich das Vorkaufsrecht von
2122 3329 3013 3379 Taufers aus, falls ſie mit ihrem Manne außer
2122 3367 3013 3424 Landes gehen wollte. Dies geſchah tatſächlich im
2125 3416 3013 3466 Jahre 1315, und ſo wurde Taufers tiroliſch.
2168 3461 3014 3510 Ulrich von Neuhaus, welcher in der ganzen
2125 3505 3015 3558 Angelegenheit den Kürzeren gezogen hatte, hei⸗
2125 3550 3015 3603 ratete eine Gräfin Katharina aus der jüngeren
2125 3594 3018 3646 Linie des Hauſes Görz und ſcheint ein unbe⸗
2128 3639 3018 3690 dingtes Vermächtnisrecht über ſeine Herrſchaft
2128 3683 3018 3736 zugeſtanden erhalten zu haben. Er bekam aber
2130 3728 3019 3778 keine Kinder und ſtarb als der letzte männliche
2130 3771 3019 3825 Sproſſe des Hauptlinie v. Taufers im Jahre
2132 3816 3020 3865 1337. Er wurde wahrſcheinlich ebenfalls in Bri⸗
2130 3859 3020 3914 xen begraben. Seine Witwe Katharina erhielt
2131 3905 3020 3956 die Herrſchaft Neuhaus zugeſprochen und ver⸗
2133 3946 3019 4000 erbte dieſelbe an ihre Verwandten, die Grafen
2134 3992 3025 4045 von Görz jüngerer Linie. Infolge Erbvertrages
2135 4039 3022 4089 des Hauſes Habsburg mit dieſer fiel nach dem
2135 4083 3024 4135 Ausſterben derſelben mit dem Grafen Leonhard
2135 4127 3024 4178 v. Görz im Jahre 1500 auch Neuhaus an Ti⸗
2135 4170 3026 4224 rol. Es geſchah dies zur Zeit der Regierung
2137 4219 2552 4269 König Maximilians I.
2181 4259 3021 4313 Wie ſchon vorher unter den Görzer Grafen
2137 4302 3026 4358 ſo ſtand die kleine Herrſchaft Neuhaus auch
2138 4349 3024 4400 unter den Habsburgern ſeit 1500 in der Ver⸗
2138 4392 3026 4446 waltung von Pfand⸗, Lehensinhabern und Pfle⸗
