3598 5367
1545 200 2102 302 Morgenblatt.
754 339 2871 787 Arbeiter⸗Zeitung
882 802 2736 907 Zentralorgan der öſterreichiſchen Sozialdemokratie.
894 988 2729 1053 Erſcheint täglich um 6 Uhr Morgens, Montag um 2 Uhr Nachmittags.
266 204 714 244 Redaktion, Adminiſtration
268 243 713 281 und Inſeraten⸗Aufnahme:
266 283 716 331 V. Wienstrasse Nr. 89A,
302 360 683 402 Stadt⸗Expedition und
322 398 654 435 Kleiner Anzeiger:
265 438 712 486 l. Schulerstrasse Nr. 13.
408 515 578 547 Telephone:
268 551 393 577 Redaktion
661 549 716 575 880
271 579 452 604 Adminiſtration
665 576 715 603 900
271 600 520 631 Inſeraten⸗Aufnahme
656 603 714 630 900
266 628 714 657 Stadtexpeditu.Kleiner Anzeiger 9191
268 654 395 685 Filiale II
640 651 716 680 16255
300 682 392 711 „ X
641 679 716 705 10468
303 706 423 735 „ XIV
645 706 714 731 4942
304 733 428 763 „ XVI
620 729 715 760 O. 317
305 757 436 789 „ XVII
639 757 715 784 22421
339 802 642 833 Telegramm⸗Adreſſe:
354 833 634 866 Arbeiterzeitung Wien.
263 869 715 903 Poſtſparkaſſen⸗Scheckkonto Nr.19.210.
310 926 674 954 Inſerate übernehmen auch:
264 950 715 979 E. Braun, J. Danneberg, M. Dukes,
262 976 717 1004 Haaſenſtein & Vogler, R. Moſſe,
267 1002 717 1028 Rafael & Witžek und H. Schalek in
270 1027 714 1055 Wien ſowie alle Inſeraten⸗Bureaux
336 1056 649 1083 des In⸗ und Auslandes.
2933 200 3338 238 Abonnementsbedingungen:
3071 237 3195 264 Wien:
2964 269 3306 307 Mit Zuſtellung ins Haus:
2987 305 3278 335 Wöchentlich 50 h,
2909 334 3364 366 monatl.K2.20, vierteljähr.K 6.60.
2911 366 3360 399 Zum Abholen in den Filialen, in allen
2911 395 3356 424 Tabak⸗Trafiken und Verſchleißſtellen:
3006 421 3257 452 monatlich K 2.20.
2906 460 3363 502 Einzelne Exemplare 8 Heller.
2955 515 3305 548 Provinz und Ungarn:
2907 550 3365 586 Monatl.K 2.60. vierteljähr. K 7.80
2908 578 3363 612 bei freier Zuſtellung durch die Poſt.
2906 611 3360 645 Deutſchland: Vierteljähr. K9.60.
2906 648 3358 677 Für alle anderen dem Weltpoſtverein
2903 674 3353 707 angehör. Länder: Viertelj. K 11.50.
2906 706 3368 737 Abonnements werden angenommen
2904 736 3368 762 in der Adminiſtration, V. Wien⸗
2906 761 3359 790 ſtraße 89 A, und in den Filialen:
2925 792 3358 825 I. Schulerſtraße 13, Telephon 9191,
2915 821 3358 849 II. Vereinsgaſſe 20, Telephon 16255,
2913 847 3361 875 X. Wielandplatz 5, Teleph. 10468,
2902 871 3366 902 XIV. Schweglerſtr. 11/13,Teleph.4942
2903 897 3364 927 XVI. Klausgaſſe 34, Telephon O. 317,
2905 923 3358 954 XVII. Lacknergaſſe 22, Teleph. 22421.
2905 957 3356 988 Für die an fremde Austräger oder
2905 984 3355 1014 Verſchleißer bezahlten Beträge leiſten
2995 1011 3252 1040 wir keine Garantie.
2902 1048 3351 1081 Offene Reklamationen ſind portofrei.
321 1127 590 1191 Nr. 178.
1348 1126 2257 1196 Wien, Samstag, 1. Juli 1911.
2801 1121 3291 1191 XXIII. Jahrgang.
497 1241 1053 1310 Eine Statiſtenrolle.
952 1328 1235 1365 Wien, 30. Juni.
354 1371 1270 1416 In allen Nekrologen dasſelbe und gleiche Lob
247 1415 1271 1461 über Bienerth: er wäre das Muſterbild der ſach⸗
247 1460 1271 1504 gemäßen Verwaltung geweſen. Und nun regnet
247 1502 1271 1546 es von lobenden Worten: unbefangene, objektive,
252 1546 1270 1588 unparteiiſche Verwaltung; kurz, es muß wohl
254 1588 1269 1632 etwas ſein, was vor Bienerth noch nie
253 1631 1272 1674 da war und wovon befürchtet wird, daß es mit
255 1671 1269 1717 ihm in die Grube fällt. Was mag es nun ſein,
257 1718 1266 1759 was Herrn v. Bienerth dieſes wunderſame Lob be⸗
259 1760 1270 1804 ſchert hat und was nach ſeinem Scheiden ſo viele
257 1803 1272 1846 Bewunderer findet? Ein Uebermaß des Lobes, wie wir
249 1846 1274 1891 es hier wahrnehmen — denn wie Bienerth iſt noch
254 1889 1271 1935 kein öſterreichiſcher Miniſterpräſident bewundert und
249 1931 1271 1977 gelobt worden —, heiſcht geradezu eine Erklärung,
252 1976 1273 2019 denn ausſchließlich bezahltes Lob — obwohl es unter
257 2017 1273 2064 Bienerth daran nicht gefehlt hat — wird die verzückte
255 2061 1217 2107 Bewunderung für Bienerth doch nicht ſein können.
347 2106 1274 2150 Denn das Lob über die Bienerthſche Verwaltung
242 2149 1270 2191 iſt wirklich ein Phänomen — dieſe Verwaltung war
252 2191 1269 2238 nämlich grundſchlecht. Das ſagen nicht nur wir, das
256 2234 1270 2278 ſagen vor allem Bienerths Bewun⸗
258 2276 1271 2321 derer. Es gibt kein Reſſort, wovon zum
250 2321 1268 2364 Beiſpiel das oberſte der Bienerth⸗Blätter nicht bloß
254 2364 1270 2407 manchmal, von dem es nicht immer verſichert hätte,
251 2407 1270 2449 daß es von Grund aus ſchlecht geleitet, daß es un⸗
254 2450 1270 2494 zulänglich und unſachgemäß verwaltet wird; bei den
258 2493 1271 2536 meiſten hat es auch gar nicht ſelten offene
253 2534 1268 2580 Korruption feſtgeſtellt. Wird die „N. Fr. Pr.“
258 2579 1268 2621 etwa behaupten wollen, daß das Handels⸗
252 2620 1268 2667 portefeuille unter Bienerth gut verwaltet worden iſt:
254 2664 1266 2709 hat ſie nicht im Gegenteil ohne Unterlaß
252 2708 1269 2751 und in den ſtärkſten Tönen verſichert, daß man
253 2751 1265 2792 mit ihm elendübel daran war? Erinnern wir
252 2794 1268 2838 uns an die böſeſten der Verſäumniſſe: an den
255 2837 1266 2882 mangelhaften Schutz der ſtädtiſchen Intereſſen,
257 2878 1267 2926 an die Preisgebung der Induſtrieintereſſen bei dem
258 2925 1265 2969 Handelsvertrag mit Serbien, an die Geheimverträge
254 2967 1265 3009 mit Ungarn, was alles der betreffenden Verwaltung
256 3010 1265 3055 doch ſicherlich nicht zum Ruhme gereicht. Ueber die
258 3054 1265 3098 Schifffahrtsverträge, die die Regierung Bienerth ab⸗
254 3096 1267 3142 geſchloſſen hat, macht Herr Steinwender Bemerkungen, die
256 3138 1266 3180 von denen über weiland den Handelsminiſter Pino
250 3182 1265 3224 nicht allzu ſehr abweichen. Oder wird der exaltierte
254 3225 1265 3268 Lobklatſcher, der zweimal im Tage die unbefangene
254 3268 1264 3312 Verwaltung der Regierung Bienerth lobt,
251 3311 1266 3357 etwa der Verwaltung des Handelsreſſorts unter
255 3354 1266 3401 Bienerth auch nur in ihrer Eigenſchaft als
1306 1237 2314 1285 Inſtanzenzug oder in ihrer Tätigkeit der Anſtellung
1308 1283 2314 1328 und Vorrückung der Beamten eine beſondere und geſchärfte
1305 1324 2315 1370 Rechtlichkeit zuerkennen wollen? Er wird ſich hüten!
1307 1368 2314 1414 Wo aber finden wir dieſe Muſterverwaltung, die das
1306 1410 2315 1456 Bienerthſche Regieren kennzeichnen ſoll, denn ſonſt? Iſt
1307 1454 2313 1500 es vielleicht die Tätigkeit Stürgkhs, die Art, in der
1308 1497 2312 1543 das Unterrichtsminiſterium verwaltet wird, die zu dem
1311 1540 2314 1586 ſchwärmeriſchen Rühmen verführt? Aber wir ſehen
1308 1582 2311 1627 doch dieſelben Leute, die Bienerths Verwaltung
1306 1626 2311 1670 ſo loben, über die Verwaltung des Unter⸗
1305 1669 2311 1714 richtes unter Bienerth heftig raiſonnieren! Oder
1305 1712 2312 1758 ſoll es die große Stütze der Bienerthſchen
1303 1753 2312 1800 Regierung, ſoll es vielleicht der Herr v. Bilinski
1304 1796 2312 1844 geweſen ſein, der vorbildlich gewirtſchaftet hat?
1304 1840 2313 1886 Aber wir haben doch an derſelben Stelle, an
1304 1882 2310 1927 der Bienerth jeden Tag zweimal verhimmelt wird,
1304 1925 2316 1970 Bilinski faſt ebenſo oft verdonnert getroffen, ſelbſt die An⸗
1303 1969 2312 2017 klage (wegen der finanziellen Beihilfe für die Stapinski⸗
1302 2008 2312 2058 Bank) auf unverhüllte Korruption gefunden. Oder ſoll
1305 2053 2310 2099 die ſachliche Verwaltung Bienerths durch die Berufung
1306 2097 2313 2144 des polniſchen Dilettanten zur Leitung des aller⸗
1305 2140 2313 2186 ſchwierigſten Eiſenbahnminiſteriums erhärtet worden
1305 2181 2311 2230 ſein? Oder ſoll dieſe beſondere Verwaltungskunſt in
1303 2228 2311 2273 den Herren Ritt und Marek verkörpert er⸗
1304 2270 2312 2315 ſcheinen? Und die rückhaltloſeſte Verurteilung —
1304 2313 2313 2357 wohlgemerkt, die da Bienerth⸗Bewunderer! —
1305 2355 2312 2403 iſt auch dem eigentlichen Verwaltungsminiſter nicht
1302 2399 2312 2443 erſpart geblieben; die da Bienerths Verwaltung am
1300 2441 2311 2489 meiſten bewundern, haben gleichzeitig Herrn v. Haerdtl
1301 2484 2312 2531 am grimmigſten verurteilt. Nun beachte man die
1301 2524 2312 2572 wahrhaft groteske Erſcheinung: auf der einen Seite
1301 2570 2312 2616 wird Herr v. Bienerth geprieſen, daß er eine
1306 2612 2310 2656 treffliche, jedem Tadel entrückte, das glühendſte Lob
1303 2655 2311 2700 verdienende Verwaltung inauguriert habe, und auf
1305 2697 2308 2742 der anderen Seite wird dieſe Verwaltung
1300 2740 2311 2787 in allen ihren Aeußerungen als die denk⸗
1301 2784 2310 2830 bar ſchlechteſte hingeſtellt! Die Regierung
1299 2828 2311 2873 Bienerth ſei ein Prachtexemplar der korrekten
1298 2869 2311 2917 Verwaltung; aber alle Miniſter, die Bienerth je
1301 2913 2309 2960 gehabt, waren elende Stümper und ihr Verwalten
1305 2957 2308 3002 unter der Kanone! Wohlgemerkt: das ſagen nicht etwa
1301 2998 2311 3046 bloß wir; den Tadel ſprechen auch aus, die auch loben!
1395 3049 2310 3093 Das Lob Bienerths iſt alſo wirklich und wahr⸗
1298 3091 2308 3142 haftig ein Phänomen. Selbſt hat Herr v. Bienerth
1300 3136 2309 3184 gar nichts verwaltet; er hat bekanntlich überhaupt kein
1306 3175 2309 3226 Reſſort verſehen. Wie aber in den Reſſorts gewirt⸗
1304 3224 2309 3269 ſchaftet wird, geht ihn nichts an. Zwar war
1303 3263 2314 3312 er Miniſterpräſident, alſo eigentlich für alles
1302 3309 2311 3356 verantwortlich, was von ſeiner Regierung ausge⸗
1300 3348 2310 3399 gangen iſt. Aber Bienerth geht es nichts an, wie
2350 1232 3357 1282 Weiskirchner, wie Bilinski, wie Stürgkh, wie Haerdtl
2350 1278 3351 1325 wirtſchaften; ihre Mißverwaltung belaſtet ihn nicht.
2350 1321 3354 1370 Die zahlloſen Schweinereien, die unter ſeiner Re⸗
2349 1363 3356 1412 gierung begangen wurden, die Skandalaffairen, von
2348 1408 3354 1454 denen es nur gewimmelt hat, die Protektionswirtſchaft,
2348 1450 3358 1497 die während ſeines Regierens aufgekommen iſt, die
2350 1494 3357 1541 Unfähigkeit, die überall gewaltet hat, alles das geht
2348 1537 3362 1583 nicht auf ſein Konto. In der ganzen Welt verſteht
2351 1577 3360 1626 man unter Verwaltung die Summe der Be⸗
2349 1616 3357 1671 ziehungen zwiſchen Staat und Bürgern, verſteht alſo
2347 1664 3360 1710 darunter das, was in den verſchiedenen Reſſortminiſterien
2349 1708 3355 1755 konzentriert iſt. So hat man es vor Bienerth auch in Oeſter⸗
2348 1750 3358 1798 reich verſtanden, und früher wäre es wohl nicht möglich
2348 1792 3361 1840 geweſen, daß man in demſelben Atem die „Ver⸗
2349 1837 3357 1883 waltung“ als muſterbildlich preiſt und das Verwalten
2346 1881 3358 1927 jedes Miniſters als ſkandalös bezeichnet, die „Verwaltung“
2345 1923 3361 1969 in den Himmel hebt und das Verwalten als erzſchlecht
2344 1965 3360 2013 hinſtellt! Es wäre auch nicht möglich geweſen, daß
2347 2009 3360 2055 man einesteils den Miniſterpräſidenten, der die
2345 2052 3361 2100 Reſſortminiſter auswählt und beſtellt, über den
2345 2097 3354 2143 grünen Klee lobt, dieſe Reſſortminiſter aber als
2347 2137 3354 2187 Ausbund von Schlechtigkeit ablehnt: weil doch für
2345 2178 3360 2226 die Auswahl der Reſſortminiſter und für ihre
2349 2225 3356 2272 Gebarung nach allen Regeln der Logik der Miniſter⸗
2346 2268 3359 2315 präſident verantwortlich iſt. Wir nähern uns alſo all⸗
2346 2310 3356 2358 mählich dem Verſtändnis des Wunders Bienerth: die ihn
2346 2355 3356 2400 in den Himmel heben, meinen dabei gleichzeitig, daß er
2345 2397 3358 2443 die große Null in „ſeiner“ Regierung war. Das iſt näm⸗
2347 2438 3353 2487 lich für die Bewunderung die — Prämiſſe. Weshalb
2347 2480 3361 2529 auch der, der Bienerth für die Verwaltung ſeiner Re⸗
2344 2525 3355 2571 gierung verantwortlich machen wollte, alſo ihn etwa mit
2346 2569 3361 2613 den Steuerplänen Bilinskis, der Unfähigkeit Ritts, der
2345 2609 3357 2658 Mißwirtſchaft Weiskirchners, mit Haerdtls ſtumpfem
2345 2650 3361 2699 Sinn, Stürgkhs reaktionären Untaten, alſo mit dem
2345 2697 3358 2739 wirklichen Verwalten unter ſeiner
2345 2737 3353 2785 Regierung belaſten wollte, als ein Kritiker von be⸗
2344 2781 3356 2831 ſonderer Böswilligkeit denunziert ward. Der Schluß war
2345 2826 3354 2871 dabei der, daß man doch wiſſen müſſe, daß Herr
2342 2868 3353 2914 v. Bienerth auf die Tätigkeit ſeiner Regierung ſo gut
2346 2913 3353 2955 wie keinen Einfluß habe, von den Dingen nichts ver⸗
2343 2952 3356 2998 ſtehe, ſich um ſie nicht kümmere, eben kein Miniſter⸗
2344 2995 3353 3042 präſident, ſondern nur der Statiſt für die anſtändig
2345 3041 2759 3089 brave Geſinnung ſei!
2445 3090 3363 3137 Die Muſterverwaltung Bienerths beſteht alſo
2345 3133 3356 3181 darin, daß er die Liederlichkeit, die Schlamperei, die
2344 3178 3354 3223 Unfähigkeit und Korruption ſeiner Miniſter frei ge⸗
2344 3220 3353 3266 währen ließ und ſich auf die beſcheidene Rolle zurück⸗
2345 3263 3359 3309 zog, die „reinen Hände“ vorzuſtellen! Wie beſcheiden
2345 3307 3355 3353 muß man in Oeſterreich geworden ſein, daß dieſe
2343 3348 3227 3396 Statiſtenrolle ſo verzückte Bewunderung weckt?
573 3459 939 3532 Feuilleton.
325 3564 1204 3632 Satanismus bis in unſere Zeit.
593 3645 922 3683 Von Karl v. Kohl.
351 3696 1267 3735 Leider iſt in unſerer Zeit der Aberglaube nicht erloſchen.
246 3740 1266 3778 Wie viele gibt es, die wie Madame de Staël auf die Frage,
249 3783 1267 3819 ob ſie an Geiſter glauben, antworten würden: „Nein, ich glaube
251 3824 1267 3863 nicht an ſie, aber ich fürchte mich vor ihnen.“ Wie viele rühmen
250 3867 1267 3906 ſich, nicht abergläubiſch zu ſein, und klopfen dennoch unter den
249 3913 1269 3952 Tiſch oder ſagen „unberufen“, um Unheil abzuwenden, oder
245 3956 1269 4000 ſchrecken vor der Zahl 13 zurück! Aberglaube wuchert überall,
247 3999 1268 4042 und von Aberglaube und Geiſtesfurcht bis zum Glauben an
252 4043 1270 4087 Zauberkunſt und teufliſche Magie iſt kein ſo weiter Schritt, wie
255 4086 1270 4123 es zu ſein ſcheint. Denn ſonſt würde der Satanskult kaum ge⸗
254 4128 1269 4166 deihen können, und — das tut er. Und er iſt uns ſogar viel
256 4169 668 4209 näher, als wir es ahnen.
352 4214 1271 4253 In der finſteren Zeit des Mittelalters, dieſem Pandämion
249 4255 1270 4297 von Peſt, Hungersnot, Ueberſchwemmung, Erdbeben, Krieg,
250 4299 1269 4341 Maſſenmorden und furchtbaren Krankheiten, entſtand der
255 4343 1270 4382 Satanismus — der Teufelsſabbat. Die ſchwarze Meſſe entwickelte
250 4386 1270 4425 ſich in den grauſamen Tagen des Bauernaufruhrs, als die Not⸗
250 4431 1269 4470 leidenden aus ihrer Verzweiflung folgerten, daß der Gott der
254 4471 1269 4514 Liebe, an den zu glauben man ſie gelehrt hatte, nur der Gott
254 4515 1270 4558 der Reichen, Mächtigen, der Könige, Heerführer und Geiſtlichen
254 4561 1270 4600 wäre, während ſie ſelbſt ſeine verfolgten, gepeinigten, ver⸗
255 4599 1272 4645 ratenen Stiefkinder waren. Was Wunder, daß die geknechtete
259 4647 1272 4695 Armut zu dem Feinde Gottes überging, zu ihm, der gleich
256 4690 1105 4745 ihnen verdammt und ausgeſtoßen war, dem Satan!
360 4732 1273 4787 Draußen in den ungeheuren öden Wäldern, auf dunkler
258 4778 1276 4838 ferner Heide, in finſteren unfruchtbaren Klippenhöhlen ver⸗
261 4816 1275 4878 ſammelten ſich die armen Schelme zum Feſte des Fleiſches. Des
262 4859 1275 4922 Nachts genoſſen ſie die Freiheit und träumten den Traum der
262 4904 1276 4969 großen Brüderſchaft, die der Tag ihnen verſagte. Beim roten
264 4946 1276 5015 Scheine der Fackeln, im blauen Lichte des Mondes begann der
263 4992 1280 5056 Rundtanz des Sabbats, Rücken an Rücken, wilder, immer
267 5031 1280 5102 wilder, im Rhythmus obſzöner Schmählieder auf Gott und die
260 5080 1280 5145 Mächtigen. Männer und Frauen fühlten ſich als ein einziger,
1302 3436 2308 3479 großer, wunder, genußlechzender Organismus. Sie waren nicht
1301 3480 2307 3524 länger Menſchen mehr, in dem wilden Tanze, dem Orgiasmus
1300 3522 2308 3565 der entfeſſelten Inſtinkte loderten zugleich mit dem
1301 3566 2307 3610 Delirium des Schmerzes der Blutdurſt und die Wolluſt
1303 3608 2310 3654 auf. Und wenn der Wahnwitz ſeine Höhe erreicht
1302 3653 2311 3697 hatte, der Sabbat ſeine Kulmination, glaubte man
1303 3695 2310 3742 ihn erſcheinen zu ſehen, den man beſchworen hatte, den ver⸗
1303 3738 2308 3781 kannten Segner der Menſchheit — Satan! Sein Gottesdienſt,
1301 3782 2310 3826 die ſchwarze Meſſe, beginnt, dieſe Parodie auf die heiligſte
1302 3825 2311 3867 Handlung der katholiſchen Kirche: man verleugnet die Taufe,
1303 3868 2312 3912 verhöhnt das Kreuz, küßt das Bockshaupt und empfängt die
1303 3910 2311 3954 Sakramente der Hölle, wobei eine Frau die Sabbatkönigin,
1304 3956 2310 4000 Altar und Hoſtie zugleich iſt. Und der Satan drückt ſeinen Ge⸗
1304 4001 2311 4043 treuen ſein geheimes Teufelszeichen auf. Auf ſein Geheiß ver⸗
1301 4044 2311 4085 löſchen die Fackeln, verhüllt der Mond ſich hinter dunklen
1302 4085 2311 4127 Wolken, und nun beginnt eine Orgie, die ſich auch nicht näher
1302 4128 2313 4170 andeuten läßt. Aber beim erſten Hahnenſchrei, wenn der
1301 4168 2311 4213 Himmelsrand ſich lichtet, verblaſſen die Geſichte. Satan ver⸗
1301 4212 2311 4256 ſchwindet unter Qualm und Schwefelgeruch, von fern läutet ein
1301 4257 2311 4300 Kloſterglöckchen zur Frühmeſſe und kälteſchauernd flüchten die
1302 4301 2244 4341 Sabbatgäſte nach allen Seiten — der Sabbat iſt zu Ende.
1402 4342 2310 4385 Dem tragiſchen Mittelalter folgte die lüſterne Renaiſſance.
1302 4384 2311 4429 Die ſchwarze Meſſe iſt nicht länger das dunkle Leidensfeſt der
1304 4430 2311 4471 verzweifelten Armut, ſondern ein Stelldichein der depravierten
1305 4472 2311 4516 Geſellſchaft, die in der Myſtik des Satanismus
1303 4515 2312 4558 ſadiſtiſche Befriedigung ſucht. Der Satanismus
1303 4558 2312 4599 wird Modeſache. Unter Ludwig XIV. wird die ſchwarze Meſſe
1302 4601 2311 4643 populär und Europas vornehmſte Namen kompromittieren ſich
1305 4644 2310 4683 mit Satansmeſſen, Kindermorden, Ritualmorden. Der be⸗
1304 4688 2309 4729 rüchtigte Marquis de Sade war ein fanatiſcher Sataniſt. Immer
1304 4728 2310 4772 wieder tauchen aus ſeinen Büchern die Greuel der ſchwarzen
1307 4774 2311 4816 Meſſe auf. Mit der franzöſiſchen Revolution jedoch kam eine
1308 4817 2309 4860 Zeit, die in ihrer Größe viel zu tragiſch, in ihrer bluttriefenden
1310 4857 2309 4901 Energie viel zu brutal war, um dem Wahnwitz des Satanismus
1310 4902 2312 4942 Raum zu laſſen. Trotzdem war der Satanismus nur ſcheinbar
1311 4944 2310 4988 erloſchen. Er hatte ſeine Wurzel viel zu tief im Leben —
1315 4985 2306 5032 die ſchwarze Meſſe erſtand von neuem. Der Glaube an
1315 5030 2304 5078 ſie und an die teufliſche Magie iſt auch in unſerer
1317 5072 2305 5120 Zeit nicht verſchwunden. Mir ſelbſt iſt es widerfahren,
2342 3435 3356 3476 daß eine Dame ſich an mich wendete, um durch Zauberei
2344 3477 3355 3519 Perſonen abzuwehren, die ſie ſtörten. In Europas aufgeklärteſten
2343 3520 3359 3562 Ländern ſteht der mittelalterliche Zauberglaube noch immer in
2343 3565 3360 3606 voller Blüte. Der Satan der Kirche hat ſeine Anbeter, ſeine
2344 3607 3357 3652 Prieſter, ſeine Tempel noch ebenſo wie vor zweihundert Jahren.
2342 3650 3357 3692 Daß die ſchwarze Meſſe nicht den Alterstod geſtorben iſt,
2340 3695 3357 3737 beweiſen Dänemarks und Frankreichs Gerichtsprotokolle und
2343 3738 3357 3779 Polizeirapporte. Noch vor wenigen Jahren wurden in Paris
2343 3783 3359 3824 zwei ſataniſche Sekten auf friſcher Tat ertappt: die eine bei
2346 3825 3355 3866 dem Grafen Ferſen in der Avenue Friedland und die andere
2345 3866 3357 3905 bei einem bedeutenden Maler auf dem Boulevard
2346 3908 3358 3953 Montparnaſſe. Und gerade in dieſen Tagen erregte
2342 3954 3358 3998 die Enthüllung eines Sataniſtenklubs in New⸗York
2344 4001 3358 4041 ungeheures Aufſehen in der mondänen Welt der
2345 4044 3357 4084 amerikaniſchen Millionäre. Und doch: dieſe raffinierten Klubs
2344 4085 3361 4127 für Eroto⸗Religioſität repräſentieren nur eine Art Salonſatanis⸗
2345 4128 3355 4167 mus, wo der Satansaltar wohl mit Schmutz, nicht aber mit
2345 4168 3356 4211 Blut beſudelt wird, die ähnlich den Brutſtätten der Perverſität
2343 4212 3357 4254 ſind, wo man — wie zum Beiſpiel in der Rue Vaugirard in
2344 4253 3354 4297 Paris — ſchwarze Meſſen auf Beſtellung arrangiert bekommt
2345 4298 3360 4338 Aber wenn auch die „Gottesverehrung“ dieſer Sataniſtenklubs
2345 4342 3356 4383 in all ihrer Blasphemie einen mehr ſadiſtiſchen Genuß als einen
2346 4384 3360 4425 wirklich rituellen Sanatismus beabſichtigt, iſt der Unterſchied
2347 4427 3358 4470 zwiſchen beiden nicht ſo groß. Denn gerade die dunkelſten Ab⸗
2348 4472 3358 4513 gründe des Geſchlechtstriebes ſind es, aus denen der Satanismus
2348 4516 3361 4556 emporwächſt. Und für den überſpannten hyſteriſchen Myſtiker,
2345 4557 3361 4597 wie der Salonſataniſt es iſt, werden die Gewiſſensbiſſe der
2347 4599 3363 4643 Blasphemie bald zum gewünſchten und unentbehrlichen Reiz⸗
2346 4647 3356 4690 mittel. Glaubt er nach den Lehren der Kirche an die Todſünde,
2342 4690 3356 4737 ſo nimmt bei ihm die Liebe zum Böſen — eine der degenera⸗
2346 4734 3357 4784 tiven Tendenzen des dekadenten Menſchen — gar bald die Form
2345 4777 3354 4832 der Satansverehrung an. Der Satanismus lauert dort, wo
2345 4821 3354 4874 die Religion in die Sphäre der Vernichtung und der erotiſchen
2344 4865 3354 4921 Tollheit gezogen wird, und — wie der erwähnte Sataniſt Graf
2344 4909 3353 4967 Adelswärd⸗Ferſen in ſeiner Verteidigungsſchrift betont — „die
2343 4950 3357 5014 ſchwarze Meſſe iſt ein Symbol: ſie repräſentiert die Empörung
2341 4996 3355 5060 gegen den Gott des Lebens, die Anbetung des Todes, ſie iſt
2340 5040 3350 5102 die Verherrlichung des Grabes, eine Läſterung, eine Verhöhnung
2341 5081 3353 5147 des Himmels, eine leidenſchaftliche, brennende Verherrlichung
