3168 4834
661 300 928 351 — 206 —
169 377 1412 444 raten ſollte, war die Tochter des Opfers ſeiner Mutter. Gegen
169 424 1410 487 dieſen Gedanken empörte ſich ſein Herz. War ſo etwas mög⸗
168 470 1410 528 lich? Nein, entſchieden nein! Wie ſchrecklich, wenn Magda
166 513 1412 574 je die Wahrheit erführe. Wenn je ſie erfuhr, daß all das
168 558 1410 617 Unglück ihres Vaters, ſein Elend, ihre zerſtörte Kindheit das
168 602 1410 663 Werk einer Frau waren, die ſich für verratene Liebe gerächt.
164 645 1409 706 Sie, dann die Gattin des Sohnes dieſer Frau, den ſie geliebt,
160 692 1009 745 den ſie angefleht, als er ſie abgewieſen.
252 737 1403 796 Er erhob ſich und lief wie ein Knabe davon, ohne noch
166 780 1405 841 einen Blick auf ſie zu werfen, blieb nicht ſtehen, lief, wie
162 825 543 875 von Furien gehetzt.
252 867 1413 929 Magda begriff anfangs nicht — dann hob ſie flehend die
158 915 962 965 Hände: „Erich, was haſt du — Erich!“
249 960 1400 1017 Als ſie ihn nicht mehr ſah, fühlte ſie in ihrem Herzen
158 1003 1404 1067 eine ungeheure Leere, wie wenn er all ihr Glück, ihr Denken,
158 1045 1399 1109 ihr Leben, ihre Seele mit ſich davon genommen. Sie ſank zu
154 1091 1399 1150 Boden, barg das Geſicht im Raſen, ohne zu weinen, ohne
156 1136 1402 1196 lindernde Tränen zu finden, und verharrte ſo wohl eine Stunde
154 1179 926 1235 in unerbittlichen, wortloſem Schmerz.
251 1224 1396 1286 Dann erhob ſie ſich endlich und kehrte ſchwankend nach
153 1269 1244 1329 dem Hauſe ihres Vaters, nach Friedrichshagen zurück.
699 1355 836 1410 XVII.
584 1434 960 1484 Die Schuldige.
242 1488 1399 1550 Wellbach war in Berlin geweſen und hatte mit den De⸗
146 1535 1392 1598 tektivs Megow und Buchholz beraten, welche Schritte man
147 1580 1395 1642 wohl tun könne, um die Mitſchuldigen Meinbergs zu ent⸗
157 1623 1395 1687 larven. Daß dies Kaſcha Mohrfeld, ſeine ehemalige Geliebte
147 1668 1390 1731 ſein könne, fiel ihm nicht im Traume ein. Er war viel zu
151 1710 1390 1776 edeldenkend, als daß er der einſt Verſchmähten eine ſo ent⸗
154 1756 750 1812 ſetzliche Rache zugetraut hätte.
241 1804 1386 1864 Bei ſeiner Heimkehr fand er Magda fiebernd im Bett.
149 1846 1391 1909 Als es in der Nacht nicht beſſer wurde, ließ er den Arzt aus
157 1890 1389 1952 dem Dorfe kommen, denſelben, der ſie damals bei jenem Un⸗
149 1932 1385 1998 fall behandelt hatte. Dieſer blieb lange bei der Kranken und
150 1980 1386 2043 ſchüttelte den Kopf. Er fand ſie ſehr aufgeregt und befürch⸗
149 2024 456 2071 tete Schlimmes.
241 2066 1386 2135 Wellbach wurde unruhig. Der Doktor ſchrieb die größte
144 2113 1390 2177 Ruhe vor und fragte ihn nach den Urſachen dieſer überraſchen⸗
744 2617 984 2652 — 202 —
344 2691 1127 2737 „Unſere Heirat iſt unmöglich, Magda!“
342 2733 1472 2784 Sie empfing den Schlag, ohne die Faſſung zu verlieren.
253 2779 1469 2830 Seit ſie ein Unglück ahnte, vermutete ſie etwas Darartiges.
254 2822 479 2868 „Weshalb?“
342 2867 1471 2919 „Erinnern Sie ſich noch, was Sie einſt in der Dahlwitzer
253 2911 1471 2964 Heide ſagten: Meine Liebe ſei nichts als eine Spekulation
251 2956 1469 3008 auf Ihr Vermögen? Nun wohl, darüber habe ich nach⸗
251 3004 416 3045 gedacht!“
339 3046 1466 3098 „Aber Erich, das hatten Sie mir doch längſt verziehen!
252 3092 1203 3142 Und nun werfen Sie es mir doch wieder vor?“
339 3138 1468 3188 „Ich habe es Ihnen verziehen, Magda, ich werfe es Ihnen
251 3180 1467 3232 nicht vor, aber trotzdem iſt es mir eingefallen. Ich habe
251 3225 1467 3277 ſeit einiger Zeit nachgedacht, ich bin arm, ein unbekannter
250 3269 1466 3321 Rechtsanwalt — ich will nicht, daß man ſagen ſoll, ich hätte
250 3314 1466 3366 nach Geld geheiratet. Nein, Magda, ich wäre in meinen
250 3358 1464 3410 Augen entehrt. Und wenn ich jemals annehmen müßte —
248 3403 1464 3455 ſpäter — daß Ihnen ein ähnlicher Argwohn gekommen ſei,
248 3447 1465 3501 dann wäre ich gedemütigt, wäre ich unglücklich. Das aber
246 3492 1464 3545 will ich vermeiden, daher mein Zögern — deshalb wollte
250 3535 1463 3587 ich Sie nicht wiederſehen — deshalb müſſen wir einander
244 3579 570 3622 Lebewohl ſagen.“
332 3625 1461 3678 Er hielt an. Sie hatte ihn nicht unterbrochen. Als
246 3670 1460 3720 ſie ſah, daß er zu Ende war und ihrer Antwort harrte,
238 3714 1128 3763 ergriff ſie ſeine Hände und preßte ſie heftig.
331 3758 1465 3811 „Erich!“ ſprach ſie, „Sie lügen immer noch. Der Grund
243 3803 1461 3855 zu Ihrer Weigerung iſt ein ganz anderer. Was Sie da
246 3848 1457 3900 vorbrachten, das iſt von uns längſt erwogen und abgetan.
240 3891 1461 3944 Noch vor einem Monat war es Ihr größter Wunſch, mich!
242 3935 1458 3987 zu Ihrer Frau zu machen — trotz meines Vermögens, trotz
237 3979 1459 4033 meines geſchändeten Namens, und da ſoll ich heute Ihren
242 4024 588 4069 Worten glauben?“
332 4069 922 4114 „Ich hatte unrecht — ich —“
330 4112 1458 4164 „Wäre ich nicht heute Ihre Frau, wenn ich damals ein⸗
240 4158 550 4203 gewilligt hätte?“
331 4202 1133 4250 „Das wäre ein großes Unglück geweſen!“
331 4246 1459 4299 „Ein großes Unglück, ſagen Sie? Erich, Sie erſchrecken
241 4290 1453 4344 mich — Sie haben mich getäuſcht — es war nur Einbildung,
240 4334 1457 4385 daß Sie mich zu lieben glaubten — Sie haben mich nie ge⸗
241 4378 1457 4433 liebt. Sie lieben eine andere — eine andere hat ältere Rechte
413 4425 917 4469 auf Sie — das iſt die Wahrheit.“
2214 319 2481 372 — 203 —
1800 402 2838 455 „Magda, ich ſchwöre Ihnen — ich liebe Sie allein!“
1796 450 2957 499 Sie blieb ſtehen und ſah ihm voll in die Augen. „Iſt es
1710 491 2949 543 nicht ſeltſam? Einſt wies ich Sie, obwohl ich Sie liebte,
1710 537 2945 592 zurück, ohne Ihnen die Gründe meiner Weigerung anzugeben.
1715 579 2642 635 Heute tun Sie das gleiche. Lieben Sie mich?“
1799 625 2220 677 „Von ganzer Seele!“
1799 670 2943 723 „Alſo haben Sie ein Geheimnis, welches Sie nur nicht
1704 713 2066 755 verraten wollen?“
1794 757 2713 810 Er ſenkte das Haupt, unfähig zu antworten.
1800 803 2949 858 „Dieſes Geheimnis“, fuhr ſie fort, „gleicht dem meinigen,
1704 851 2526 899 es betrifft die Ehre eines der Ihrigen?“
1797 892 2485 941 Er zitterte, wurde rot und ſchwieg.
1793 944 2784 1000 „Sie antworten nich hiermit habe ich es erraten?“
1794 997 2827 1053 Der junge Mann ſtöhnte tief auf. Er litt unendlich,
1793 1043 2944 1098 „Nun denn, und ich ſage Ihnen, welcher Art auch dieſes
1704 1086 2303 1134 Geheimnis ſei, ich liebe Sie!“
1800 1130 2937 1189 „Magda — mein Gott — wie es Ihnen ſagen — was
1710 1173 1833 1217 tun.“
1796 1218 2940 1275 „Sie wiſſen Erich, unter welcher Schmach ich bisher ge⸗
1705 1262 2939 1322 lebt. Sie kannten ſie und ſagten dennoch: Magda, ich liebe
1706 1311 2945 1366 Sie! Wollen Sie mein Weib werden? — Heute ſpreche ich
1704 1351 2929 1410 zu Ihnen: Erich, ich liebe Sie! Ohne Sie bin ich unglück⸗
1703 1396 2945 1458 lich — ohne Sie mag ich nicht leben. Wollen Sie mein
1701 1443 2027 1487 Mann werden?“
1787 1485 2939 1542 Er hatte das Geſicht mit den Händen bedeckt und weinte
1698 1531 2936 1589 bittere Tränen. Sie verſuchte ſanft, die Hände fortzuziehen,
1701 1575 2934 1634 aber er widerſtand, er murmelte: „Nein, nein, ich will nicht,
1701 1620 2061 1668 es iſt unmöglich!“
1784 1670 2934 1732 Dasſelbe Wort, welches ſie einſt ausgeſprochen. Wie ſie
1700 1714 2873 1778 ihn einſt hatte leiden laſſen, ſo mußte ſie nun ſelbſt leiden.
1785 1769 2930 1831 „Unmöglich ?“ flüſterte ſie. „Aber was iſt denn das für
1693 1812 2932 1877 ein Geheimnis, welches unſere Vereinigung unmöglich macht?
1696 1857 2934 1919 Ich kann es nicht erraten. Und es beſteht erſt ſeit kurzem,
1693 1901 2930 1966 da Sie doch erſt vor ewnigen Wochen um meine Hand an⸗
1693 1945 1858 1993 hielten.“
1780 1995 2933 2062 „Suchen Sie nicht, Magda, Sie ſinden es nicht. Wenn
1690 2042 2932 2107 Sie es fänden, wäre ich der unglücklichſte aller Menſchen,
1690 2089 2931 2151 ſo unglücklich, daß mir nichts übrig bliebe, als mich ſelbſt
1688 2131 1897 2186 zu töten.“
2283 2632 2526 2667 — 207 —
1794 2700 3015 2757 den Krankheit. Der Vater wußte nichts und vermochte nicht
1794 2756 2050 2794 zu antworten.
1882 2795 3013 2847 „Eine ſehr ſtarke Gemütsbewegung!“ ſprach der Arzt
1792 2836 1954 2881 ſich aus.
1881 2883 3012 2934 Wellbach dachte an die Freude, die Magda bezeigt, als
1791 2928 3010 2977 er ihr die Entlarvung und den Tod des Mörders Markmanns
1790 2972 1949 3011 mitteilte.
1879 3018 3010 3069 „Das iſt es!“ dachte er. „Weiter kann es nichts ſein.
1789 3059 2900 3112 Ich trage die Schuld, ich hätte vorſichtiger ſein ſollen!“
1878 3105 3010 3157 „Sie ſehen doch nichts Beunruhigendes in ihrem Zuſtand?“
1785 3151 2157 3195 fragte er, ängſtlich.
1879 3194 3008 3247 „Noch nicht!“ lautete die Antwort. „Nun hoffe ich und
1785 3236 3009 3291 morgen komme ich wieder, aber achten Sie ſorgfältig auf
1788 3281 2065 3327 Ihre Tochter!“
1877 3328 3007 3380 Wellbach brachte die Nacht an dem Krankenbett zu. Sie
1785 3371 3007 3424 ſchien zu ſchlafen. Am Morgen kam der Arzt und fand ſie
1784 3416 3005 3470 beſſer. Das Fieber dauerte fort, aber ſie phantaſierte nicht
1786 3459 3006 3512 mehr; nur erſchien ſie ihm unendlich traurig. Vergebens ſuchte
1784 3506 2667 3554 er ſie zu zerſtreuen — ſie antwortete kaum
1873 3551 2417 3597 „Was haſt du?“ forſchte er.
1872 3594 3004 3646 „Ich bin krank, Papa, und müde, traurig zum Sterben.“
1873 3639 2498 3689 „Was hat dich krank gemacht?“
1872 3684 2957 3733 „Weiß man jemals, woher die Krankheiten kommen?“
1872 3728 2395 3775 „Warum biſt du traurig?“
1871 3772 3001 3825 „Weil ich krank bin!“ flüſterte ſie nach langem Zögern.
1870 3815 2882 3867 Er ſah ſie ſtillſchweigend an, ſeufzte und ſchwieg.
1869 3860 2999 3914 Die Beſſerung hielt nicht an — das Fieber wurde ſtärker,
1779 3904 3001 3956 bis endlich der Arzt erklärte, es ſei das Nervenfieber. Von
1779 3949 2599 3998 nun an lebte Wellbach faſt nicht mehr.
1871 3994 3000 4044 „Sagen Sie mir, daß ſie geneſen wird!“ flehte er den
1779 4037 1983 4075 Doktor an.
1868 4083 2999 4135 Das zu verſichern, war dem Arzt unmöglich. Er ver⸗
1778 4125 2998 4179 ſicherte, daß er tun wolle, was in ſeinen Kräften ſtehe, aber
1777 4171 2997 4224 es komme ganz darauf an, welchen Verlauf die Krankheit
1780 4215 2996 4268 nehmen werde. Vorläufig ſei es unmöglich, etwas Beſtimmtes
1778 4260 1978 4302 zu äußern.
1867 4302 2996 4356 „Sie muß unbedingt eine ſehr ſtarke Gemütsbewegung ge⸗
1776 4347 2491 4396 habt haben!“ ſagte er noch einmal.
1865 4391 2994 4444 „Eine Freude — eine ſehr große, unverhoffte Freude!“
1773 4435 2536 4485 glaubte Wellbach beſtätigen zu dürfen.
