3456 5339
1503 273 1989 384 Neue
864 405 2649 761 Freie Presse.
1526 803 1974 909 Morgenblatt.
185 208 817 248 Redaktion, Administration u. Druckerei:
309 245 694 271 Kolowratring, Fichtegasse Nr. 11.
187 268 808 291 Unfrankierte Briefe werden nicht angenommen und
237 291 766 313 Manuskripte in keinem Falle zurückgesendet.
299 325 706 353 Ankündigungs-Bureau:
187 352 814 374 Stadt, Wollzeile 20. Insertionspreis nach Tarif. Inserate
188 374 815 396 übernehmen: Witzek, Ann.-Exp, in Prag und
186 395 814 419 Brünn; Jos. A. Kienreich, Inseraten-Exp. in Graz;
185 418 816 439 J. Blockner, J. Leopold, Jos. Schwarz, Ann.-Exp,
185 439 813 460 in Budapest; im Auslande: John F. Jones & Co.
187 460 815 481 in Paris, 31 bis, Rue du Faubourg Montmartre;
184 481 814 503 Rudolf Mosse in Berlin, München, Leipzig;
188 502 816 524 Haasenstein & Vogler in Hamburg, Berlin,
191 523 815 547 Frankfurt a. M. u. Basel; Heinrich Eisler,
188 545 816 569 Ann.-Exp. in Hamburg; Orell Füssli & Co. in
187 565 812 588 Zürich u. Basel; Neyroud & Sons in London;
189 587 811 611 Vertreter für Deutschland, Frankreich, England,
189 609 813 633 Italien etc.: Saarbachs News Exchange, Mains u.
431 630 571 653 Köln a. Rh.
299 664 708 690 Abonnement für Wien:
186 689 812 716 Mit tägl. zweimal, Zustell, ins Haus: Ganzj. K. 50.40,
404 715 595 733 monatl. K. 4.20.
189 732 815 758 Zum Abholen im Hauptverlage Wollzeile 20 oder
224 755 776 779 Fichtegasse 11: Ganzj. K. 43.20, monatl. K. 3.60.
188 777 812 801 Einzeln: Morgenblatt 12 H., Abendblatt 6 H., Nach⸗
189 798 814 822 mittagblatt am Montag und nach zwei Feiertagen 12 H.
186 838 450 863 Für Deutschland
269 862 376 883 einzeln:
478 820 812 844 Morgen u. Abendblatt 40 Pf.
475 842 814 865 Morgen- und Nachmittagblatt
552 864 726 885 allein je 30 Pf.
477 884 810 908 Abendblatt allein je 15 Pf.
2784 226 3291 256 Abonnement für das Inland:
2729 253 3351 282 Mit tägl. einmal Postversendung: Ganzj. K. 56, halbj.
2727 276 3350 303 K. 28, viertelj. K. 14. Mit tägl. zweimal. Postversend.:
2796 298 3277 325 Ganzj. K. 01, halbj. K. 32, viertelj. K. 16.
2765 336 3300 369 Abonnement für das Ausland:
2958 371 3121 395 Vierteljährig:
2724 395 3345 428 Bei uns (Krenzband-Versend.): Deutschland,
2722 420 3348 447 Serbien K. 20, f. Staaten d. Weltpostvereines
2722 442 3344 468 K 22. Bei den Postämtern in Deutschland
2722 462 3345 490 M. 11.18, Schweiz Fr. 14.05, Belgien Fr. 15.96,
2721 483 3347 512 Italien L. 14.47, Rumänien Fr. 15.95, Serbien
2722 506 3344 532 Fr. 13.80, Bulgarien Fr. 15.65, Russland R. 5.30,
2722 526 3345 554 Griechenland (b.d. Buchh. Beck & Harth u.C. Elef⸗
2721 548 3347 574 theroudakis, Athen od. k. k. Zeitgs.-Exp. in Kriest) u.
2719 568 3347 596 Europ. Türkei K. 15.05, Asiat. Türkei K. 17.45,
2722 592 3345 619 Aegypten Fr. 18.32, Dänemark skand. K. 11.26,
2721 612 3346 639 Norwegen skand. K. 10.83, Holland F. 9.—.
2721 634 3345 661 Bei den Agenturen in Italien: Saarbachs News
2723 655 3344 681 Exch., Mailand, 2. Gust. Modena, Loescher & Co., Rom
2724 677 3346 701 Fr. 23.50; Frankreich: Saarbachs News Exch.,
2721 700 3344 724 Paris. 148, Faubourg St. Denis, Agence Havas, Paris
2720 722 3343 747 Fr. 28.50; England: Saarbachs News Exch., London,
2720 743 3341 767 16, John Street, Adelphi Strand W. C., A. Siegle,
2717 764 3340 789 20, Lime-Street E.C., London, sh. 19; Nordamerika:
2722 786 3344 812 F. Steiger, 25 Park-Place, G. E. Stechert, 151—155 West
2721 808 3338 832 25th St., L. A. Rosswaag, 57. Second-Avenue in
2715 828 3338 854 Newyork, Doll. 6.40. Vertreter für das gesamte Aus⸗
2716 849 3338 873 land: Saarbachs News Exchange, G. m. b. H., Mainz.
2717 880 3340 905 Für die an Agenten, Austräger oder Verschleissen
2759 903 3297 927 bezahlten Beträge leisten wir keine Garantie.
248 953 727 1020 Nr. 16830.
1316 961 2156 1041 Wien, Samstag, den 1. Juli
3055 976 3293 1044 1911.
484 1073 913 1137 Wien, 30. Juni.
257 1147 1207 1200 Die glorreiche Erinnerung an die Wiener Stich⸗
179 1192 1208 1245 wahlen wird in den heutigen Beſchlüſſen des Deutſchen
172 1238 1209 1288 Nationalverbandes mit keinem Worte berührt. Nur
174 1279 1210 1331 eiſiges Schweigen für die großartige Kundgebung einer
176 1324 1209 1373 deutſchen Stadt mit zwei Millionen Einwohnern; kein
177 1367 1206 1417 Zeichen der Herzlichkeit und kein freundlicher Gruß für
180 1410 1209 1459 eine Bewegung, aus der auch für die nationale Politik
181 1455 1211 1503 ganz neue Werte gekommen ſind. Kann dieſes Neben⸗
180 1498 1212 1542 einandergehen der Deutſchen in Wien und in den Kron⸗
179 1542 1205 1591 ländern nützlich ſein; muß der Deutſche Nationalverband
179 1585 1207 1633 es nicht als wichtiges Ziel erkennen, die ſtarken, werbenden
175 1629 1206 1675 Kräfte der uralten Kaiſerſtadt, wo jeder Stein von der
174 1672 1206 1720 deutſchen Geſchichte erzählt, für ſeine Politik zu ge⸗
175 1713 1206 1765 winnen; würde nicht der Augenblick, da die politiſche
176 1759 1207 1807 Zukunft wieder unſicher geworden iſt, beſonders dazu
174 1801 1205 1850 drängen, die Beziehungen zwiſchen Wien und dem
171 1843 1209 1894 Nationalverbande natürlicher und wärmer zu geſtalten?
176 1886 1200 1937 Die älteren Parlamentarier, die der Sturmwind des all⸗
177 1932 1205 1981 gemeinen Stimmrechts nicht weggeſchleudert hat, mögen
175 1974 1202 2023 ſich noch erinnern, daß in den Anfängen des Grafen
174 2017 1197 2068 Taaffe eine Verſammlung in den Sophienſaal einberufen
176 2061 1204 2112 wurde. Dort hat Franz Schmeykal, der Führer der
175 2105 1197 2157 Deutſchen in Böhmen, der deutſchen Stadt Wien beide
173 2150 1196 2197 Hände entgegengeſtreckt. Wer die Wirkung erlebt und ge⸗
170 2193 1197 2242 ſehen hat, wird ſie niemals vergeſſen. Auf der Tribüne
172 2234 1199 2287 ſtand Franz Schmeykal, damals in Wien perſönlich noch
167 2278 1195 2327 wenig bekannt. Er begann zu ſprechen, und ſchon nach
173 2322 1202 2371 wenigen Minuten waren alle Blicke voll Spannung auf
173 2364 1193 2415 den feinen Kopf mit den leuchtenden Augen geheftet, und
172 2407 1194 2457 jeder Satz, jede Geſte wurde von den Hörern unter⸗
170 2450 1194 2502 ſtrichen. Wien, das ſich die Politik ſo gerne in einer
171 2495 1199 2545 Perſon verſinnlicht, ſchloß ein Bündnis mit Böhmen und
171 2540 1195 2589 mit allen Deutſchen in Oeſterreich. Wäre dieſes Beiſpiel,
170 2582 1192 2633 das Franz Schmeykal gegeben hat, nicht auch jetzt nach⸗
166 2624 1192 2677 ahmenswert, und ſollten nicht die verantwortlichen Träger
172 2668 1191 2719 der deutſchen Politik in Oeſterreich eine Brücke ſchlagen
166 2712 1189 2762 zwiſchen Wien und der parlamentariſchen Vertretung des
166 2751 1197 2805 deutſchen Volkes? Die heimlichen Urſachen des letzten
166 2796 1197 2848 Miniſterwechſels werden bald zu ſpüren ſein. Das halb⸗
162 2839 1190 2892 amtliche Communiqué über die neue Orientierung der
165 2880 1188 2936 Politik ſagt dem Erfahrenen genug und vermehrt das
161 2924 1194 2973 Bedürfnis, die Bürgſchaften und die Wälle, die das
158 2969 1199 3021 Schickſal der Deutſchen in Oeſterreich ſichern können, zu
163 3013 1195 3065 verſtärken. Deshalb darf Wien weder vernachläſſigt noch
160 3056 1188 3109 zur Seite geſchoben werden. Hier lebt ein Fünftel aller
169 3100 1192 3152 Deutſchen in Oeſterreich und ein noch viel größerer Teil
162 3142 1188 3196 aller freiſinnigen Deutſchen. Eine Politik, die ſich um
163 3185 1195 3239 ſolche Fundſtellen des nationalen Gedankens nicht kümmern
160 3228 1186 3281 wollte oder dagegen gleichgiltig bliebe, wäre geradezu
159 3272 343 3316 unzuläſſig.
238 3322 1191 3374 Wien hat zehn freiſinnige Abgeordnete gewählt.
164 3366 1189 3415 Davon mögen zwei und vielleicht drei wegen ihrer ſcharf
165 3407 1196 3459 ausgeprägten beſonderen Richtung und wegen älterer Ver⸗
161 3452 1189 3503 ſtimmungen für den Deutſchen Nationalverband nicht in
1251 1081 2277 1134 Betracht kommen. Dann bleiben immer noch ſieben, von
1258 1127 2276 1178 denen jedoch nur zwei zu der für nächſten Freitag einbe⸗
1252 1170 2281 1222 rufenen konſtituierenden Verſammlung des Deutſchen
1257 1214 2283 1265 Nationalverbandes eingeladen wurden. Dieſe Beſchrän⸗
1258 1257 2274 1308 kung mag in der Form durchaus zu rechtfertigen ſein,
1256 1300 2274 1351 weil bisher nur zwei Abgeordnete erklärt haben, daß ſie
1255 1344 2273 1395 dem Deutſchen Nationalverbande ſich anſchließen wollen.
1253 1387 2275 1438 Es braucht auch nichts in dieſem Beſchluſſe gewittert zu
1252 1430 2274 1482 werden, was den Verdacht begründen könnte, als ſollten
1252 1474 2275 1525 gerade ſolche Mitglieder des Parlaments vom National⸗
1249 1516 2273 1565 verbande ferngehalten werden, von denen die Chriſtlich⸗
1255 1557 2279 1611 ſozialen in den Wahlen niedergerungen wurden. Aber
1251 1602 2272 1652 ſelbſt die ſtrengſte Korrektheit wird die Frage nicht er⸗
1250 1647 2272 1698 ſticken, ob dem Deutſchen Nationalverbande ſelbſt nach
1254 1690 2274 1740 ſeinem glänzenden Siege ſieben Stimmen nicht von Wert
1251 1733 2272 1783 ſein können. Es hat im früheren Abgeordnetenhauſe
1249 1775 2271 1827 manche Kämpfe und Kriſen gegeben, in denen der Deutſche
1251 1819 2272 1869 Nationalverband um jede einzelne Stimme zitterte und
1249 1862 2269 1913 die Grenzſcheide zwiſchen Mehrheit und Minderheit auch
1248 1906 2271 1956 von ſieben Abgeordneten gezogen werden konnte. Der
1250 1948 2271 2000 Deutſche Nationalverband kann überhaupt kein Mandat
1251 1992 2269 2043 entbehren, das von deutſchen und freiſinnigen Wählern
1252 2035 2273 2087 herrührt. Gewiß werden dieſe ſieben Abgeordneten von
1249 2081 2269 2131 Wien niemals dem deutſchen Volke in den Rücken
1251 2124 2267 2174 fallen und auf den heißeſten Schlachtfeldern als Frei⸗
1251 2168 2265 2218 willige ſich zur Verfügung ſtellen. Die Führer des
1251 2213 2267 2261 Deutſchen Nationalverbandes wiſſen, daß ſie innerlich
1250 2252 2265 2304 darauf rechnen dürfen. Wäre es nicht kleinlich, dieſen
1250 2296 2264 2348 ſieben Abgeordneten alle Pflichten des Nationalgefühls
1251 2340 2266 2391 aufzuerlegen und ihnen die Rechte zu verweigern oder
1247 2383 2266 2430 mindeſtens nicht anzubieten ? Ein freiſinniger Abgeordneter
1240 2425 2259 2474 von Wien kann nur deutſch ſein, und der Nationalverband
1247 2467 2266 2521 ſollte ihn daher durch einen Beſchluß, der ihn zu einer
1246 2512 2267 2565 Bitte um Aufnahme zwingt und vielleicht ſogar einer
1245 2557 2262 2608 Demütigung ausſetzt, nicht gewaltſam zum Freiſchärler
1243 2601 2268 2648 machen. Das hieße, auf die Hilfsquellen verzichten, die
1240 2643 2262 2695 Wien für das deutſche Volk hat; das hieße, die Deutſchen
1234 2684 2268 2737 in Wiener und Nichtwiener ſpalten; das hieße, einen
1241 2729 2262 2782 Fehler begehen, durch den eine große Zukunft preisgegeben
1244 2773 2262 2823 werden könnte. Die politiſche Verſchmelzung von Wien
1243 2816 2261 2866 mit den Kronländern muß das Ziel des Deutſchen
1243 2856 2263 2910 Nationalverbandes ſein. Er kann dieſe zwei Millionen
1240 2901 2266 2955 vom deutſchen Beſitzſtande, den er ſonſt mit aller Wach⸗
1242 2944 2263 2996 ſamkeit verteidigt, nicht wegſtreichen. Er ſollte Wien ge⸗
1237 2988 1985 3036 mütlich erobern und nicht von ſich ſtoßen.
1318 3032 2263 3083 Der Beſchluß des Deutſchen Nationalverbandes, nur
1237 3075 2263 3127 zwei Wiener Abgeordnete zur konſtituierenden Verſamm⸗
1237 3119 2253 3168 lung für nächſten Freitag einzuladen, mag in der Form
1237 3161 2253 3214 durchaus zuläſſig geweſen ſein. Es handelt ſich jedoch
1236 3205 2251 3257 nicht um das ſtrenge Recht, ſondern um jenes politiſche
1235 3248 2251 3300 Gefühl, das mehr iſt als Klugheit, weil darin die Gabe
1234 3291 2251 3343 ſteckt, die Wähler anzuziehen; auch weil ſich darin tiefere
1236 3333 2250 3386 Einſicht und ſchärfere Vorausſicht zeigt. Eine milde Aus⸗
1235 3377 2252 3430 legung hätte leicht finden können, daß dieſe ſieben Abge⸗
1232 3420 2254 3473 ordneten ſich meiſtens als deutſch und fortſchrittlich be⸗
1224 3463 2247 3518 zeichnet haben und ſomit im politiſchen Zuſammenhange
2314 1093 3360 1146 mit einer Gruppe ſind, die nach einer rühmlichen Geſchichte
2317 1136 3360 1189 ſich wohl im Parlamente aufgelöſt hat, aber vielfach in
2319 1180 3340 1235 den deutſchen Kronländern und namentlich in Böhmen
2316 1224 3340 1277 und Mähren beſteht. Noch jetzt gibt ſie dem Abgeordneten⸗
2317 1267 3334 1318 hauſe hervorragende Männer, wie Baron d'Elvert und
2319 1311 3344 1366 Hofrat Bachmann. Dr. Eppinger, der Führer der Deutſchen
2317 1354 3337 1409 in Böhmen, wird zu ihr gezählt und mancher andere,
2317 1397 3333 1451 deſſen Name dem deutſchen Volke ſehr vertraut iſt. Bei
2315 1441 3333 1496 den Wiener Abgeordneten iſt dieſe Geſinnung ſchärfer aus⸗
2312 1486 3332 1540 geprägt und in den weiteren Rahmen einer ſozial leiden⸗
2310 1529 3336 1583 ſchaftlich bewegten Großſtadt gefaßt. Aber der Platz, der
2310 1572 3337 1627 den deutſchen und fortſchrittlichen Abgeordneten im
2311 1616 3337 1671 Nationalverbande unbeſtritten zugewieſen wird, gebührt
2314 1659 3337 1715 ihnen gleichfalls, und eine freiere Auffaſſung der Tat⸗
2313 1703 3331 1758 ſächlichkeiten und der Wirklichkeiten hätte ſich nicht dabei
2314 1746 3329 1799 aufgehalten, ob das politiſche Glaubensbekenntnis ſämt⸗
2314 1790 3332 1844 liche dogmatiſchen Beſtimmungen des Statuts und Pro⸗
2310 1834 3335 1888 gramms im genauen Wortlaut wiedergibt. Deutſch und
2312 1877 3329 1931 fortſchrittlich ſind die Wiener Abgeordneten, und dieſer
2311 1919 3335 1976 politiſche Meldezettel ſollte genügen, den Anſpruch auf die
2312 1964 3333 2018 Zugehörigkeit zur parlamentariſchen Vertretung des
2312 2007 3339 2063 deutſchen Volkes zu ſichern, ohne daß der Einzelne ſich erſt
2311 2051 3332 2107 dem Wahrſpruch von Hängekommiſſionen zu unter⸗
2310 2096 3335 2148 werfen hat, die ihm mitteilen, ob ſein Mandat dort einen
2307 2139 3331 2194 Platz haben könne, wo alle deutſchen Mandate vereinigt
2307 2183 2586 2227 werden müßten.
2388 2237 3332 2296 Das hätte auch für Wien ſehr gut werden können.
2313 2285 3332 2340 Jeder falſche Griff, der die Deutſchen in Wien den Kron⸗
2313 2329 3337 2384 ländern entfremden würde, könnte nur den Hang zur
2312 2371 3335 2429 Eigenbrödelei vermehren, die nicht minder ſchädlich wäre
2305 2417 3333 2471 als die bedenkliche Politik, die den Nationalverband
2304 2461 3330 2517 außer Zuſammenhang mit den Stimmungen in Wien
2309 2505 3333 2562 brächte. Immer die Geſchichte von den Stäben, die ein⸗
2301 2549 3337 2606 zeln ſo leicht gebrochen werden können, während ſie im
2305 2592 3335 2647 Bündel vereinigt der ſtärkſten Gewalt widerſtehen. Die
2308 2635 3329 2693 Feinde des deutſchen Volkes haben die Wichtigkeit der
2308 2682 3331 2738 Hauptſtadt beſſer verſtanden. Als die Politik eingeleitet
2301 2725 3330 2781 wurde, welche die Deutſchen zur ewigen parlamentariſchen
2307 2769 3327 2823 Minorität herabdrückte, haben ſie ſchon in den früheſten
2310 2813 3327 2864 Anfängen damit begonnen, Wien national von den Kron⸗
2304 2856 3332 2911 ländern loszureißen. Dieſe Wunde hat am Körper der
2304 2902 3328 2955 Deutſchen geeitert, und jetzt iſt die Hoffnung erwacht, daß
2304 2945 3325 3000 ſie endlich ſich ſchließt und die Gemeinſchaft zwiſchen allen
2300 2987 3324 3044 freiſinnigen Deutſchen ſich erneuert. Die Nachrichten über
2298 3033 3323 3088 dieſes Ereignis ſind nicht bloß in Oeſterreich, ſondern auch
2304 3076 3331 3132 in Deutſchland wie eine frohe Botſchaft aufgenommen
2298 3122 3332 3177 worden. Aber der Deutſche Nationalverband ſchweigt. Es
2300 3165 3325 3220 mag bloße Taktik und Diplomatie ſein. Es gibt jedoch
2305 3210 3325 3262 Momente im Völkerleben, da das Herz über die Grübe⸗
2302 3252 3329 3305 leien ſiegen und die innere Natur des Menſchen ſich
2303 3298 3331 3350 Gehör verſchaffen muß. Auch das iſt Klugheit, und wir
2300 3343 3324 3394 möchten wünſchen, daß die Verſammlung am nächſten
2298 3385 3330 3436 Freitag, der die letzte Entſcheidung zuſteht, tue, was einſt
2301 3429 3333 3481 Franz Schmeykal getan hat. Er ſtreckte Wien beide Hände
2297 3476 2455 3517 entgegen.
239 3552 771 3596 Die heutige Nummer enthält:
235 3613 1191 3681 „Landwirtſchaftliche Zeitung“:
155 3680 1190 3749 „Neues auf dem Gebiete der Zucker⸗
155 3749 1192 3818 fabrikation.“ Vom k. k. Regierungsrat
152 3815 720 3875 A. Stift. Seite 25 bis 27.
236 3891 1188 3962 „Militäriſches Nachrichtenblatt“
151 3958 1186 4027 der „Neuen Freien Preſſe“: Aus dem
150 4030 1185 4100 Landwehr⸗Verordnungsblatt. Miszellen.
156 4096 332 4139 Seite 28.
231 4158 389 4199 Ferner:
233 4213 1184 4276 Die 64. Fortſetzung des Romans „Frühlings⸗
150 4277 1063 4335 taumel“ von Gabriele Reuter. Seite 24.
485 4381 848 4466 Feuilleton.
193 4499 1136 4555 Alfred v. Berger und ſeine „hamburgiſche
502 4549 827 4596 Dramaturgie“.
547 4606 782 4648 Von Otto Ernſt.
232 4663 1176 4715 Louis Schneider, der Vorleſer Kaiſer Wilhelms I.,
151 4708 1175 4758 ſoll einmal nachgewieſen haben, daß die Berliner
152 4751 1170 4803 Zeitungen ſeit dem Jahre 1768 alljährlich mit großer
153 4796 1174 4847 Einmütigkeit verſichert hätten, ſo weit wie gegenwärtig
150 4840 1173 4890 ſei das Theater noch nie herunter geweſen. Es mag ja
148 4884 1169 4935 wohl Dienſtboten geben, die ihre Schuldigkeit nur dann
145 4929 1170 4981 tun, wenn ſie unaufhörlich geſcholten werden (obſchon
145 4972 1177 5024 ich an die Zweckmäßigkeit dieſer Pädagogik nicht recht
149 5016 1174 5069 glaube), und in Deutſchland ſcheint man das Theater für
150 5062 1172 5111 ſolch einen Dienſtboten zu halten. Siebenmal in jeder
145 5104 1168 5159 Woche hat das Theater, ſowohl in Hinſicht des Reper⸗
1233 3553 2260 3609 toires wie der Darſtellung, einen Tiefſtand erreicht, der
1234 3600 2258 3654 nicht mehr zu unterbieten iſt. Es kann übrigens ſein,
1234 3645 2251 3697 daß dieſe Erſcheinung nicht nur in der Beurteilung des
1232 3690 2250 3742 Theaters auftritt. Ich habe die Beobachtung gemacht,
1232 3733 2253 3786 daß die Leute über einem Regentage ſieben Tage
1231 3777 2255 3829 Sonnenſchein vergeſſen und daß ſie, wenn es gar drei
1224 3820 2255 3874 Tage nacheinander regnet, auch nach einem guten Sommer
1227 3867 2250 3918 verſichern, ein ſo elender Sommer wie dieſer ſei noch
1230 3910 2252 3962 nicht dageweſen. Es gehört viel Courage dazu, ſolchen
1231 3956 2251 4009 Schimpfmoden zu widerſprechen; aber in dieſem Punkte
1231 4000 2248 4051 bin ich dreiſt. Wir haben eine Operettenpeſt und haben
1232 4045 2250 4096 Laboratorien für ihre Verbreitung, das iſt mir bewußt;
1227 4088 2252 4139 wir haben auch ſonſt eine dramatiſche Schundliteratur
1229 4133 2247 4184 und Theater genug, die ihr dienen; aber alles in allem
1228 4177 2247 4227 haben wir auch eine große Anzahl ernſthafter
1227 4221 2251 4270 Theater, die ein vortreffliches Repertoire vortrefflich
1228 4265 2244 4316 ſpielen, und im Durchſchnitt ſteht das Theater heute
1228 4308 2249 4359 mindeſtens ſo hoch, wahrſcheinlich aber erheblich höher,
1226 4354 2252 4403 als es oft geſtanden hat. Ich hege den Verdacht, daß ich
1225 4397 2252 4446 zu dieſer günſtigen Meinung gekommen bin, weil ich
1226 4442 2246 4490 einiges vom Theater verſtehe, und will gleich erklären,
1223 4487 2001 4534 was mich in dieſem Verdachte beſtärkt hat.
1298 4535 2251 4586 Vor kurzem ſagte mir ein namhafter, auch von mir
1222 4581 2251 4632 ſonſt aufrichtig hochgeſchätzter Schriftſteller: „Seitdem ich
1222 4627 2247 4676 das Theater aus eigener Beobachtung kenne, kann ich
1225 4669 2247 4719 nicht mehr darüber ſchreiben; ich habe meine beſten
1223 4714 2247 4763 Sachen über Theater geſchrieben, als ich nicht die Spur
1223 4760 2239 4808 davon verſtand.“ (Ich weiß, lieber Leſer: Oskar Wilde
1222 4804 2247 4851 pflegte dergleichen Sätze als ſehr begreiflich und wohl be⸗
1219 4847 2244 4897 gründet zu vertreten, ich weiß, ich weiß.) Der Fall jenes
1218 4891 2239 4942 Schriftſtellers aber iſt durchaus typiſch. Hundert⸗ und
1222 4936 2240 4988 aberhundertmal, wenn ich Theaterartikel geleſen habe, wie
1220 4981 2237 5030 ſie jetzt ſo reichlich von jungen Leuten, beſonders aber
1220 5024 2236 5074 von ſehr jungen Leuten, und ganz beſonders von
1220 5068 2242 5118 Studenten und Primanern, geſchrieben werden, hundert⸗
1219 5114 2243 5164 und aberhundertmal habe ich mich an den Kopf gefaßt
2295 3567 3327 3619 und mich gefragt: Warum ſchreibt denn der Jüngling
2298 3611 3322 3661 gerade übers Theater; es gibt doch ſo viel anderes, über
2301 3656 3321 3707 das man auch ſchreiben kann! Natürlich waren dieſe
2298 3699 3321 3751 Artikel immer Reform⸗ und Revolutionsartikel, und
2296 3744 3321 3794 natürlich wurde darin mächtig auf alles Beſtehende ge⸗
2300 3788 3322 3839 ſcholten. Ich denke dabei nicht einmal an die Vielen, die
2299 3833 3320 3882 den bejammernswerten Tiefſtand der Bühne durch eigene
2299 3873 3320 3928 Stücke zu beſeitigen gedachten; ich denke wirklich nur an
2298 3920 3320 3971 diejenigen, die aus ehrlichſter, lauterſter Unkenntnis
2298 3965 3318 4018 ſchimpften. Nichts gibt bekanntlich einen freudigeren Mut
2294 4008 3320 4059 zum Schimpfen als Mangel an Sachkenntnis, und über⸗
2291 4053 3324 4105 dies iſt, intereſſant zu ſchmähen, fabelhaft leicht, intereſſant
2287 4097 3321 4149 zu loben aber, grenzenlos ſchwer. Es wurde infolgedeſſen
2291 4140 3317 4191 ſehr viel von dieſer Art geſchrieben, und da die Ver⸗
2290 4182 3318 4233 faſſer nicht recht wußten, was ein Drama und
2289 4228 3317 4277 was ein Theater und was ein Schauſpieler
2290 4271 3318 4321 eigentlich iſt, ſo liefen ihre Artikel meiſtens
2295 4309 3320 4362 darauf hinaus, daß ein richtiges Drama eben kein
2292 4358 3316 4407 Drama, ein wirklicher Schauſpieler kein Schauſpieler und
2286 4400 3315 4451 ein gutes Theater ſelbſtverſtändlich kein Theater ſein dürfe.
2294 4446 3319 4493 Und da die Leute noch immer glauben, wer eine Sache
2291 4490 3314 4538 kräftig heruntermache, der müſſe viel von ihr verſtehen
2290 4534 3313 4583 ſo machte man die Verfaſſer, wenn ſie ein gewiſſes Alter
2290 4579 3316 4626 und eine hinreichende Zahl von Artikeln erreicht hatten
2289 4623 2986 4668 zu Theaterdirektoren und Intendanten.
2371 4682 3320 4733 Auf die Gefahr hin, langweilig zu werden, muß ich
2291 4727 3317 4775 heute mit Entſchiedenheit das Buch eines Mannes loben,
2291 4771 3319 4821 der nicht nur das Theater aus dem Grunde verſteht —
2289 4814 3320 4862 das Wort „verſtehen“ klingt zu ausſchließlich intellektuell —
2289 4860 3321 4905 ſondern deſſen Blut bis in den letzten Tropfen Theater⸗
2288 4901 3312 4950 blut iſt. Ich will damit nicht ſagen, daß Alfred v. Berger,
2286 4947 3314 4994 um deſſen Buch „Meine hamburgiſche Dramaturgie“ es
2288 4988 3312 5038 ſich hier handelt, nicht noch anderes könnte als Theater⸗
2289 5031 3309 5083 ſpielen; ſein Vater war Miniſter, und was ich aus
2286 5075 3307 5125 Bergers Feder zum Beiſpiel über den Fürſten Bülow
2286 5122 3310 5173 geleſen habe, war gewiß das Feinſte und Zutreffendſte,
