2746 3589
642 194 1020 232 Seite 12. Nr. 4130.
1395 190 1910 232 Illuſtrierte Kronen⸗Zeitung.
2382 194 2643 234 1. Juli 1911.
183 233 559 309 Kleine Anzeigen.
248 348 500 378 An Wochentagen:
169 375 579 408 Jedes Wort in gewöhnlicher
251 405 496 432 Schrift 8 Heller.
167 431 579 464 Jedes Wort in fetter Schrift
306 461 445 489 12 Heller.
169 539 578 588 Käufe und Verkäufe.
253 607 506 637 Gelegenheitskäufe!
164 637 584 666 Modernſte Herrſchafts⸗Toiletten
168 665 580 693 von K 20, 30 bis K 100.
174 693 582 723 Straßenkoſtüme, Rohſeiden⸗
170 721 583 751 und Leinenkoſtüme und
188 748 567 777 Lüſtermäntel, Pelzwerk.
173 776 582 804 Ball⸗, Soiree⸗, Bühnen⸗
168 803 583 834 Braut⸗, Variete⸗, Flitter⸗,
169 830 583 861 Kränzchen⸗, Tanz⸗ und Schul⸗
169 858 583 889 kleider, Plüſch⸗ und Tuch⸗
170 885 584 917 jacken, auch für junge Mäd⸗
173 913 590 942 chen, Prinzeßkleider, Mäntel,
170 942 586 972 Schöße, Bluſen, Hüte, Schuhe
167 970 585 1000 ꝛc. Rieſenauswahl. Nur einzig
172 998 585 1029 bei Frau Frieda Kretz, recte
168 1027 587 1057 Frieme, Herrſchafts⸗Kleider⸗
170 1054 584 1083 Salon, 20. Bezirk, Brigitten⸗
171 1081 589 1110 auerlände Nr. 28, Tür 18/19.
173 1110 405 1137 Telephon 14853.
505 1109 588 1136 15134
173 1147 587 1176 Wegen Aufgabe des Geſchäf⸗
170 1170 594 1204 tes verkaufe ich mein Panopti⸗
176 1200 591 1232 kum und Panorama um jeden
172 1228 589 1259 annehmbaren Preis ganz oder
170 1256 588 1284 teilweiſe alles im guten Zu⸗
171 1284 588 1315 ſtande. Bude 15 Meter lang,
167 1310 587 1341 5 Meter tief, ganz neu Feil
175 1337 591 1368 Photograph, Lemberg, Spital⸗
177 1369 297 1394 gaſſe 3.
505 1367 589 1392 15205
205 1404 592 1432 Sichere Exiſtenz durch An⸗
176 1431 592 1461 kauf einer elektriſchen Wäſche⸗
182 1458 589 1488 rolle, täglich leicht K 10 zu
178 1486 591 1514 verdienen, auch werden zwei
175 1512 590 1542 Filialen mit elektriſchen Rollen
180 1541 591 1570 verpachtet. Gefäll. Anfragen
179 1568 599 1598 unter „Sichere Exiſtenz Num⸗
180 1596 590 1624 mer 15179“ poſtlagernd Weſt⸗
179 1625 492 1652 bahnhof, gegen Schein.
505 1625 591 1652 15179
202 1657 564 1687 Wegen Ueberfüllung des
176 1687 592 1717 Lagers von hohen Herrſchaf⸗
178 1715 594 1745 ten abgelegte, letztmoderne
176 1743 596 1771 Straßenkoſtüme, Prinzeß⸗
173 1771 592 1800 kleider in Stoff, Seide, Lei⸗
179 1798 592 1826 nen, Spitzenbluſen, Lüſter⸗
179 1826 602 1853 mäntel und Schöße, Seiden⸗
176 1854 591 1884 Unterröcke zu halben Preiſen.
175 1882 593 1911 Frau Nuß, 8. Bez., Lerchen⸗
179 1910 597 1938 feldergürtel Nr. 62. Eingang
178 1937 576 1969 Sanettygaſſe 4, Hochpart. 8.
517 1964 597 1994 15264
188 2001 601 2030 Zwei ſcharfe Hofhunde, gute
185 2029 596 2058 Wächter, werden geſucht.
184 2057 598 2085 Offerte unter „Hofhunde
186 2084 601 2113 Nr. 5830“ an das Ankündi⸗
189 2114 373 2144 gungsbureau.
530 2112 600 2138 5830
178 2151 604 2214 Alte falſche Zähne
185 2219 603 2247 kauft von Privaten, allen
183 2245 606 2276 Juwelieren und Zwiſchen⸗
186 2274 600 2302 händlern Spezialiſt von 3—5
187 2303 600 2330 Uhr. 1. Bez. , Tiefer Graben
186 2331 505 2359 Nr. 9. Mezz., Tür 9.
519 2331 600 2358 14823
318 2412 463 2445 Möbel.
184 2470 600 2525 Möbel auf Raten
278 2529 515 2565 Th. Socholler,
192 2566 597 2604 Wien, VII/2, Stiftgaſſe
280 2605 497 2638 Nr. 15—17.
219 2649 605 2676 Möbel für Bar und auf
189 2674 602 2702 Raten garantiert. 2. Bezirk,
187 2702 422 2730 Taborſtraße 58.
520 2703 603 2729 14947
185 2742 602 2803 Möbel auf Raten
196 2803 597 2846 6. Bezirk, Gumpendorfer
319 2842 487 2875 ſtraße 30.
524 2841 603 2871 3032
189 2884 605 2948 Möbel auf Raten
191 2953 603 2982 ohne Preiserhöhung. Eugen
193 2980 601 3009 Cohn, 16. Bezirk, Ottakrin⸗
197 3007 404 3033 gerſtraße 104.
259 3041 543 3099 Möbel
197 3105 602 3134 auf Raten, 10. Bez., Laxen⸗
196 3134 427 3162 burgerſtraße 27.
537 3134 604 3161 3914
218 3174 607 3201 Prachtv. polit, Einrichtung,
191 3198 606 3229 altd. Schlafzimmer 260 K,
190 3226 606 3258 Speiſezimmer 300 K, zwei
188 3255 608 3286 Walzenbetten 46 K, zwei
188 3281 605 3316 Doppelkäſten 76 K, Madonna
189 3309 607 3343 12 K, Schreibtiſch 24 K,
189 3337 608 3370 Lederdiwan 30 K, Dek.⸗
188 3365 607 3399 Diwan 50 K, kompl. Küche.
189 3393 608 3425 8. Bez., Lerchenfelderſtr. 44,
194 3423 509 3455 2. Stiege, Part. 21.
528 3422 610 3451 15281
612 261 1636 303 gebracht hatte. Die Angeklagte ſoll das Schulmädchen dadurch
610 298 1630 338 beleidigt haben, daß ſie dieſem zurief: „Wirſt denn nicht das
613 334 1636 375 Maul halten, Fratz grauslicher!“ Die Angeklagte,
613 369 1635 410 welche ſechzehn Jahre Wirtſchafterin im Hauſe des penſionier⸗
614 405 1636 445 ten Oberlandesgerichtsrates Dr. Viktor Ritter v. Grohmann
615 441 1629 482 iſt, gab zu, der Klägerin dieſe Worte zugerufen zu haben,
614 480 1631 517 jedoch nicht in der Abſicht, das Mädchen zu beleidigen, ſondern
615 513 1628 551 um es wegen ſeiner Ungezogenheit zurechtzuweiſen. Das Mäd⸗
616 548 1629 587 chen, erklärte die Angeklagte, habe ſie wiederholt verhöhnt,
616 584 1630 623 indem es von dem Fenſter ihres Kinderzimmers ihr eine lange
616 620 1449 659 Naſe machte, die Zunge herausſtreckte u. dgl. mehr.
704 655 1630 695 Ein von dem Bezirksrichter Dr. Bilek vorgeſchlagener
616 692 1638 731 Ausgleich ſcheiterte an der Weigerung der Angeklagten, das
616 727 1631 765 beleidigte Kind ausdrücklich um Entſchuldigung zu bitten. Der
615 761 1636 802 Richter ließ den von der Angeklagten angebotenen Wahrheits⸗
617 797 1635 837 beweis, daß die Klägerin ſich wiederholt ungezogen benommen
618 832 1631 874 habe, zu, da die Bezeichnung „Fratz“ im Wieneriſchen für ein
620 871 1276 907 ungezogenes Kind gebräuchlich ſei.
707 904 1631 944 Mehrere weibliche Bedienſtete im Hauſe, in dem die
619 939 1633 979 Eltern der Klägerin wohnen, beſtätigten als Zeuginnen,
619 974 1633 1016 daß die Beleidigte tatſächlich dritten Perſonen eine lange Naſe
620 1011 1640 1052 machte, die Zunge herausſtreckte und andere Ungezogenheiten
620 1053 727 1087 beging.
705 1082 1632 1121 Der Dienſtgeber der Angeklagten, OLGR. Grohmann
620 1118 1633 1158 gab, als Zeuge vernommen, an, daß die Klägerin im Hauſe
619 1152 1633 1192 Anlaß zu vielen Beſchwerden gab, und daß er ſchon daran
621 1190 1633 1228 dachte, bei der Polizei Abhilfe zu ſuchen. Es iſt, bemerkte
622 1224 1633 1265 der Zeuge, nur bedauerlich, daß Ihre koſtbare Zeit, Herr
620 1261 1634 1300 Richter, mit einer ſolchen Sache ſo lange in Anſpruch ge⸗
621 1301 855 1335 nommen wird.
706 1331 1639 1369 Ein nochmaliger, vom Richter unternommener Verſuch,
621 1366 1634 1408 die Angelegenheit gütlich beizulegen, ſcheiterte, da der Vater
622 1403 1633 1443 des beleidigten Kindes darauf beſtand, daß die Angeklagte um
623 1443 1052 1478 Entſchuldigung bitten ſolle.
717 1474 1636 1513 Der Richter ſprach die Angeklagte frei. In der Be⸗
625 1509 1636 1552 gründung des Urteils betonte der Richter, daß ein Kind, das
623 1546 1636 1584 bereits in die Schule gehe und von ſittlichen Begriffen bereits
625 1581 1637 1620 Kenntnis habe, den gerichtlichen Ehrenſchutz genieße, daß aber
622 1617 1637 1657 Erwachſenen gegen Beläſtigungen von Kindern, die ſtrafrecht⸗
621 1652 1637 1693 lich nicht belangt werden können, eine entſprechende Abwehr
624 1687 1637 1728 geſtattet ſein müſſe. Die Bezeichnung als „Fratz“ ſei in dieſem
623 1723 1643 1764 Falle als eine Zurechtweiſung gegenüber dem Benehmen des
624 1758 1644 1801 beleidigten Kindes anzuſehen und zwar als eine be⸗
623 1801 845 1836 rechtigte.
718 1865 1647 1903 (Ein Opfer der Spielkarten.) Der 23jährige Kontoriſt
624 1900 1647 1942 Albert Kiefer war im vorigen Jahre bei der Firma Metaxin⸗
625 1935 1647 1977 fabrik G. m. b. H. im 4. Bezirk angeſtellt. Im April dieſes
624 1970 1645 2012 Jahres ſtellte ſich heraus, daß Kiefer ſeit faſt einem Jahre
626 2005 1641 2047 Beträge in der Höhe von 2540 K unterſchlagen und die
629 2042 1641 2083 Malverſationen durch Fälſchungen in den Büchern verdeckt hatte.
631 2079 1642 2119 Geſtern hatte ſich Kiefer vor dem Schwurgericht unter
625 2111 1644 2155 Vorſitz des OLGR. Dr. Kurzweil wegen Veruntreuung
627 2149 1643 2193 zu verantworten. Der Angeklagte iſt vollkommen geſtändig. Er
627 2186 1642 2225 habe mit ſeinem Gehalt von 180 K monatlich das Auslangen
629 2221 1643 2261 gefunden, bis er in einem Kaffeehaus auf der Ringſtraße
627 2257 1642 2298 eine Geſellſchaft kennen lernte, die ihn zum Kartenſpiel
629 2293 1644 2333 animierte. Er verlor größere Summen, und um die Verluſte
625 2328 1643 2371 hereinzubringen, habe er ſich durch die Unterſchlagungen Geld
624 2361 1647 2408 verſchafft. Er hoffte immer auf einen großen Gewinn, um
628 2400 1642 2443 den Schaden decken zu können. Die Geſchwornen (Obmann:
627 2435 1644 2479 Herr Gottlieb Voith) bejahten die Schuldfrage einſtimmig,
630 2471 1647 2513 neun Stimmen unter Annahme einer Schadensziffer von über
627 2506 1645 2546 200 K, jedoch unter 2000 K. Auf Grund dieſes Verdikts ver⸗
632 2542 1654 2583 urteilte der Gerichtshof den Angeklagten Albert Kiefer zu
632 2579 1368 2618 vier Monaten ſchweren Kerkers.
725 2621 1648 2661 (Die Wette mit den beiden Griechen.) Eine eigenartige
634 2657 1645 2697 Wette bildete geſtern beim Strafbezirksgericht Joſefſtadt den
633 2692 1646 2734 Ausgangspunkt einer Ehrenbeleidigungsklage, welche zwei
632 2725 1649 2769 Griechen, John Papakides und John Ekonomides
631 2763 1645 2807 gegen den Verkäufer Eugen Heinrich Ornſtein erhoben
634 2799 1653 2840 haben. Am 6. d. erſchienen die Kläger im Optikergeſchäfte des
629 2833 1655 2879 Hugo Wolf in der Rotenturmſtraße und verlangten vom Ver⸗
631 2870 1654 2913 käufer, dem heutigen Angeklagten, ein Zeiß⸗Fernrohr mit
631 2906 1647 2950 9 ½ facher Vergrößerung zum Kaufe. Der Verkäufer erklärte,
634 2942 1648 2983 daß es ein derartiges Zeiß⸗Fernrohr überhaupt nicht gebe.
633 2977 1649 3021 Herr Ekonomides beſtritt dies mit dem Bemerken, daß ſein
635 3013 1648 3054 Begleiter ſelbſt ein derartiges Fernrohr habe. Herr Ornſtein
634 3049 1648 3091 erwiderte, er wette um 10.000 K, daß ein Fernrohr mit
629 3084 1650 3126 ſolcher Vergrößerung von der Firma Zeiß überhaupt nicht her⸗
635 3120 1656 3160 geſtellt werde. Schließlich wetteten die Griechen mit dem Ver⸗
636 3155 1650 3196 käufer um 1000 K und tauſchten über die Wette ſchriftliche
633 3191 1650 3234 Erklärungen mit ihm aus. Herr Papakides entfernte ſich, um
636 3226 1650 3270 das ſtrittige Fernrohr zu bringen und legte, als er zurück⸗
639 3262 1654 3303 kehrte, 1000 K auf den Tiſch, wobei er vom Verkäufer 1000 K
636 3298 1651 3338 verlangte, da dieſer die Wette verloren habe. Es kam zwiſchen
643 3333 1652 3373 dem Griechen und dem Verkäufer zu einer heftigen Aus⸗
641 3369 1653 3411 einanderſetzung, die zu einer Klage der beiden Griechen gegen
639 3405 1657 3448 Ornſtein führte. Nach Inhalt der Klage ſoll Ornſtein die Be⸗
1671 262 2686 302 hauptung der Griechen, daß ſie ein Zeiß⸗Fernrohr mit 9 ½ facher
1669 301 2687 337 Vergrößerung haben, als Lüge bezeichnet, ferner dieſelben unter
1671 334 2685 375 dem Zuruf: „Schauen Sie, daß Sie hinauskommen!“ aus dem
1670 374 2695 410 Lokale hinausgedrängt haben. Der Richter verurteilte den An⸗
1670 407 2686 446 geklagten bezüglich eines Teiles der von Ekonomides erhobenen
1672 444 2686 483 Anklage zu einer Geldſtrafe von 20 K, ſprach ihn dagegen
1671 481 2685 519 von der durch Herrn Papakides erhobenen Anklage mangels
1671 517 2201 555 eines Tatbeſtandes gänzlich frei.
1904 591 2451 678 Volkswirtſchaft.
1763 682 2688 723 (Allgemeine Penſionsanſtalt für Angeſtellte.) Am letzten
1672 719 2687 758 Mittwoch fand unter dem Vorſitz des Präſidenten Geheimen
1671 752 2687 794 Rates Leopold Grafen Auersperg die dritte ordentliche
1673 788 2687 828 Generalverſammlung ſtatt. Aus dem Rechenſchaftsbericht geht
1671 825 2691 866 unter anderem hervor, daß ſich die Allgemeine Penſionsanſtalt
1673 861 2691 902 auch im abgelaufenen Jahre befriedigend weiter entwickelt
1669 897 2687 937 hat; an Prämien wurden 21,271.250 K vorgeſchrieben,
1668 933 2687 972 an Prämienreſerveanteilen für den Einkauf von Dienſtjahren
1674 968 2693 1009 wurden infolge Uebertrittes aus einem Erſatzinſtitut
1673 1005 2689 1044 245.570 K 6 h eingezahlt. Die Auszahlungen für Invaliden⸗
1673 1038 2689 1080 und Witwenpenſionen, für Erziehungsbeiträge und Abferti⸗
1673 1076 2686 1117 gungen beliefen ſich auf 364.936 K 18 h, jene für Prämien⸗
1674 1113 2687 1151 und Reſerverückerſtattungen auf 289.775 K 30 h; im ganzen
1675 1146 2688 1187 wurden während der zwei Jahren des Beſtandes der Anſtalt
1674 1182 2688 1221 den Verſicherten 901.355 K 60 h ausbezahlt. Die Verwaltungs⸗
1675 1218 2687 1259 koſten beliefen ſich auf 1,093.729 K 9 h oder 5.14 Prozent
1675 1254 2688 1294 der vorgeſchriebenen Prämien. Das Berichtsjahr ſchloß mit
1676 1289 2688 1329 einem Ueberſchuß von 239.730 K 86 h. Ende 1910 belief ſich
1676 1325 2693 1365 die Geſamtzahl der bei der Anſtalt Verſicherten auf 92.465
1674 1360 2689 1403 Perſonen; es hat ſich ſomit der Verſicherungsſtand um 5117
1675 1403 1937 1437 Perſonen erhöht.
1771 1431 2695 1472 (Konkurſe.) Vom Landesgericht Wien wurde der Kon⸗
1676 1466 2693 1508 kurs eröffnet über Israel Herſch Marbach, Gemiſchtwaren⸗
1676 1502 2688 1544 verſchleißer, 9. Bez., Spitalgaſſe 27, wohnhaft 9. Bez., Tendler⸗
1677 1538 2697 1581 gaſſe 4; ferner über Frau Irene Kraus, Pfaidlerin, 6. Be⸗
1678 1578 2008 1617 zirk, Brückengaſſe 4.
2057 1648 2312 1689 Wiener Börſe.
1749 1694 2694 1729 Unter dem Eindruck der Feſtigkeit der Staatsbahnaktien verkehrte
1676 1721 2693 1759 die Vorbörſe anfangs auch auf den übrigen Marktgebieten in feſter
1678 1751 2688 1787 Tendenz. Befürchtungen hinſichtlich der weiteren Entwicklung der Lage
1678 1778 2690 1815 in Albanien bewirkten im weiteren Verlauf des Verkehrs eine ſtärkere
1679 1806 2690 1844 Abſchwächung der Kurſe auf den meiſten Marktgebieten der Kuliſſe.
1679 1833 2693 1871 Trotz der feſteren Tendenz der Auslandsbörſen verkehrte die Mittags⸗
1679 1861 2690 1899 börſe in luſtloſer und ſchwacher Haltung, da auch mittags die Mel⸗
1676 1889 2690 1927 dungen über Albanien ungünſtig nachwirkten, zumal das unbeſtätigte
1680 1917 2691 1953 Gerücht verbreitet wurde, wonach die Monarchie wegen
1679 1944 2691 1982 Albanien eine Flottendemonſtration in den türkiſchen
1681 1971 2696 2012 Gewäſſern beabſichtige. Kreditaktien fielen im Laufe des Verkehres um
1681 2001 2694 2039 2 ½ Kronen. Die Rentenkurſe blieben vorwiegend unverändert; nur
1679 2028 2695 2066 ungariſche Goldrente fiel um 15 Heller, während alte ungariſche Kronen⸗
1676 2062 2178 2095 rente um 10 Heller höher notierte.
1749 2083 2694 2121 Nach Schluß der Börſe blieben: Kredit 657.50, Ungar. Kredit 832,
1679 2111 2692 2151 Anglobank 324.50, Bankverein 348.25, Länderbank 533, Unionbank 627,
1681 2139 2698 2180 Türkenloſe 249, Staatsbahn 759.50, Lombarden 124, Alpine Montan
1681 2168 2697 2207 812, Rima⸗Muranyer 678, Tabak 329, Mairente 92.20, ungar. Kronen⸗
1679 2194 2604 2235 rente 91.15, ungar. Goldrente 111.40, Mark 117.55, Skoda 652.
1760 2250 2698 2288 Täglicher Fleiſchmarkt. Die Zufuhr belief ſich auf: 59.900 Kilo⸗
1683 2278 2694 2317 gramm Rindfleiſch, 6906 Kilogramm Kalbfleiſch, 43.248 Kilogramm
1682 2303 2696 2346 Schweinefleiſch, 1319 Kälber, 38 Schafe und 523 Schweine. Man zahlte:
1679 2334 2693 2374 Rindfleiſch vorderes 112 bis 192, hinteres 136 bis 208, engliſches 160
1678 2359 2697 2403 bis 250, Kalbfleiſch 100 bis 200, Schweinefleiſch 140 bis 210, Kälber
1682 2389 2693 2430 108 bis 120, Schafe 118 bis 136, Schweine 140 bis 180 Heller per
1680 2430 1847 2458 Kilogramm.
1758 2442 2700 2482 Pferdemarkt. Zum Markte wurden 431 Pferde, darunter 140
1679 2470 2697 2512 Schlächter⸗ und 291 Gebrauchspferde gebracht. Bei lebhaftem Verkehre
1680 2500 2695 2539 zahlte man Zugpferde leichte K 140 bis 500, ſchwere K 400 bis 1102,
1679 2526 2696 2567 Kutſchpferde K 500 bis 1000 und Pferde für Schlachtzwecke K 50 bis 170.
1759 2551 2702 2592 Heu und Stroh. (Rudolfsheim.) Zufuhr: 222 Wagen Klee
1684 2581 2695 2623 und Heu, 18 Wagen Stroh, 19 Wagen Erdäpfel, 111 Wagen Gemüſe,
1682 2610 2695 2653 39 Wagen Obſt und 4 Wagen Holz. Man zahlte: Klee K 4.— bis 6.60,
1683 2636 2696 2677 Heu K 3.— bis 6.— , Grummet K 4.40 per Meterzentner, Stroh,
1680 2665 2703 2707 Schaubſtroh K 5.80 bis 6.60 per Meterzentner und K 20.— bis 28.—
1681 2693 2695 2736 per Schober, Rüttſtroh K 4.60 per 100 Kilogramm, Erdäpfel, hieſige,
1679 2722 2701 2763 gelbe und rote K 12.— bis 16.—, Kipfler K. 20—, ungariſche, gelbe
1679 2749 2653 2791 und rote K 10.—, italieniſche K 13.— bis 17.— per Meterzentner.
1764 2776 2697 2815 Eier. Preiſe infolge verminderter Zufuhr weſentlich feſter Man
1678 2803 2699 2847 zahlte. Prima Faßeier 32 ½ Stück, Sekunda 33 Stück für 2 Kronen.
1682 2835 2400 2873 Kiſteneier K 83.— bis 87.— , Speſen inbegriffen.
1753 2856 2698 2900 Börſe für landwirtſchaftliche Produkte. Vom Ausland lagen wohl
1681 2887 2698 2930 feſtere Bedingungen vor, doch hat ſich das Wetter gebeſſert, und da über⸗
1680 2915 2696 2956 dies die Offerte ausländiſcher Ware andauern, blieb hier die Tendenz
1683 2944 2699 2984 matt, wobei Weizen, Mais und Cinquantin um je 10 Heller, Roggen
1684 2977 2138 3013 um 5 Heller verwohlfeilt haben.
1758 2994 2703 3037 Notiert wurden per 50 Kilogramm ab Wien: Weizen, Theiß
1685 3021 2700 3067 K 13.55 bis 14.— , Banater K 13.05 bis 13.55, Weißenburger K 13.10
1685 3054 2698 3095 bis 13.55, Wieſelburger und Raaber K 13.05 bis 13.45, ſlowakiſcher
1686 3081 2704 3123 und Schüttler K 12.45 bis 13.05, Südbahn K 12.95 bis 13.35, nieder⸗
1686 3108 2707 3150 öſterreichiſcher K 12.45 bis 12.85. Korn, ſlowakiſches K 9.65 bis
1685 3136 2700 3179 9.90, Schüttler K 9.65 bis 9.90, Peſter Boden K 9.70 bis 9.90,
1683 3165 2700 3206 Südbahn K 9.60 bis 9.80, diverſes ungariſches K 9.55 bis 9.80,
1680 3191 2705 3234 öſterreichiſches K 9.55 bis 9.85. Gerſte, ab Stationen, Brenn⸗ und
1685 3220 2706 3261 Schälgerſte K 9.30 bis 9.70, Futtergerſte K 8.— bis 9.— . Mais,
1685 3247 2706 3290 ungariſcher K 7.35 bis 7.70. Cinquantin K 8.75 bis 9.15.
1684 3275 2707 3315 Hafer, Ausſtich K 10.50 bis 10.80, Prima K 10.15 bis 10.45, mittel
1686 3307 2408 3344 K 9.85 bis 10.10, rumäniſcher K 9.60 bis 10.15.
1765 3332 2702 3372 Spiritus. Prompte Kontingentware blieb geſchäftslos unverändert
1684 3370 2013 3406 zu K 50.— bis 50.50.
