3346 5257
148 74 282 119 Seite 6
896 80 1175 130 Wien, Samstag
1459 88 2039 141 Neue Freie Presse.
2271 97 2508 141 5. Juli 1873
3069 106 3243 149 Nr. 3184
108 150 1140 201 120 fl. Amtspauſchale. Dieſe Bezüge wurden ſofort auf Grund
105 191 1141 240 der reellen Brief⸗ und Fahrpoſt⸗Einnahmen des Jahres 1872
104 229 1138 278 vom 1. Juli 1873 ab flüſſig gemacht. Nach Ablauf von je drei
105 266 1139 314 Jahren (das iſt alſo zunächſt mit 1. Juli 1876) wird auf Grund
106 306 1139 353 des Erträgniſſes des letztverfloſſenen Jahres oder aber des Durch⸗
106 346 1138 396 ſchnitts⸗Erträgniſſes der letztverfloſſenen drei Solarjahre, wenn
102 384 1138 435 dieſes höher ſein ſollte, eine neuerliche Regulirung der Bezüge
102 424 1139 469 vorgenommen. Die Beſtallungen, Amtspauſchalien, Perſonal⸗
100 461 1140 509 Zulagen wurden eingeſtellt, die Briefträger⸗ und Packbeihilfen blie⸗
101 501 663 546 ben in der Organiſation unberührt.
176 545 1136 596 [Bierconſum.] Im Jahre 1872 wurden innerhalb der
97 586 1135 633 Linien Wiens 78.535,900 Maß Bier conſumirt. Es entfällt dem⸗
100 624 1135 676 nach per Tag auf jeden Kopf der männlichen Bevölkerung vom
101 663 1134 712 16. Lebensjahre aufwärts nahezu eine Maß Bier oder auf jeden
100 700 1134 753 Bewohner Wiens (Frauen und Kinder mitgerechnet) 122 Maß
98 740 1133 789 im Jahre, das iſt 1 ⅛ Seitel per Tag. Im Jahre 1871 war der
99 778 1133 827 Bierverbrauch in Wien um 6.364,200 Maß geringer und es ent⸗
98 818 1131 870 fielen auf die Männer über 15 Jahre per Kopf und Tag blos
98 857 1133 908 circa 3 ½ Seitel. In Buda⸗Peſt entfiel im Jahre 1872 auf je
98 895 696 941 einen Bewohner nur ein Eimer Bier.
177 941 1136 992 [Eine Grubenfahrt.] In das Programm für die
97 981 1133 1032 Reiſe des Kronprinzen durch Steiermark war auch die Beſichti⸗
97 1020 1129 1071 gung der großartigen Steinkohlenlager an der Köflacher Bahn
97 1058 1132 1111 aufgenommen. Dieſelbe fand Mittwoch den 2. d. M. von Graz
96 1098 1131 1145 aus ſtatt. Die „Tagespoſt“ enthält darüber einen Bericht, dem
98 1136 1132 1186 wir Nachſtehendes entnehmen: Mittwoch um halb 8 Uhr fuhr
95 1176 1132 1225 vom Grazer Südbahnhofe mit feſtlich geſchmückter Locomotive
96 1214 1131 1266 der Hof⸗Separatzug unter den Hochrufen einer zahlreichen Zu⸗
98 1254 1130 1302 ſchauermenge ab. Alle Stationen waren feſtlich geſchmückt und
97 1292 1129 1342 zahlreiche Menſchenſchaaren waren herbeigeſtrömt, um den Prinzen
93 1332 1128 1372 zu begrüßen. In Köflach angelangt, fuhr der Kronprinz im be⸗
94 1369 1127 1421 reitgehaltenen Wagen über den Pichlinger Hügel zum großen
91 1408 1128 1458 Tagbau der Lankowitzer Kohlen⸗Compagnie, der mit dem Köflacher
92 1446 1127 1495 Bahnhofe durch den Revierſtollen in directer Verbindung ſteht,
92 1486 1127 1535 beſichtigte mit Intereſſe das durch den Tagbau bloßgelegte 8 bis
91 1523 1128 1573 10 Klafter mächtige Kohlenflötz und die Art der Kohlengewin⸗
91 1564 1127 1612 nung, und wohnte dem Abbrennen zweier Minen bei. Von der
91 1602 1125 1652 Pichlinger Höhe aus bewunderte der Kronprinz das ſich
80 1642 1124 1690 prächtig gruppirende Landſchaftsbild mit den zahlreichen
83 1680 1130 1727 induſtriellen Etabliſſements. Auf der Rückfahrt waren bei
83 1720 1124 1767 den unmittelbar an der Bahn liegenden Bergbauen, ſo
90 1757 1123 1807 namentlich auf dem Verladeplatze der Graz⸗Köflacher Bahn im
90 1796 1122 1844 Roſenthale, die Bergknappen in voller Uniform aufgeſtellt. So
91 1836 1122 1883 gelangte der Zug nach Oberdorf und von hier auf der Kainach⸗
91 1876 1124 1919 thaler Flügelbahn bis zu dem Tagbaue der Kainachthaler Koh⸗
87 1912 1122 1954 lenbergbau⸗Geſellſchaft, in welchem die Eiſenbahn mit drei Li⸗
91 1951 1120 2001 nien das ganze 12 bis 14 Klafter mächtige Flötz unterfährt. Von
88 1988 1120 2039 der Bahnſtrecke begaben ſich der Kronprinz und Gefolge zu dem
91 2027 1119 2076 Michaeli⸗Stollen, welcher, in die Kohle eingebaut, das Flötz vom
88 2066 1119 2115 Liegenden aus verquert und bei der coloſſalen Mächtigkeit des
91 2106 1123 2151 Flötzes und dem geringen Einfallen trotz einer Länge von 220
89 2146 1119 2188 Klaftern noch nicht das Hangende erreicht hat. Am Stollenmund⸗
89 2184 1118 2232 loche wurde der kaiſerliche Prinz von mehrhundertſtimmigem
87 2224 1113 2268 „Glückauf!“ der mit Grubenlichtern verſehenen, im Stollen auf⸗
85 2260 1118 2308 geſtellten Arbeiter begrüßt und von dem Director Schuſter in die
86 2300 1116 2350 Grube geführt. Mit geſpanntem Intereſſe durchfuhr der Prinz
85 2339 1120 2386 die ausgedehnten Grubenräume, welche für eine großartige Koh⸗
85 2376 1118 2425 lengewinnung vorgerichtet ſind; mit Ueberraſchung betrachtete der⸗
85 2416 1116 2463 ſelbe die impoſante Höhe der nur im Kohlenflötz getriebenen dom⸗
87 2455 1115 2502 artigen Strecken, die durch Lampen und Fackeln bis an die Firſte
85 2494 1116 2540 beleuchtet waren und den ungeheuren Kohlenreichthum dieſer
83 2532 1116 2576 Grube zeigten, welche mit ihren 39 Grubenmaßen für ein jähr⸗
84 2570 1116 2615 liches Förderquantum von 3 Millionen Centnern auf 160 Jahre
86 2609 1116 2654 gedeckt iſt. Nach dreiviertelſtündiger Grubenfahrt gelangte man
84 2647 1115 2694 durch den Aloiſi⸗Oberbau wieder zu Tage; mit dreimaligem laut
85 2687 1114 2727 hallenden „Glückauf!“ der hinten nachfahrenden Grubenmann⸗
87 2724 1114 2773 ſchaft wurden dem Wunſche Worte gegeben, daß der Prinz jede
84 2763 1113 2812 Fahrt ſeine Lebens ſo glücklich vollenden möge, wie dieſe ſeine
84 2802 1115 2850 erſte Grubenfahrt, worauf derſelbe mit freundlichem „Glück⸗
79 2840 282 2877 auf!“ dankte.
156 2887 1112 2936 [Erzbiſchof Schaguna.] Dem Peſter Lloyd ſchreibt
79 2929 1110 2974 man aus Hermannſtadt, 29. Juni: Erzbiſchof Schaguna ſtarb
67 2968 1110 3009 in ſeinem 66 Lebensjahre. Bei der heute vorgenommenen Ob⸗
78 3006 1108 3049 duction wurde conſtatirt, daß der Tod zumeiſt durch einen Stein⸗
78 3044 1108 3087 anſatz an den Scheidewänden der zwei Herzkammern und durch
80 3080 1111 3127 die in Folge deſſen entwickelte Waſſerſucht verurſacht wurde.
79 3122 1110 3166 Erzbiſchof Schaguna hat, obgleich im Sinne der Canones berech⸗
80 3161 1111 3201 tigt, über die Hälfte ſeines Vermögens zu Gunſten ſeiner Anver⸗
77 3198 1109 3241 wandten zu verfügen, ſein ganzes Vermögen, darunter auch den
79 3235 1112 3278 bei den Aſſicurazioni Generali in Trieſt auf den Todesfall ver⸗
79 3276 1109 3323 ſicherten Betrag von 100,000 fl., zu Kirchen⸗ und Schulzwecken
76 3314 1110 3361 beſtimmt. Die irdiſche Hülle des Metropoliten wird gemäß ſeiner
75 3353 1109 3399 letztwilligen Anordnung in der Kirche zu Reſinari (eine Stunde
74 3391 1108 3438 von hier) beigeſetzt werden. Auf Grund der Kirchenſatzungen muß
74 3431 1110 3476 der Congreß zur Wahl des Nachfolgers des verſtorbenen Erz⸗
72 3469 1109 3515 biſchofs ſpäteſtens binnen ſechs Wochen ausgeſchrieben und die
73 3508 1106 3554 Wahl ſelbſt längſtens innerhalb drei Monaten vollzogen werden.
145 3552 1113 3601 [Eine Brandſcene.] Merkwürdiges aus dem Magyaren⸗
73 3593 1107 3640 reich weiß der „Weſtungariſche Grenzbote“ zu erzählen. In einem
73 3633 1110 3677 offenen Briefe an den Obergeſpan des Preßburger Comitats er⸗
72 3669 1106 3716 zählt die Redaction des genannten Blattes der Comitatsbehörde
68 3710 1107 3756 folgende Geſchichte, die ſich in ihrem Amtsbereiche zugetragen:
73 3747 1107 3795 Im Dorfe Bur⸗Szent⸗Peter bricht am 27. Juni, Abends 10 Uhr,
72 3787 1107 3834 ein Feuer aus. Nur ein Haus brennt. Es iſt das Haus des
75 3826 1108 3867 „Judenwirthes“ Jacob Reich. Der „Jude“ ſtand bereits wieder⸗
69 3864 1110 3911 holt in Gefahr, ſein Haus zu verlieren. Schon zweimal entdeckte
73 3901 1106 3951 er verbrecheriſche Vorbereitungsmaßregeln, um das Haus in Brand
68 3942 1105 3990 zu ſtecken. Reich bat den „Richter“, die Ortswache zu verſtärken.
66 3982 1113 4025 Achſelzucken war die Antwort. Da kam jener Abend. Das Dach
70 4020 1106 4066 loderte plötzlich in hellen Flammen auf, eben zu einer Zeit, als
67 4058 1111 4101 der Wirth, ſeine Frau und die Kinder ſchliefen. Furchtbar er⸗
64 4097 1107 4141 ſchreckt eilen die Familienglieder zum brennenden Hauſe hinaus;
69 4136 1106 4182 kaum ſind ſie im Freien, ſo entdecken ſie, daß ein Kind vergeſſen
70 4174 1109 4220 wurde. Der Vater will zurück, das Kind zu retten, doch er kann
57 4213 1107 4254 nicht. Die Bauern haben ſchon das Gebäude umſtellt und Nie⸗
54 4249 1109 4295 mand darf retten, helfen, auch der Vater nicht. Mit Hohngelächter
66 4291 1105 4334 wird er zurückgewieſen, und um keine Angſt dem Unglücklichen zu
65 4328 1105 4374 erſparen, wirft man noch Brände in das Zimmer. Zum Glücke
65 4368 1105 4413 war es nicht gedielt, die Erde fing nicht Feuer. Was der alte
65 4406 1105 4452 Vater nicht vermochte, verſucht ein junger Glaubensgenoſſe. Er
65 4445 1104 4491 durchbricht die Bauernkette, aber bald haben ihn kräftige Hände
65 4484 1107 4530 ergriffen und drohen, ihn ins Feuer zu werfen, weil er helfen
56 4523 1105 4567 will! Doch Andere waren noch etwas einſichtig und trugen ihn
62 4558 1108 4606 von der Unglücksſtätte unter Spottgeſchrei weg. Das gnädige Ge⸗
65 4599 1104 4645 ſchick waltete über dem Kinde; es wurde trotz der Ruchloſigkeit
63 4636 1102 4684 der Bevölkerung gerettet, denn die Flammen drangen nicht in das
63 4676 1103 4722 Innere des Hauſes. Und der Ortsrichter? Die Sicherheitsbehörde?
63 4716 1102 4760 Der Herr ſchaute, gaffte — lächelte!“ So der Bericht. Wenn er
61 4755 1102 4797 nur zu einer Hälfte Wahrheit enthält, ſo iſt er geeignet, die un⸗
64 4793 1022 4838 gariſche Regierung zur ſtrengſten Unterſuchung aufzufordern.
135 4836 1101 4883 [Guldenhetze.] Die Chicane gegen den öſterreichiſchen
62 4877 1098 4921 Gulden in Deutſchland nimmt immer ausgedehntere Dimenſionen
53 4917 1100 4959 an. Die Voſſ. Ztg. in Berlin macht bekannt, daß ſie von jetzt
59 4955 1099 4997 ab die öſterreichiſchen Gulden⸗ und Zweiguldenſtücke nicht mehr
59 4993 1103 5035 in Zahlung annimmt; die Theaterkaſſen rechnen den Gulden nur
57 5035 1099 5083 zu 19 Silbergroſchen an, kurz, der arme Gulden wird geſchunden
1182 163 2211 215 und verfolgt, bis er die deutſchen Grenzen verlaſſen hat. Den
1182 205 2211 254 empfindlichſten Schaden erleiden bei dieſer Razzia Perſonen der
1182 244 2211 288 mittleren und ärmeren Claſſe. So will die Berliner Bürger⸗Zei⸗
1182 283 2211 330 tung wiſſen, daß eine dortige Actien⸗Geſellſchaft für Holzwaaren⸗
1181 320 2213 365 Fabrication am letzten Samſtag von einer Bankfirma in der Jä⸗
1182 360 2210 408 gerſtraße für 10,000 Thaler öſterreichiſche Silbergulden zum Curſe
1180 400 2212 446 von 99 ½ gekauft und dann ihren Arbeitern die Löhne damit ausge⸗
1180 437 2207 485 zahlt hat. — Herr Borſig, welchem ebenfalls von Bankgeſchäften
1180 475 2207 522 Gulden⸗Offerten gemacht wurden, ſoll dieſelben zurückgewieſen
1180 514 1270 553 haben.
1253 561 2206 609 [Rattazzi's Witwe und die Ex⸗Königin von
1179 600 2206 647 Spanien.] Aus Rom wird uns geſchrieben: Die Ex⸗Köni⸗
1179 640 2205 687 gin von Spanien machte am Sonntag vor ihrer Abreiſe aus
1178 678 2205 724 der Ewigen Stadt der Frau Rattazzi's, mit der ſie ſeit fünf⸗
1177 717 2204 764 zehn Jahren befreundet iſt, einen Beſuch, und Letztere wurde
1177 758 2205 801 nur durch Unwohlſein verhindert, der Ex⸗Majeſtät den ſchuldi⸗
1177 795 2203 841 gen Gegenbeſuch zu machen. Die Römer haben dieſe Intimität
1176 834 2201 877 zwiſchen der Gattin des verſtorbenen Führers unſerer parlamen⸗
1176 872 2201 920 tariſchen Oppoſition und der entthronten und landesflüchtigen
1175 910 2203 958 Königin etwas ſeltſam gefunden, ſo daß es die Preſſe für ange⸗
1175 951 2200 997 zeigt hält, zur Ehrenrettung der Frau Rattazzi nachträglich zu
1176 989 2200 1036 erklären, daß den Beziehungen dieſer beiden Damen zu einander
1175 1028 2201 1074 die Politik völlig fremd ſei; es ſeien eben zwei „gute und intelli⸗
1174 1067 2199 1112 gente Frauen“, die ſich gegenſeitig von einander angezogen gefühlt
1174 1104 2198 1150 hätten. Obwol es in der Rangliſte des königlichen Hofes heißt,
1174 1143 2197 1189 Frau Rattazzi habe das große Band des Maria⸗Louiſen⸗Ordens
1173 1183 2198 1228 von der Königin Vittoria erhalten, iſt ihr derſelbe in Wahrheit
1172 1221 2198 1267 von Iſabella verliehen worden, und zwar nur wenige Wochen vor
1173 1259 2196 1306 ihrem Sturze; allein das Decret ſei damals verloren gegangen
1172 1298 2197 1345 und Frau Rattazzi erhielt die Decoration officiell erſt unter der
1172 1337 2193 1383 Regierung Amadeo's. Bei der Nachricht von Rattazzi's Tode
1172 1376 2195 1417 ſendete Iſabella der Witwe aus Paris ein eigenhändiges Beileids⸗
1172 1415 2198 1460 ſchreiben, weßhalb die Letztere der Ex⸗Königin nach ihrer Ankunft
1171 1454 2195 1499 in Rom einen Beſuch machte, um ihr für dieſe Artigkeit zu dan⸗
1169 1494 2129 1536 ken, und dieſen Beſuch habe die Ex⸗Königin einfach erwidert.
1255 1534 2194 1579 [Deſertionen in der engliſchen Armee.) Ueber
1170 1573 2192 1613 die Zahl der Deſertionen in der britiſchen Armee während der letz⸗
1171 1608 2195 1650 ten Jahre liegt jetzt ein amtlicher Bericht vor, aus dem hervorgeht,
1169 1642 2192 1683 daß die jüngſten Angaben darüber nicht übertrieben waren. Das
1170 1677 2192 1718 Unweſen ſcheint mit jedem Jahre mehr überhand zu nehmen. Im
1167 1712 2194 1752 Jahre 1869 wurden 3341 Mann fahnenflüchtig, im Jahre 1870
1166 1747 2192 1787 3171, im Jahre 1871 4553 und im Jahre 1872 ſogar 5361. Nicht
1168 1781 2192 1821 weniger als zehn Regimenter und Batterien, die in dem Zeitraume
1167 1816 2193 1853 von 1869 bis Ende des Jahres 1872 für den auswärtigen Dienſt
1167 1848 2192 1889 deſignirt wurden, traten in Folge deſſen ihre Reiſe in nicht voll⸗
1163 1885 2191 1920 ſtändiger Stärke an. Ein weiterer Bericht ergibt die Zahl der Mann⸗
1164 1916 2191 1955 ſchaften, die wegen Deſertion im Mutterlande vor Gericht geſtellt
1164 1953 2190 1990 wurden. Im Jahre 1869 belief ſich ihre Zahl auf 1500, darunter
1165 1987 2192 2029 191 rückfällige Deſerteure; im Jahre 1870 auf 1276, darunter 190
1163 2022 2189 2061 Rückfällige; im Jahre 1871 auf 1917, darunter 287 Rückfällige, und
1162 2055 2187 2092 im Jahre 1872 auf 2231, darunter 421, die ſich wiederholte Deſer⸗
1162 2090 2188 2127 tionen hatten zu Schulden kommen laſſen. Letzterer Umſtand er⸗
1162 2125 2189 2165 klärt ſich dadurch, daß viele Soldaten vom einem Regimente zum
1159 2160 1446 2193 anderen deſertiren.
1346 2227 1999 2283 Ein amerikaniſches Feſt in Wien.
1236 2294 2186 2336 In altererbter continentaler Spießbürgerlichkeit ſind wir ge⸗
1159 2330 2186 2372 wohnt, mit dem Namen des Amerikaners die abſonderlichſten An⸗
1159 2372 2186 2412 ſichten über originelle Lebensgewohnheiten und Bräuche zu ver⸗
1158 2408 2185 2453 knüpfen; der freie Sohn der großen Union jenſeits des Oceans
1162 2449 2185 2492 iſt uns Europäern der typiſche Vertreter der anti⸗conventionellen
1157 2486 2185 2529 Ungebundenheit geworden, und deßhalb mochte es Manchen unter
1159 2525 2186 2566 uns intereſſiren, einem Feſte anzuwohnen, welches die in unſerer
1157 2562 2185 2601 Mitte weilenden Amerikaner in Wien veranſtalteten und more
1158 2599 2186 2639 patrio begingen. Die Weltausſtellung hat die lernbegierigen Be⸗
1158 2639 2185 2678 wohner der Vereinigten Staaten in großer Zahl nach Wien ge⸗
1157 2678 2183 2724 lockt, und ein guter Theil von ihnen verſammelte ſich heute Nachmittag
1156 2716 2182 2758 in den Blumenſälen der Gartenbau⸗Geſellſchaft, um der Erinnerung
1156 2757 2182 2798 an die Unabhängigkeits⸗Erklärung der Republik im Jahre 1776
1156 2797 2183 2837 ein feſtliches Andenken zu weihen. Der große Mittelſaal war
1154 2835 2178 2875 dazu auserſehen die Gäſte zu beherbergen. In vier langen Reihen
1155 2874 2176 2914 waren die Tiſche aufgeſtellt, an deren oberem Ende eine Quer⸗
1155 2913 2181 2955 tafel lief, an welcher die Präſidenten der Ausſtellungs⸗Commiſ⸗
1154 2950 2179 2990 ſionen und andere hervorragendere Gäſte ihre Plätze erhielten.
1154 2992 2178 3026 Die Hauptwand des Saales zierten die Sternenbanner der ame⸗
1154 3027 2178 3067 rikaniſchen Republik und Fahnen in den öſterreichiſchen Farben;
1154 3066 2179 3106 inmitten derſelben war ein Porträt des Kaiſers Franz Joſeph
1153 3105 2178 3144 angebracht, das die Bildniſſe von Waſhington, Abraham Lincoln
1151 3145 2179 3182 und Ulyſſes Grant umgaben. Schon um 4 Uhr begannen die
1153 3181 2178 3222 Feſttheilnehmer ſich einzuſtellen und wurden von den Herren des
1152 3221 2178 3261 Comités: Lewis Seaſongood, John G. Avery, G. W. Howe und
1152 3261 2177 3300 Dr. A. Ruppaner, freundlichſt begrüßt. Nach und nach füllte ſich
1152 3299 2179 3337 der Saal, trotzdem ein großer Theil der Anweſenden ſich
1151 3336 2179 3377 in den offenen Garten geflüchtet hatte oder im Neben⸗
1153 3374 2178 3416 ſaale den Productionen der Weinlich'ſchen Damen⸗Capelle
1153 3415 2178 3453 aufmerkſam lauſchte. Die wackeren Muſikantinnen trugen alle⸗
1153 3452 2177 3494 ſammt gleiche Roben in Roſa und Weiß; ſie waren zum großen
1152 3492 2177 3529 Ergötzen der horchenden Herren der Schöpfung unermüdlich be⸗
1150 3529 2175 3572 müht, denſelben ein amerikaniſches Stück, „Frauen⸗Emancipation“,
1150 3568 2179 3609 vorzudemonſtriren, das diesmal allerdings harmoniſch ausklang;
1152 3609 2177 3648 man ließ ſich dieſe ſpielende Art der Capacitirung zur Aner⸗
1149 3647 2115 3687 kennung eines „weiteren“ Berufes der Frauen gerne gefallen.
1229 3686 2176 3726 Nach fünf Uhr wurde das Zeichen gegeben, Alles nahm die
1151 3724 2175 3766 angewieſenen Plätze ein und in dieſem Augenblicke war es möglich,
1151 3761 2176 3802 einen Totalblick über die Verſammlung zu gewinnen. Sie war in
1151 3799 2176 3840 mannichſacher Beziehung intereſſant. Der einfache ſchwarze Frack
1152 3840 2178 3882 herrſchte vor; zwiſchendurch tauchte da und dort die ſchmucke,
1153 3881 2178 3919 goldbetreßte Uniform eines amerikaniſchen Officiers, auf und zahl⸗
1151 3915 2178 3958 reiche Damen, in einfacher, aber gewählter Toilette unterbrachen die
1150 3955 2176 3997 feierliche Monotonie des ſchwarzen Feſtkleides. Die flimmernde
1149 3995 2176 4035 Augenplage der Orden übte nur ſporadiſch ihre ſchmerzliche Wir⸗
1149 4033 2176 4075 kung, ganz beſonders aber auf einen Vollblut⸗Yankee, der den
1150 4072 2176 4113 Berichterſtatter mit unnachahmlicher Einfachheit fragte, was denn
1148 4112 2180 4150 die Sternchen und Kettchen im Knopfloche eines anweſenden
1149 4149 1650 4188 Frackes zu bedeuten hätten. . .
1227 4185 2178 4228 An der erwähnten Quertafel nahmen, wie ſchon bemerkt, die
1149 4226 2177 4267 fremden Ausſtellungs⸗Commiſſäre ihre Plätze ein. Wir bemerkten:
1148 4265 2176 4306 Hamdi Bey (Türkei), du Sommerard (Frankreich), Staatsrath
1146 4303 2178 4343 Bielsky (Rußland), Mr. Oven (England), Mac Ellroth (Amerika),
1144 4342 2179 4384 Geheimrath Moſer (Deutſchland), Vandenck (Belgien), Wolfhagen
1145 4382 2177 4420 (Dänemark) und Drew (China). An demſelben Tiſche ſaßen auch Ge⸗
1147 4420 2177 4461 heimrath Freiherr v. Gagern, General⸗Director Freiherr v. Schwarz⸗
1147 4458 2177 4500 Senborn, der amerikaniſche Geſandte Mr. Jay, Bürgermeiſter
1147 4497 2177 4538 Dr. Felder und Vice⸗Präſident Profeſſor Arenſtein. An der zweiten
1145 4533 2179 4574 Längentafel ſaßen die zahlreich geladenen Vertreter der amerikani⸗
1148 4574 2182 4613 ſchen und Wiener Preſſe, die Profeſſoren Billroth und Benedict
1145 4614 1492 4653 und Dr. Wittelshöfer.
1221 4649 2176 4692 Profeſſor J. Lawrence Smith aus Kentucky erhob ſich nun,
1143 4690 2175 4729 um die Erſchienenen in kurzen Worten freundlichſt zu begrüßen.
1145 4728 2174 4767 Nach ihm ſprach Dr. Chapin, ein Seelſorger aus Newyork, das
1140 4766 2175 4805 in Amerika übliche Tiſchgebet, worauf denn nach der Seele
1143 4803 2175 4845 Stärkung auch der Magen vorzügliche Atzung erhielt, die
1143 4842 2178 4882 Richard Faber's Menu componirt hatte. Auf den Galerien
1142 4880 2175 4920 zu beiden Seiten des Saales ſpielten abwechſelnd das Weinlich'ſche
1143 4919 2174 4962 Frauen⸗Orcheſter und die Capelle des Regimentes Baron Rei⸗
1144 4957 2175 4998 ſchach; drunten im Saale klapperten Meſſer und Gabel,
1141 4996 2177 5035 klirrten Teller und Gläſer, ſprangen und krachten die
1139 5030 2174 5076 Korke in ohrenbetäubenden Diſſonanzen. Scherze und Geſpräche
2254 176 3281 225 nahmen nun Collectivformen an. Auf einer Tafel befand ſich
2253 216 3284 265 ein prächtiges Vogelbauer, in welchem ein buntbefiederter künſtlicher
2253 255 3283 303 Paradiesvogel ſaß und die herrlichſten Triller und Läufe pfiff;
2253 294 3285 342 die kunſtvolle Nachbildung der Natur erregte vieles Aufſehen und
2251 333 3285 381 Heiterkeit. Noch ſpäter fand ſich ein anderer, ganz beſonderer Gaſt auf
2251 373 3284 416 den Tiſchen ein: Schaumwein aus Ohio, den Kellern der Firma Weck
2252 411 3281 457 and Sons in Cincinnati entnommen. Sparkling Catawba nennt
2251 450 3281 494 man dieſen koſtbaren Saft, einen in natürlicher Gährung befind⸗
2250 487 3280 534 lichen Wein, der dem Champagner ähnlich ſchmeckt, nur weit ſtärker
2249 526 3281 573 als dieſer mouſſirt. Auch malt er raſcher die Roſen auf die
2248 565 3281 609 Wangen und löſt die Zunge ſchneller als der Perlenwein aus der
2248 606 3275 646 Champagne; denn noch war die zweite Flaſchenbatterie nicht auf⸗
2248 643 3052 688 marſchirt, da war die Fluth der Toaſte losgelaſſen.
2319 681 3276 722 Zunächſt erhob ſich Profeſſor Lawrence Smith, um die Be⸗
2246 719 3277 762 deutung des Tages auseinanderzuſetzen, an welchem die Amerika⸗
2243 756 3278 802 ner allen Grund hätten ſtolz, zu ſein und ſich ihrer Nationalität
2244 796 3274 842 zu freuen. Lauter Beifall, Händeklatſchen und Tücherwehen lohnten
2245 835 3274 880 die kraftvollen Worte des Redners; einzelne Kehlen dichteten förm⸗
2244 873 3273 919 liche Onomatopöen durch gewiſſe indeſinirbare Naturlaute, welche
2244 912 3277 954 unſere feſtländiſchen Trommelfelle ſchwer ertragen, in amerikani⸗
2244 950 3276 997 ſchen Meetings jedoch die landesüblichen Beifallsbezeigungen ſein
2243 990 3275 1036 ſollen Jedenfalls gehören Ohren dazu, welche an die Brandung
2242 1027 2640 1068 des Oceans gewöhnt ſind.
2318 1068 3271 1108 Dann ſprach Mr. Jay, der amerikaniſche Geſandte an un⸗
2243 1104 3266 1149 ſerem Hofe, den Toaſt auf den Präſidenten der Republik, Ulyſſes
2244 1143 3263 1189 Grant. „England und Amerika,“ ſagt der Redner, „haben durch
2245 1183 3268 1224 den Vertrag von Waſhington und durch das Genſer Urtheil am
2242 1220 3274 1268 beſten bewieſen, welche Vortheile es bringt, wenn zwei Völker auf
2241 1259 3274 1304 derſelben Baſis ſich begegnen, gleichviel, ob ſie republikaniſch oder
2240 1297 3268 1342 monarchiſch regiert ſind.“ Auch den Worten des Geſandten
2239 1339 3274 1378 folgte reicher Beifall, worauf abermals Mr. Smith ſich er⸗
2242 1374 3273 1418 hob, um einen kräftigen Toaſt auf Kaiſer Franz Joſeph auszu⸗
2239 1412 3272 1458 bringen, in welchen die Verſammlung lebhaft einſtimmte, die
2237 1449 3272 1496 Volkshymne, von der Capelle geſpielt, theilweiſe mitſingend. Auf
2237 1489 3272 1534 dieſer Trinkſpruch antwortete Freiherr v. Gagern, worauf dann
2237 1527 3271 1571 honorable Charles Francis Adams aus Maſſachuſetts ſein Glas
2236 1568 3266 1609 abermals auf die Erinnerung an die Unabhängigkeits⸗Erklärung
2236 1606 3268 1647 Nordamerikas leerte. Ihm folgte Mr. Kiddro mit einem Toaſte
2236 1645 3267 1685 auf die amerikaniſche Armee und die Marine. Freiherr v. Schwarz
2236 1684 3268 1724 trank auf die Ausſtellung, Jackſon Schultz auf Amerika und die
2232 1722 3267 1762 Ausſtellung, Herr Lewis Seaſongood aus Ohio auf das ameri⸗
2235 1759 3268 1804 kaniſche Vaterland, und zahlreiche andere Redner auf alle nur er⸗
2235 1800 2538 1838 denklichen Themata.
2310 1835 3270 1877 Die Schwüle des Saales und die auch noch im Kopfe mouſſi⸗
2233 1874 3259 1918 renden Schaumgeiſter aus Ohio drängten aus dem Saale in den
2236 1913 3264 1957 Garten, der brillant beleuchtet war und von deſſen Orcheſter her
2239 1952 3265 1997 die Töne der Weinlich'ſchen Capelle erklangen. Hier erging
2234 1990 3264 2032 ſich die Geſellſchaft in der lauen Abendluft und thut es wol bis
2232 2028 3262 2070 zur Mitternachtſtunde, in welcher wir unſeren Bericht ſchließen.
2233 2067 3259 2108 Inzwiſchen tobte drin im Saale noch der Redeſturm, bis Dr. A.
2232 2106 3261 2147 Ruppaner aus Newyork die Reihe der Toaſte mit einem herz⸗
2233 2143 3260 2185 lichen Trinkſpruche auf die Stadt Wien abſchloß. Der Redner iſt
2231 2183 3261 2226 jener Arzt, von welchem wir erſt jüngſt zu erzählen Gelegenheit
2232 2223 3261 2264 hatten, daß er ohne Unterbrechung in 24 Tagen die Reiſe von
2230 2261 3264 2300 hier nach Newyork und zurück wagte. Der Mann hat ſeine me⸗
2229 2299 3262 2341 diciniſche Ausbildung in Wien genoſſen, und ſeine Rede überfloß
2229 2339 3256 2379 in dankbarem Andenken an die herrliche Wiener Studentenzeit.
2306 2378 3257 2417 Der Redner gab ſeinen Landsleuten eine gedrängte Skizze
2228 2417 3259 2456 von dem raſchen, nicht geahnten Aufblühen unſerer Stadt, und
2225 2454 3260 2495 pries insbeſondere ihre Unterrichtsanſtalten. „Nichts aus Europa
2228 2491 3261 2532 iſt in Amerika ſo wohl bekannt“ — ruft der Redner — „als die
2228 2528 3261 2570 Wiener mediciniſche Facultät und ihr muſterhaft eingerichtetes
2227 2565 3262 2608 Hoſpital, das einzig daſteht. Mit Stolz und mit Recht kann der
2228 2603 3255 2646 Wiener heute die Variante ſingen: „Seht nun meine Kaiſerſtadt,
2229 2644 3257 2684 ſeht mein neues Wien! Und ſo ſei Wien ein herzliches Will⸗
2226 2680 3255 2725 kommen zugebracht; aus vollſtem Herzen das fortwährende Blühen
2226 2723 3258 2766 ſeiner herrlichen Inſtitutionen, ſein ſtetiges Wachsthum und Ge⸗
2225 2763 2653 2802 deihen von uns gewünſcht.“
2300 2797 3258 2841 Mit dieſen für Wien ſo überaus ſympathiſchen Worten klang
2224 2839 3254 2879 das Feſt der Amerikaner aus; ſie ſind uns ein Beweis, daß das
2222 2878 3251 2917 Streben dieſer Stadt bei den freien und deßhalb neidloſen Bür⸗
2223 2913 3249 2956 gern der amerikaniſchen Union die verdiente Anerkennung findet.
2218 2952 3163 2995 Darin liegt ein Sporn zu fortgeſetzter, unabläſſiger Arbeit.
2454 3041 3008 3097 Communal⸗Zeitung.
2301 3106 3256 3149 [Die iſraelitiſche Cultusſteuer.] Jüngſt iſt von
2222 3146 3250 3185 Zwiſtigkeiten gemeldet worden, welche wegen Erhebung der Cultus⸗
2221 3180 3244 3217 ſteuer zwiſchen der hieſigen iſraelitiſchen Cultusgemeinde und einiger
2222 3213 3253 3251 Gemeinde⸗Mitgliedern ausgebrochen ſind, und daß gegen letztere, da
2221 3247 3252 3287 ſie die Zahlung ſtets und entſchieden verweigerten, die geſetzlichen
2218 3283 3251 3319 Zwangsmaßregeln angewendet wurden. Gegen die zu Gunſten der
2220 3317 3251 3354 iſraelitiſchen Gemeinde gefällte Magiſtrats⸗Entſcheidung recurrirten
2220 3352 3255 3389 die Steuerverweigerer an die Statthalterei, und als hier das erſte
2221 3384 3255 3420 Erkenntniß beſtätigt wurde, brachten dieſelben den Gegenſtand zur
2220 3420 3254 3458 Austragung an das Miniſterium für Cultus und Unterricht, um
2220 3454 3255 3490 eine principielle Entſcheidung herbeizuführen. Das Miniſterium hat
2219 3488 3253 3524 nun die von der Statthalterei ausgeſprochene Beſtätigung der Ver⸗
2220 3521 3252 3561 fügung des Wiener Magiſtrats als legal erklärt, „weil die Zahlungs⸗
2221 3553 3253 3596 pflicht der Betreffenden nach den §§. 3, 5 und 7 des zu Recht be⸗
2219 3590 3254 3628 ſtehenden Statutes der iſraelitiſchen Cultusgemeinde in Wien außer
2219 3625 3254 3662 Zweifel ſteht“. So lange dieſelben Iſraeliten bleiben und in Wien
2221 3657 3252 3695 wohnen, gehören ſie geſetzmäßig zur iſraelitiſchen Cultusgemeinde;
2221 3694 3253 3735 nur mit dem Austritt aus dem Judenthum hört die Gemeinde⸗An⸗
2215 3729 2461 3769 gehörigkeit auf.
2302 3765 3254 3808 [Bürgerrecht.] Das Bürgerrecht der Stadt Wien wurde
2217 3803 3255 3845 in der heute ſtattgefundenen Sitzung der zweiten Section verliehen
2220 3835 3250 3878 den Herren: Johann Sidor, Tapezierer: Joſeph Neumann, Schön⸗
2217 3868 3252 3910 und Schwarzfärber; Joſeph Tonar, Wagenlackirer; Johann Löwel,
2219 3906 3249 3948 Zuckerbäcker; Jacob Auerhahn und Heinrich Ritter, Kaffeeſieder;
2220 3938 3252 3978 Anton Urban und Johann Molnar, Schuhmacher; Anton Matauſch,
2219 3974 3252 4017 Meßner; Joſeph Fiſcher, Möbelhändler; Alexander Hauſer, Federn⸗
2218 4007 3251 4050 ſchmücker; Johann Dirnberger, Maurermeiſter; Felix Altenberg,
2218 4041 3253 4082 Apotheker; Alois Nowak und Anton Rudolf, Schneider; Franz
2219 4075 3253 4119 Junk, Schnürmacher; Ernſt Böhme, Drahtzieher; Karl Genszky,
2219 4111 3254 4156 Glaſer; Leopold und Johann Schlögl, Fleiſchhauer; M. Ethofer,
2217 4152 2376 4188 Vergolder.
2298 4184 3252 4225 [Omnibus⸗Licenzen.] Die Statthalterei hat dem Ignaz
2214 4223 3250 4263 Haslinger, Stellfuhr⸗Inhaber in Korneuburg, Stellfuhr⸗Licenzen zur
2217 4257 3253 4299 Fahrt von Jedlerſee nach Wien verliehen. Als Fahr⸗Route für
2220 4288 3251 4333 die Strecke Jedlerſee⸗Floridsdorf⸗Zwiſchenbrücken⸗Wien und zurück
2221 4326 3250 4368 und der Fahrpreis für Wien⸗Jedlerſee per Perſon und Fahrt 20 kr.,
2217 4358 3249 4400 für die Zwiſchenſtation Floridsdorf '15 kr. und für Zwiſchenbrücken
2219 4395 3251 4435 12 kr. feſtgeſetzt. — Ebenſo wurde dem Paul Haſenöhrl zu Maria⸗
2218 4431 3248 4470 Lanzendorf eine neue Stellfuhr⸗Licenz mit der Route von Himberg
2222 4464 3248 4504 nach Wien (mit der Einſtellung beim „goldenen Kreuz“, Wieden)
2221 4495 3249 4535 ertheilt. — Ferner wurde dem Geſuche der Neuen Wiener Omnibus⸗
2219 4533 3250 4571 Geſellſchaft um Zulaſſung des Omnibusverkehres in
2219 4563 3247 4605 der Praterſtraße dahin Folge gegeben, daß nur den zur Welt⸗
2220 4598 3247 4639 ausſtellung verkehrenden Omnibuswagen die ausnahmsweiſe auf
2219 4633 3246 4672 den Fall der Thunlichkeit beſchränkte Fahrt in der Praterſtraße
2218 4665 3246 4711 unter der Bedingung geſtattet wird, daß die Wagen über die Fer⸗
2216 4705 2584 4740 dinandsbrücke verkehren.
2295 4739 3250 4784 [Geſchloſſene Schule.] Die Schule am Albertsplatz,
2218 4780 3243 4823 Nr. 7, im Bezirke Joſephſtadt, wird wegen des verfügten Zubauet
2217 4815 2579 4854 am 15. Juli geſchloſſen.
2299 4861 3248 4906 [Komiſche Oper.] Die Bauleitung der Komiſchen Oper
2217 4901 3249 4942 hat ohne Genehmigung einige Abänderungen in der Baulinie vor⸗
2216 4937 3246 4973 genommen und der Magiſtrat hierauf dieſe Abänderung mit Geld⸗
2218 4969 3246 5008 ſtrafen an den ſchuldtragenden Individuen geahndet. Die Bau⸗
2215 5001 3248 5047 ſection des Gemeinderathes hat der Anſicht des Magiſtrats bei
2216 5042 2358 5078 geſtimmt.
