3168 4829
209 120 748 171 Samstag den 1. Juli 1911.
1266 116 1834 166 Innsbrucker Nachrichten
2519 110 2896 155 Nr. 148. Seite v.
212 218 1078 266 (Poſtbotenfahrt Innsbruck—Lans—
169 266 1077 311 Siſtrans.) Vom 1. Juli an wird die bisher in
169 309 1077 356 der Zeit vom 16. Juni bis 15. September
170 353 1077 397 jeden Jahres von Lans ausgegangene nach⸗
168 398 1077 445 mittägige Botenfahrt nach Innsbruck 2 behufs
170 443 1077 487 entſprechender Ableitung der Poſtſendungen vom
171 486 1079 534 Poſtamte Siſtrans ihren Ausgangspunkt in Si⸗
170 533 1079 575 ſtrans nehmen und mit folgender Kursordnung
171 576 1078 620 verkehren: Siſtrans ab 3 Uhr 20 nachm., Lans
173 620 1085 669 ab 3 Uhr 35 nachm., Igls ab 4 Uhr nachm.,
174 664 1078 709 Innsbruck 2 an 5 Uhr nachm.; Innsbruck 2
174 709 1078 754 ab 5 Uhr 15 nachm., Igls ab 6 Uhr 35 abends,
173 754 1079 800 Lans ab 7 Uhr abends, Siſtrans an 7 Uhr 15
174 803 315 837 abends.
217 841 1078 889 (Berlin—Innsbruck.) Ein bezeichnendes
170 886 1079 931 Urteil über unſere ſchlechten internationalen
171 931 1078 976 Bahnverbindungen leſen wir in der „Voſſi⸗
173 977 1078 1019 ſchen Zeitung.“ Das Blatt ſchreibt: „Jetzt iſt
172 1019 1081 1063 die Zeit, wo der Gymnaſiaſtenvater und der
171 1063 1079 1109 müde Oberlehrer den Fahrplan zur Hand
172 1108 1079 1154 nimmt, um den Zug herauszufinden, mit dem
172 1152 1080 1200 es nach Tirol zur Ferienwanderung gehen ſoll.
173 1196 1079 1241 Mit Freude entdeckt er einen ſchönen Schnellzug
173 1240 1079 1286 mit dritter Klaſſe nach München, der morgens
174 1284 1080 1330 7 Uhr 15 Min., alſo noch zu menſchlicher
173 1330 1080 1375 Stunde, den Anhalter Bahnhof verläßt und
173 1373 1080 1420 um 6 Uhr 18 Min. abends in München landet.
172 1418 1079 1466 Dieſer Prachtzug muß doch eine unmittelbare
174 1463 1079 1510 Fortſetzung nach Innsbruck und dem Brenner
175 1507 1080 1552 haben? Aber da will der Fahrplan keine rechte
175 1552 1080 1598 Auskunft mehr geben. Er verzeichnet erſt um
176 1595 1082 1643 11 Uhr nachts einen Anſchluß, der in Inns⸗
174 1638 1081 1686 bruck in der unmenſchlichen Zeit zwiſchen 2
175 1685 1081 1731 und 3 Uhr morgens ankommt. Ein Luxus⸗
173 1730 1081 1775 zug mit bloß erſter Klaſſe und hoher Extra⸗
174 1774 1081 1820 gebühr, der nicht einmal jeden Tag fährt, kommt
175 1818 1081 1864 prinzipiell nicht in Betracht; er paßt nicht
175 1861 1081 1911 zu Ruckſack und Nagelſchuhen. Ein ausge⸗
176 1907 1082 1952 zeichneter Zug iſt gerade eine halbe Stunde
177 1952 1082 1995 vor Ankunft des Berliner Zuges von München
174 1994 1081 2043 nach dem Süden abgegangen; wie ungeſchickt,
176 2041 1082 2083 daß er nicht ein wenig warten konnte: er
174 2084 1082 2128 hätte mich um 10 Uhr abends nach Innsbruck
176 2127 1082 2171 und noch vor Mitternacht auf den Brenner ge⸗
175 2170 1083 2219 bracht. Vergebens iſt alles Suchen nach einem
177 2215 1082 2264 Ausweg; ich muß in München bleiben, im
178 2260 1082 2307 Hotel übernachten, am nächſten Morgen weiter⸗
179 2305 1083 2350 fahren und hiermit einen koſtbaren Ferientag
179 2349 1083 2396 ſamt allerlei Verpflegungskoſten verlieren. Was
179 2392 1082 2439 ſoll das für Sinn haben? Und nun geht mir
176 2438 1082 2482 langſam ein Licht auf: München liebt mich,
174 2483 1083 2528 die Stadt München will mich durchaus über
179 2527 1085 2573 Nacht beherbergen, die Fahrplankünſtler in der
178 2570 1084 2618 Münchener Eiſenbahn⸗Direktion wollen mich
178 2618 1083 2663 ſchlechterdings ohne einen Trunk im Hofbräu⸗
180 2662 1083 2707 haus nicht in die Alpen ziehen laſſen. Ich
178 2707 1084 2751 bin gerührt — und empört. Zu ſolchem Lokal⸗
179 2753 1085 2796 zwang gibt ſich eine kgl. preußiſche Eiſenbahn⸗
179 2794 1084 2840 direktion her? Und die ſächſiſchen Eiſenbahnen
178 2839 1085 2887 tun geduldig mit, ohne die Intereſſen ihrer
179 2885 1085 2928 ferienbedürftigen Bürger in München zu Gehör
180 2930 1084 2974 zu bringen? Könnte nicht auch der Berliner Zug
181 2974 1085 3016 um eine halbe Stunde früher nach München
179 3017 1085 3064 gebracht werden? Man kann wahrhaftig nicht
179 3063 1085 3107 ſagen, daß die Rückſicht auf Bayern in Berlin
180 3108 1086 3155 zu wenig geübt werde: Scherz bei Seite: es
181 3153 1086 3198 iſt ein ſchwerer Übelſtand, daß man von Ber⸗
181 3196 1085 3242 lin nicht mit einem Tagzug dritter Klaſſe bis
182 3242 1085 3287 nach Innsbruck fahren kann. Das Umgekehrte
181 3285 1087 3332 iſt ermöglicht: von Innsbruck kann man um
181 3332 1088 3375 7 Uhr morgens fortfahren und noch am ſelben
182 3374 1086 3419 Tage kurz vor 12 Uhr in Berlin ankommen;
181 3419 1086 3463 da iſt eben die Berechnung Münchens auf das
182 3462 1086 3510 Zwangsnachtlager der Reiſenden ausgeſchloſſen.
180 3509 1087 3552 Die königl. preußiſche Eiſenbahndirektion würde
182 3551 1087 3596 ſich bei vielen geiſtigen Arbeitern Dank ver⸗
181 3595 1089 3639 dienen, wenn ſie den Verſuch, ihren Tages⸗
182 3640 1088 3684 ſchnellzug über München hinaus nach Inns⸗
181 3683 1089 3729 bruck fortzuſetzen, ſo lange bei der königl.
181 3730 1088 3771 bayeriſchen Eiſenbahndirektion vorbrächte, bis er
182 3774 1089 3816 durchdringt. Spricht für ihn doch die Vernunft,
183 3817 1088 3861 die ſonſtige Bahngepflogenheit, die National⸗
184 3857 1087 3904 Ökonomie weitblickenderer Art und die Menſch⸗
183 3905 346 3947 lichkeit!“
227 3947 1090 3998 (Grubenfahrten am Haller Salz⸗
181 3999 1089 4042 berg.) Im Monat Juli können Fremde an
181 4041 1089 4085 nachfolgenden Tagen das Bergwerk befahren:
182 4084 1089 4127 Vom 3. bis einſchließlich 6., vom 10. bis ein⸗
181 4129 1089 4171 ſchließlich 13., vom 17. bis einſchließlich 20.,
183 4172 1088 4217 vom 24. bis einſchließlich 27. und am 31.
183 4218 1089 4263 Fahrgeld ohne Beleuchtung für eine Perſon
181 4263 1089 4305 2 Kronen, jede weitere Perſon 1 Krone; mit
182 4305 1089 4353 Beleuchtung für die erſte Perſon 4 Kronen,
182 4351 873 4396 für jede weitere Perſon 2 Kronen.
229 4396 1090 4439 (Der Schwazer Stadtgemeindeaus⸗
181 4437 1089 4484 ſchuß) hält am 4. Juli eine Sitzung ab, in
1103 207 2010 262 welcher über nachstehende Gegenſtände beraten
1100 260 2011 308 und beſchloſſen wird. Teilhaberfrage, Grund⸗
1102 305 2011 352 erwerbung durch die k. k. Tabakfabrik, Ge⸗
1102 350 2009 396 werbeangelegenheiten, Wahl von Rechnungs⸗
1103 394 2011 442 prüfern für die Gemeinderechnungen 1910, Ge⸗
1104 439 2010 486 ſuch um Nachlaß der Hydrantengebühr, bezie⸗
1104 486 2009 530 hungsweiſe Waſſerzins, Holzſchlagungsgeſuche,
1104 530 2010 576 Umänderungen im Magiſtratsgebäude, Straßen⸗
1105 573 2009 620 angelegenheiten, Geſuche um Befreiung vom
1106 619 2011 665 Schulgelde, Aufnahmen in den Heimatsverband
1105 664 1627 713 und Armenangelegenheiten.
1146 714 2009 761 (Gemeinde ⸗ Vorſtehungswahl.) In
1104 761 2010 807 Walchſee wurde am 29. Juni die Wahl der
1105 804 2011 855 Gemeindevorſtehung vorgenommen. Gewählt
1104 850 2008 897 wurden: Johann Gündler, Gutsbeſitzer zu
1106 895 2011 939 Kleinmoſen, als Vorſteher; Johann Rotter,
1105 938 2011 983 Schulleiter, als erſter und Johann Buchauer,
1106 984 1866 1028 Wetzenbauer, als zweiter Gemeinderat.
1142 1032 2011 1081 (Aus Ötz) wird uns geſchrieben: Die dies⸗
1107 1079 2011 1125 jährige Fremdenſaiſon verſpricht nach der Zahl
1105 1124 2017 1171 der gegenwärtig ſchon anweſenden Gäſte und
1103 1170 2014 1216 nach den Wohnungsbeſtellungen eine recht zu⸗
1106 1214 2012 1259 friedenſtellende zu werden. Viele der alten viel⸗
1107 1260 2015 1304 jährigen Gäſte ſind ſchon angekommen. Exzellenz
1108 1302 2013 1345 Staatsſekretär Dr. Künſtel aus Berlin kommt
1106 1346 2015 1393 heuer das 36. Mal wieder nach Ötz. Es dürfte
1107 1391 2014 1437 wirklich kaum eine Sommerfriſche in Tirol
1107 1436 2013 1483 geben, welche ſo viele alte, alljährlich wieder⸗
1109 1481 2012 1527 kehrende Beſucher aufweiſen kann wie Ötz. Der
1108 1526 2013 1571 rührige Verſchönerungsverein baut heuer eine
1106 1570 2012 1617 neue Brücke über die Ötztalerache, an einer
1108 1614 2012 1660 Stelle bei den Achſtürzen, die eine ſchöne land⸗
1108 1659 2014 1705 ſchaftliche Szenerie bilden. Die feierliche Er⸗
1109 1703 2013 1751 öffnung iſt für Sonntag den 16. Juli geplant.
1148 1757 2013 1804 (Heimatſchutz.) Aus Ötz wird uns ge⸗
1108 1804 2012 1851 ſchrieben: Das große alte Bauernhaus neben
1109 1850 2014 1892 dem alten, durch ſeine ſchönen, voriges Jahr
1107 1893 2014 1937 reſtaurierten Freskengemälde berühmte Gaſthaus
1107 1938 2014 1983 zum „Stern“, deſſen Haustüre die Jahres⸗
1109 1980 2014 2023 zahl 1618 trägt und einen der ſchönſten Dach⸗
1109 2022 2013 2070 ſtühle mit Ziergiebel aufweiſt, ſollte heuer re⸗
1109 2069 2016 2115 noviert und der Dachſtuhl durch einen neuen,
1109 2114 2015 2156 unſchönen, wie auch vom konſtruktiven Stand⸗
1111 2157 2015 2204 punkte aus ſchlechten Dachſtuhl erſetzt werden.
1110 2202 2015 2248 Den Bemühungen verſchiedener Freunde alt⸗
1110 2246 2017 2292 tiroliſcher Bauweiſe iſt es nun endlich gelun⸗
1110 2293 2017 2339 gen, die Beſitzerin von ihrem Plane abzubrin⸗
1110 2335 2017 2383 gen und ſo das ſchöne alte Baudenkmal zu
1111 2385 1270 2424 erhalten.
1154 2423 2015 2469 (Tierquälerei.) Aus Landeck ſchreibt man
1110 2467 2015 2513 uns: Die hieſige Bezirkshauptmannſchaft hat
1109 2512 2015 2558 zwei Fuhrknechte in Landeck wegen Tierquälerei
1109 2558 2015 2603 zu je 30 Kronen Geldſtrafe zu Gunſten des Ar⸗
1110 2602 2016 2646 menfondes in Landeck verurteilt, weil die
1110 2646 2015 2692 ſelben mit einem zu ſchwer beladenen Laſten⸗
1112 2694 1566 2739 fuhrwerk gefahren ſind.
1152 2742 2016 2790 (Keine zweite Druckerei in Landeck.)
1112 2791 2017 2834 Das Anſuchen der Chriſtlichſozialen auf Er⸗
1113 2832 2017 2881 richtung einer zweiten Druckerei iſt laut „T.
1111 2876 2016 2923 L.“ vom Handelsminiſterium definitiv abge⸗
1112 2926 1378 2966 lehnt worden.
1155 2966 2016 3012 (Radfahrerunfälle.) Aus Reutte wird
1110 3012 2016 3057 uns unterm 29. Juni berichtet: Am vergan⸗
1112 3053 2016 3101 genen Sonntag hatte der hieſige Bezirksſekretär
1110 3099 2016 3144 Herr Michael Waller das Unglück, in Pflach vom
1112 3144 2016 3189 Rade zu ſtürzen, wobei er ſich den rechten
1112 3189 2016 3237 Unterſchenkel brach. Er mußte mittels Fuhrwerk
1112 3235 2019 3279 nach Hauſe gebracht werden. Nunmehr beim Zu⸗
1112 3277 2016 3323 rücktreten der Geſchwulſt ſtellte ſich heraus, daß
1112 3320 2017 3368 der Beinbruch ſehr kompliziert iſt, ſodaß Herr
1112 3365 2018 3411 Waller heute in das Spital nach Kempten
1112 3410 2017 3457 überführt werden mußte. — Der Kooperator
1112 3454 2017 3503 Rupert Schilling von Antholz fuhr neulich mit
1113 3499 2017 3544 dem Rade durchs Oberlangerried gegen Bruneck.
1112 3543 2018 3589 Hiebei ſtürzte er infolge des holperigen Weges
1113 3588 2018 3633 vom Rade, erlitt eine Verrenkung des Armes
1113 3630 2018 3677 und blieb einige Zeit bewußtlos liegen. Leute,
1114 3677 2017 3721 die ihn auffanden, brachten ihn nach Percha,
1114 3720 2016 3765 wo ihm die erſte ärztliche Hilfe zuteil wurde.
1171 3765 2020 3810 (In der Fremde plötzlich geſtor⸗
1111 3809 2020 3856 ben.) Dieſer Tage iſt auf dem Kapuzinerplatze
1114 3856 2019 3899 zu Bruneck ein 58jähriger Handwerksburſche aus
1109 3897 2019 3945 Klagenfurt plötzlich an Herzſchlag geſtorben. Aus
1113 3945 2019 3986 einem Dokumente ging hervor, daß er tags⸗
1112 3987 2017 4034 zuvor aus dem Arreſte entlaſſen worden war.
1157 4040 2019 4084 (Telephon durch das Tauferertal.)
1114 4083 2019 4127 Aus Sand in Taufers, 30. Juni ſchreibt man
1112 4127 2019 4175 uns: Geſtern nachmittag fand hier im Ho⸗
1114 4173 2019 4218 tel „Poſt“ eine Intereſſentenverſammlung ſtatt,
1114 4216 2019 4263 um die langjährige Frage des Telephonbaues
1115 4263 2019 4307 Brunick—Sand eingehend zu erörtern. Dabei re⸗
1114 4304 2019 4351 ferierten die Herren Dr. Hans Leiter, Bürger⸗
1115 4349 2018 4393 meiſter von Bruneck, k. k. Poſtkommiſſär Pircher
1114 4393 2021 4439 von Innsbruck und Joſef Jungmann, Gemeinde⸗
1114 4438 2021 4486 vorſteher hier, über den Stand der Angelegen⸗
2035 211 2944 260 heit, die Stellung der Intereſſenten zur Telephon⸗
2036 257 2944 305 frage und die Beitragsleiſtung des Poſtärars. Von
2035 300 2945 347 den Intereſſenten iſt eine Beitragsleiſtung von
2037 343 2944 391 1680 Kronen zu gewähren. Da bei dieſer Ver⸗
2034 391 2944 436 ſammlung ſeitens der Marktgemeinde Bruneck
2035 435 2944 482 ein Beitrag von 500 Kronen, ſeitens der Gemeinde
2034 478 2945 527 Sand ebenfalls 500 Kronen in Ausſicht geſtellt
2036 523 2950 569 wurde und die Beitragsleiſtung der Privatinter⸗
2037 567 2948 613 eſſenten mehr als 680 Kronen ergeben dürfte,
2035 612 2943 657 iſt das Telephon durch das Tauferertal geſichert.
2037 656 2943 702 Freilich wurde allſeits die Bedingung aufgeſtellt,
2036 701 2942 748 daß gleichzeitig auch die Hauptleitung durch das
2037 744 2945 791 Puſtertal, vor allem Bruneck⸗Brixen, verwirklicht
2037 794 2153 829 werde.
2072 842 2946 891 (Straßenſperre.) Wegen Pflaſterung der
2036 890 2946 935 Stadelgaſſe in Brixen, km 82 738/958 der Ita⸗
2037 935 2943 977 liener Reichsſtraße, bleibt dieſe Strecke von
2037 977 2944 1022 Samstag den 1. d. M. bis einſchließlich Sams⸗
2036 1021 2945 1066 tag den 29. v. M. für Fahrzeuge jeder Art
2036 1065 2949 1112 vollkommen geſperrt. Während dieſer Sperrung
2037 1111 2945 1154 iſt für den Verkehr in der Richtung Franzens⸗
2037 1152 2945 1197 feſte oder Bruneck—Bozen bezw. Bozen—Fran⸗
2036 1198 2944 1244 zensfeſte oder Bruneck als kürzeſte, günſtige
2036 1242 2946 1290 Durchfahrtsſtrecke in Brixen die Altmarktgaſſe
2035 1289 2674 1336 und Grabenſtraße zu empfehlen.
2077 1340 2944 1387 (Schulſchluß in Bozen.) Die Unter⸗
2037 1386 2945 1434 richtsbehörde hat ihre Verfügung betreffs Ver⸗
2038 1433 2944 1480 längerung des Schuljahres bis zum 9. Juli in
2038 1478 2946 1525 letzter Stunde zurückgezogen. Das Schuljahr
2038 1521 2946 1566 wurde am Peter und Paulsfeſte mit der Ver⸗
2039 1564 2947 1612 teilung der Schulzeugniſſe und dem Dankgottes⸗
2038 1608 2942 1656 dienſte geſchloſſen. Das neue Schuljahr beginnt
2039 1654 2944 1697 dafür um 8 Tage früher, und zwar am 1. Sep⸗
2039 1699 2177 1736 tember.
2082 1749 2948 1795 (Die Bozner Handels⸗ und Gewer⸗
2039 1794 2947 1840 bekammer) hielt am 27. v. M. nachmittag
2038 1839 2949 1886 unter dem Vorſitz des Kammerpräſidenten Kerſch⸗
2038 1884 2949 1930 baumer eine Sitzung ab. Hiebei wurde an Stelle
2038 1928 2944 1973 des verſtorbenen Dr. Chriſtomannos der Vize⸗
2040 1974 2947 2020 präſident der Kammer Dr. Forcher⸗Mayr
2038 2018 2949 2063 zum Landtagsabgeordneten gewählt.
2040 2062 2949 2108 Weiter wurde mitgeteilt, daß im Staatseiſen⸗
2041 2108 2948 2152 bahnrate für Dr. Chriſtomannos der bisherige
2039 2152 2948 2202 Erſatzmann Franz Rottenſteiner ſtatutengemäß
2039 2196 2949 2242 deſſen Stelle einnimmt; Herr Vizepräſident
2040 2240 2948 2287 Forcher⸗Mayr wird als ſein Stellvertreter fun⸗
2039 2283 2948 2333 gieren. Die Organiſation des Handels des Kam⸗
2040 2329 2948 2375 merbezirkes hat durch die unlängſt erfolgte Kon⸗
2040 2373 2948 2421 ſtituierung der Genoſſenſchaft der Weinhändler
2042 2416 2951 2463 einen erfreulichen Ausbau erfahren. Der Klub
2039 2460 2951 2507 der Weinhändler Deutſch⸗Südtirols, über deſſen
2041 2505 2950 2553 Anregung die genoſſenſchaftliche Organiſation
2040 2550 2949 2599 erfolgte, wird ſich infolge deſſen demnächſt auf⸗
2043 2594 2951 2639 löſen. In die Kommiſſion für die heurigen
2043 2637 2951 2685 Kammerergänzungswahlen wurden die Herren
2041 2681 2950 2729 Forcher⸗Mayr, Told, Alois Oberrauch und Vi⸗
2042 2728 2948 2770 eider entſendet. Dem vom Kammerſekretär Dr.
2042 2771 2952 2818 v. Walther erſtatteten Berichte betreffend das
2043 2817 2951 2863 Gutachten zur Reform des Baugewerbes wurde
2042 2860 2951 2908 zugeſtimmt, die in dem Referate enthaltenen
2042 2904 2951 2952 Anträge wurden angenommen. Der Gehilfen⸗
2043 2950 2951 2995 ausſchuß von Bozen und Gries hat an den
2042 2993 2949 3041 Magiſtrat eine Eingabe gerichtet um Einfüh⸗
2041 3037 2950 3084 rung der 7 Uhr⸗Ladenſperre in allen Geſchäf⸗
2044 3082 2950 3129 ten. Die Kammer iſt um ein diesbezügliches
2043 3125 2949 3173 Gutachten erſucht worden. Dieſes geht dahin,
2040 3169 2948 3217 daß die derzeitigen Zuſtände auch weiterhin zu
2041 3214 2951 3259 verbleiben haben, die Kammer iſt mit Bezug
2042 3260 2950 3305 auf die beſtehenden Vorſchriften über den La⸗
2041 3303 2950 3351 denſchluß nicht in der Lage, das Anſuchen des
2042 3348 2954 3398 Gehilfenausſchuſſes zu befürworten. Der gewerb⸗
2043 3392 2955 3440 lichen Fortbildungsſchule in Lana wurde eine
2044 3435 2953 3484 Subvention von 200 Kronen bewilligt. Kam⸗
2043 3479 2953 3530 merſekretär kaiſ. Rat Dr. Siegl referierte über
2043 3523 2952 3576 das Weſen der neuen Wehrreform. Das Prä⸗
2044 3567 2955 3621 ſidium wurde ermächtigt, mit anderen Kam⸗
2044 3613 2954 3665 mern zu dem Entwurfe des neuen Wehrge⸗
2045 3664 2578 3708 ſetzes Stellung zu nehmen.
2082 3722 2955 3773 (Der Kaufmänniſche Verein Bo⸗
2044 3766 2956 3817 zen) hielt dieſer Tage ſeine 31. ordentliche
2044 3809 2955 3861 Generalverſammlung ab. Schriftführer Laska er⸗
2044 3856 2952 3906 ſtattete den Tätigkeitsbericht. Der Mitglieder⸗
2043 3899 2951 3950 ſtand beträgt 326, die Bibliothek zählt 2268
2045 3943 2951 3992 Bände. Kaſſier Herr Giardini berichtete über
2044 3987 2952 4040 die Kaſſagebarung; dieſelbe ſchließt mit einem
2045 4032 2952 4081 Saldo von 1022 Kronen ab. Die Mitglieds⸗
2044 4075 2953 4129 beiträge wurden für Chefs mit 20 Kronen,
2045 4120 2952 4172 für außerordentliche Mitglieder mit 16 Kronen
2045 4165 2954 4218 und für Angeſtellte mit 8 Kronen feſtgeſetzt. Die
2046 4210 2951 4262 Vorſtehung wurde wie folgt zuſammengeſetzt:
2046 4254 2954 4302 Obmann: Direktor J. E. Dieffenbach; Stell⸗
2046 4299 2952 4349 vertreter: Franz Rottenſteiner (neu); Beiſitzer:
2045 4343 2951 4395 Franz Bayer, Albin Caſtellani, Alois Coletti,
2043 4384 2952 4443 Franz Eckl, Franz Engele, Oswald Gaſteiger
2044 4431 2951 4482 (neu), Guido Giardini, Hans Goſtner, Ludwig
