3488 5255
146 190 337 232 Nr. 11085
785 190 1062 239 Wien, Samstag
1381 200 1967 243 Neue Freie Presse.
2314 205 2552 249 6. Juli 1895
3076 210 3232 251 Seite 13
111 268 1124 362 Geſchäftlicher Wegweiſer.
92 359 1142 406 Anzeigen für dieſe Rubrik übernimmt die Annoncen⸗Expedition
178 394 1049 437 M. Dukes, I., Wollzeile 6—8. Telephon Nr. 917.
87 461 1138 527 L. Adler sen., Wechſelſtube, I., Am Hof 5,
153 512 1141 550 In⸗ und ausländ. Fonds, Loſe, Action, Prioritäten, Münzen, Banknoten,
109 537 1141 575 Börſe⸗Operationen. Exotiſche Werthpapiere. Provinz⸗Aufträge ſorgfältigſt.
86 578 1136 642 Aixer Tafelöle. „Zum Oelbaum“, Wien,
164 629 552 662 I., Tegetthoffſtraße Nr. 1.
86 668 1138 733 Artaria & Co., Kunſt⸗ u. Landkartenhandlg.,
146 720 1142 754 I., Kohlmarkt 9. — Alte und neue Radirungen und Stiche, Porträts, Auſtriaca
113 749 1038 780 Viennenſia. Kartographiſcher Verlag, Depot der k. k. Generalſtabskarten.
85 786 1136 843 Pinſel⸗ u. Borſtenwaaren⸗Fabrik, Joh. B.
149 834 1135 872 Allertshammer, VI., Magdalenenſtraße 12. Engros⸗Lager von Kleider⸗, Kopſ⸗,
109 861 1134 895 Taſchen⸗, Zahn⸗, Nagel⸗ u. ſonſtigen Bürſten. Alleinverkauf per Bude'ſchen Maßſtäbe.
82 902 1136 967 Cascara⸗Sagrada⸗Paſtillen „Barber“. Vor⸗
153 952 1136 986 züglichſtes, von erſten Capacitäten empfohlenes, mild wirkendes Purgirmittel.
108 979 1136 1014 Einziger Erzeugungsort: Apotheke „Zum heiligen Geiſt“, Wien, I., Operngaſſe 16.
83 1019 1137 1084 Biſenius Franz Carl, Aſſocié d. k. u. k. Hof⸗
144 1069 1136 1105 Kunſtfeuerwerkers A. Stuwer, Wien, I., Singerſtr. 11, Mezz. Ausführ. v. Decorat.,
106 1096 1137 1127 Illuminat. u. Kunſtfeuerwerken loco u. ausw. Prompt. Verf. all. Erzeugn. Preisl. grat.
83 1136 1135 1209 J. Audel's überſeeiſches Pulver, Specialität
140 1184 1134 1220 zur Ausrottung u. Vernichtung aller Inſecten, als: Schwaben, Ruſſen, Wanzen ꝛc.
107 1212 1001 1246 Proſpecte gratis. Central⸗Depot F. Berlyak, Wien, I., Naglergaſſe 1.
78 1252 1127 1315 Transportable Eiſenbahnen, Eiſenbahnbe⸗
150 1301 1132 1339 darf, Weickum⸗Kugelſchubthore ꝛc. bei Weickum's Nachſ. E. v. Bucher,
104 1328 725 1360 Wien, XIV/1, Neubergenſtraße 32. Telephon 6271.
80 1369 1131 1433 Cravaten⸗Nouveautés, I., Franz⸗Joſephs⸗
139 1417 1131 1455 Quai 7, Hermann Baumgärtner. Reichhaltigſte Auswahl, billigſte Preiſe.
104 1445 1130 1479 En gros, en détail. Prov.⸗Auſtr., ſelbſt kleinſtes Quantum, raſcheſte Effectuir.
75 1484 1126 1548 Specialität. Directer Bezug von Thee von
148 1535 1128 1570 der Inſel Ceylon. Brocken⸗Pecco per Kilo fl. 3.55, Pecco⸗Souchong per Kilo
98 1557 1129 1597 fl. 3.20. Souchong per Kilo fl. 3. F. Berlyak, Wien, X., Naglergaſſe 1.
76 1601 1125 1674 Patent⸗, Muſter⸗ und Markenſchutz erwirkt
154 1651 1127 1687 in allen Staaten Ingenieur Victor Monath (früher A. Buſch), behördl.
101 1677 696 1709 autoriſ. Patent-Anwalt, I., Jaſomirgottſtraße 4.
75 1717 1125 1781 Gas⸗ und Benzinmotoren, Pumpen, Trans⸗
159 1766 1126 1804 miſſionen, die beſten, billigſten, mit d. gold. Medaille ausgezeichnet, 2jähr.
98 1791 1125 1828 Garantie, bei J. Blaſchke, Gasmotorenfabrik, V., Rampersdorfgaſſe 14.
71 1827 1125 1898 Bade zu Hauſe in Dittmann's Wellen⸗Bade⸗
148 1882 1125 1919 ſchaukel! (Patent 45/1595), nervenſtärkendſtes Wellenbad. Als Voll⸗, Sitz⸗ u.
97 1907 1125 1944 Kinderbad verwendbar. Carl Becker, V/I, Traubeng. 1 a, Tel. 5089. Preisl. gratis.
74 1949 1125 2014 Werkzeuge für Maſchinen, Gas ꝛc., Gewind⸗
165 1998 1124 2035 Schneidewerkzeuge: Original⸗Mitworth: Reibahlen: ſchl. Profil⸗Traiſſer
97 2025 1125 2063 ꝛc. Werkzeugfabrik Heinr. Bink, XVI., Panikengaſſe 34. (Telephon 6463.)
70 2065 1120 2131 Eisſchränke, Eiskammern, Eishäuſer. Inge⸗
132 2115 1123 2154 nieur Franz Bollinger, Wien, VI., Magdalenenſtraße 4, neben dem
96 2141 370 2172 Theater an der Wien.
71 2180 1123 2246 Schweißblätter, die beſten, in allen Aus⸗
144 2232 1123 2270 führungen liefert die Fabrik A. Eichberg, Wien, IX., Waſagaſſe 3.
96 2257 841 2294 Ebenſo alle Sorten Knöpfe. Provinzaufträge prompt.
68 2297 1122 2362 Vorhänge. Carl Feiner, I., Hoher Markt 1,
130 2350 1123 2388 Fabriksniederlage von Tüll⸗ und Spitzenvorhängen beſter Qualität, per Fenſter
94 2374 928 2409 von fl. 1.20 aufwärts. Illuſtrirte Preiskataloge gratis und franco.
67 2414 1117 2477 Siegmund Fluß, Dampfkunſtfärberei, chem.
136 2465 1119 2503 Maſch.⸗Wäſch. f. Herren⸗, Damen⸗ u. Kindergarderobe. Etabl. I. Rang. Wien, II.,
93 2489 1117 2528 Kl. Sperlg. 3, Brünn. Ferdinandsg. 28, Prag. Wenzelspl. 58 neu. Prov.⸗Auftr. prompt.
63 2530 1116 2604 Julius Franke, VI., Hirſchengaſſe 4, Albums,
123 2580 1118 2619 Mappen f. Adreſſen, Dipl., Photogr. ꝛc., Bucheinbände, Reliefprägungen, Leder⸗
85 2606 1118 2642 ciſelirungen, Montirung v. Lederſitzmöbeln u. Stickereien u. allen einſchl. Arbeiten.
62 2645 1116 2711 Exotiſche Werthpapiere. Edmund Grün,
139 2694 1117 2736 IX., Kolingaſſe 10. Coulanteſter Ein⸗ u. Verkauf; Ausgabe des authentiſchen
93 2722 761 2757 Cursblattes für exotiſche Werthpapiere jeden Montag.
61 2770 1116 2836 Droguerie „Zum Schwan“, I., Franz⸗Joſephs⸗
120 2821 1115 2861 Qua 2 Naphtalin, Camphor, Carbolkalk, Carbolſäure, Inſectenpulver ꝛc. ꝛc.
89 2848 1115 2885 Billigſt Preiſe. Provinzaufträge prompt. En gros, en détail. Preisblatt gratis u. frco.
60 2890 1115 2954 Carl Hoffmann jun., IX., Alſerſtraße 38 (Drei⸗
119 2939 1115 2975 lauferhaus), empfiehlt ein reichhaltiges Lager moderner Damenkleider, Co⸗
87 2963 1114 3000 ſtüme, Jacken, Krägen in⸗ und ausländ. Modeſtoffe zu mäßigen Preiſen.
57 3004 1113 3069 Orig. engl. Meſſingbett, Waſchtiſche, Ein⸗
137 3056 1114 3092 ſätze, Zelle, Bänke, Tiſche u. ſämmtliche einſchl. Eiſenmöbel. Firma Carl
85 3081 733 3116 Hartmann. I., Liebenberggaſſe 6. Preisliſte gratis.
62 3120 1109 3186 Glaſer's Original⸗Füllung von Dreher's
141 3164 1109 3209 Klein⸗Schwechater und Pilsner Export⸗Lagerbier. Franco ins Haus
83 3197 998 3234 von 10 Flaſchen aufwärts. II/5, Jägerſtraße 35. Telephon 7742.
56 3239 1110 3307 K. k. priv. Hirſchkräuter⸗Zeltchen, 20 mal
136 3287 1109 3326 prämiirt. Beſtes Mittel gegen Huſten u. Heiſerkeit. Theater⸗Doſen à 10 kr. Probefl.
85 3314 1110 3352 Hirſchkräuterſaft à 25 kr. Echt nur von L. Haiſt, Wien, VI., Mariahilferſtr. 117.
53 3359 1110 3427 Bei Bruſt⸗ u. Lungenleiden wird Dr. Wil⸗
132 3412 1110 3453 helm's Kefirpulver zur Selbſt⸗Darſtellung der Kefirmilch mit beſtem Erfolge
80 3440 1109 3477 angewendet. Preis 1 fl. 20 kr. für 10 halbe Liter. Zu haben in allen Apotheken.
55 3475 1105 3543 Meraner Rothweine vorzüglicher Qualität
150 3530 1108 3566 empfiehlt in Gebinden von 50 Litern aufwärts Joſef Hölzl, Weinproducent
79 3554 680 3588 u. Kellerei in Obermais (Meran), Tirol.
55 3594 1105 3669 J. B. Hardtmuth, k. u. k. Hof⸗Hutwaaren⸗
140 3646 1106 3683 Lieferant, Wien, I., Lichtenſteg 2 (früher Kohlmarkt 3). Reichhaltigſtes Lager
77 3671 1105 3708 in engl. u. Wiener Seiden⸗ u. Filzhüten. Specialiſt in Livréehüten u. Einſchlägigem.
54 3708 1101 3775 Landſchaftlicher Rohitſcher Sauerbrunn,
102 3760 1105 3797 vorräthig in allen Apotheken, Mineralwaſſer⸗ und Spezereihandlungen. Engros⸗
74 3789 953 3824 Lager und General⸗Vertretung: J. Kaltenegger, Wien, XVIII/2.
51 3825 1102 3892 Möbel⸗Fabriks⸗Niederlage von Ang. Knob⸗
133 3878 805 3912 loch's Nachf., VII., Breitegaſſe 10—12. Gegr. 1835.
50 3915 1099 3982 Tapeten⸗Niederlage von W. Klobaſſer, Wien,
123 3968 1101 4007 I. Bezirk, Kolowratring Nr. 8. Tapeten von der einfachſten bis zu den feinſten
75 3993 363 4024 Sorten. Billige Preiſe.
51 4033 1095 4101 Rollbalken aus Stahlblech u. Sonnenplachen
112 4084 1101 4122 erzeugt in beſter Ausführung die k. u. k. a. priv. Gußſtahlwaarenfabrik Müller
73 4107 1040 4148 & Witzmann (Inzersdorf b. Wien), V/1, Ziegelofengaſſe 28 (Telephon 7780).
46 4156 1100 4221 Manz'ſche k. k. Hof⸗, Verlags⸗ und Univer⸗
124 4208 1100 4246 ſitäts⸗Buchhandlung, Wien, I., Kohlmarkt 20, Specialgeſchäft f. Rechts- u. Staats⸗
65 4233 1066 4274 wiſſenſchaft. Reichh. Lager geb. u. ungeb. Werke aus allen Zweigen d. Literatur.
44 4273 1096 4345 Firma⸗ u. Aufſchriftstafeln aus Spiegelglas,
96 4324 1094 4362 Holz, Blech, Metallguß, Buchſtaben a. Holz, Zink, Bronze, Goldglas, Aufſchr. a. Mauern
71 4349 1095 4388 Schaufenſt. ꝛc O. Müller, V., Kettenbrückeng. 13. Koſtenüberſchl. nach Größenangabe.
44 4389 1091 4453 Drahtbürſten, Piaſſava⸗Beſen, alle Sorten
113 4438 1093 4481 techniſche Bürſten, Joſef Markl, Specialiſt, Wien, V/2, Spenger⸗
70 4464 464 4499 gaſſe Nr. 36. Telephon 8916.
45 4506 1087 4581 Holzriemenſcheiben, öſt.⸗ung. Patent, billiger
116 4555 1092 4599 und praktiſcher als eiſerne, empfiehlt Julius Mauersberger, Dresden,
73 4582 281 4613 Sachſenplatz 4 A.
41 4619 1092 4695 500 Cloſetpapier 15 kr. Schottwiener Papier⸗
101 4673 1091 4714 fabrik, Wien, VII., Kaiſerſtraße Nr. 76. — Filiale: I., Tuchlauben Nr. 7 (im
68 4696 394 4731 Bazar), Papierhandlung.
46 4736 1091 4802 Mercur, Wechſelſtuben⸗Actiengeſellſchaft,
121 4788 1090 4829 Wien, I., Wollzeile 10, Mariahilferſtraße 74 B. Ein⸗ und Verkauf aller
66 4813 1016 4854 Gattungen Werthpapiere, Loſe, Valuten ꝛc. Promeſſen zu allen Ziehungen.
50 4855 1085 4918 Eiſenmöbelfabrik Herm. Neye & Co., II.,
113 4904 1086 4946 Franzensbrückenſtr. 13. Betten aller Art, Betteinſätze, Kinderbetten,
64 4930 1087 4971 Waſchtiſche, Gartenmöbel. Specialit.: Volleiſenbetten. Schutz geg. Ungeziefer.
63 4972 1087 5034 „Sultanin“ ⸗ Cigarettenhülſen, anerkannt
137 5020 1088 5060 Vorzüglichſtes! Geſetzt. geſchützt. Specialitäten⸗Cigarettenhülſen⸗ u. Ci⸗
64 5046 1079 5088 garrenſpitzen⸗Fabrik Brüder Opawski. IV/1, Kettenbrückeng. 8 (en gros en détail)
52 5086 1086 5152 Glasätzerei und Schildermalerei, Buchſtaben⸗
109 5137 1086 5178 fabrik und Dampfglasſchleiferei F. Ofter, Wien. V., Hundsthurmerſtraße 25,
63 5162 1086 5206 Teleph, 4084. Gegr. 1834.) Lager v. Email⸗, Glas⸗, Holz⸗ u. Metall⸗Buchſt.
1157 273 2199 337 Neueſtes für Damen. Die ſchönſten Krägen
1223 324 2201 363 von fl. 4, Sammt⸗Capes von fl. 7; Jaquets von fl. 5; Wettermäntel von fl. 9,
1180 349 2203 389 Loden⸗Coſtüme von fl. 12, Kleider von fl. 12. J. U. Plank, II., Praterſtraße 36.
1156 391 2195 454 Wechſelſtube Rudolf Reitler, Wien, I., verl.
1234 438 2200 480 Kärntnerſtraße 51, vis-à-vis der Oper, Ein⸗ und Verkauf aller Gattungen
1176 465 2201 503 Werthpapiere, Loſe, Valuten. Loſe auf Theilzahlungen. Börſenaufträge coulanteſt.
1153 504 2203 568 Linoleum (Korkteppiche), dauerhafteſt. Boden⸗
1199 555 2204 596 belag für ganze Räume, auch Läufer, Waſchtiſch⸗Vorlagen verbeſſerter Methode.
1173 582 2048 617 Joſeph R. Reisner, Wien, I., Kalowratring 7. Telephon Nr. 3833.
1154 620 2203 683 Bremer und Hamburger Cigarren, Habana⸗
1217 672 2205 711 Importen, Cigaretten und Tabake. Größte Auswahl bei J. J. Rupprecht
1177 696 1957 734 ſel. Sohn, Nürnburg, Königsſtraße 76 und Kaiſerſtraße 10.
1152 746 2201 810 Linoleum (Korkteppiche), dauerhafteſt. Boden⸗
1196 796 2200 837 belag für ganze Räume, auch als Läufer, Waſchtiſch⸗Vorlagen ꝛc. F. C. Coll⸗
1171 823 1943 859 mann's Rachf. A. Reichle, Wien, I., Kolowratring Nr. 3.
1150 863 2192 928 Exotiſche Werthpapiere. Goldſchmidgaſſe 6.
1149 953 2196 1015 Stanislaus Scheich, Bank⸗ und Wechsler⸗
1205 1004 2197 1044 geſchäft. I., Goldſchmiedgaſſe 6. Coul. Ausführung von Börſe⸗Operationen,
1170 1029 2102 1068 ſorgfält. Erledigung aller ſachlichen Anfragen. Exotiſche Werthpapiere.
1149 1069 2196 1132 Gas⸗ und Petroleum⸗Motore, im Betriebe
1229 1119 2199 1160 die billigſten und ſolideſten. Höchſte Auszeichnungen. Proſpecte gratis. Anton
1173 1143 1739 1180 Schropp, Wien, VII., Döblergaſſe 10.
1147 1191 2197 1257 Schuhwichſe, Leder⸗Conſervirungsmittel
1214 1244 2196 1285 „Cirage a Harnais“ für Pferdegeſchirre ꝛc., Leder⸗Lack. Selbſterzeugung:
1169 1270 2197 1310 F. Smetana, Wien, X., Sennefelderg. 32. Mäßige Preiſe. (Provinzauftr. prompteſt.)
1145 1310 2197 1373 S. Springer, Marchand-tailleur, Wien, I.,
1235 1360 2197 1401 Schottenring 33. Nouveautés feinſter In⸗ und Ausländer Stoffe. Special⸗
1168 1386 1906 1424 Salon für exacteſte Effectuirung feinſter Herren⸗Garderobe.
1144 1427 2194 1492 Eduard Urban, Bankgeſch., Brünn, empf.
1217 1477 2196 1518 ſich für alle in ſein Fach einſchlagenden Geſchäfte. Specialität: Anlehens⸗Loſe⸗
1166 1504 2130 1543 geſchäft. Verkauf aller Loſe auch gegen Raten. Solide Agenten werden geſucht.
1142 1550 2188 1625 Fichtennadel⸗ u. Eibiſch⸗Bonbons v. D. Ull⸗
1198 1603 2194 1643 mann's Söhne, ſehr wirkſame Mittel gegen Huſten, Heiſerkeit ꝛc., in Päckchen
1166 1630 1526 1660 zu 10 kr. in den Apotheken.
1140 1668 2191 1730 Die Mehlſpecialitäten.von Franz Watzek,
1206 1717 2192 1757 früher Neuer Markt unter Lauben, befindet ſich jetzt Bräunerſtraße Nr. 12.
1138 1758 2181 1822 Theater⸗Tricots u. alle Sorten Wirkwaaren,
1209 1807 2187 1850 Reithoſen für Damen und Herren, Joh. P. Winkler, k. u. k. Hof⸗ u.
1159 1834 2037 1872 Kammer⸗Lieferant, Wien, I. Bezirk, Kärntnerſtraße Nr. 53 b.
1138 1882 2186 1948 Möbel⸗Fabrikslager Jacob Weiner's Erben,
1218 1933 2190 1975 Wien, II., Gr. Stadtgutgaſſe 34 (gegr. 1856). Reichhaltigſtes Lager ſo⸗
1160 1960 2190 2000 lider Möbel aller Art en gros et en détail. Ill. Kataloge gratis u. franco.
1137 2000 2189 2064 Mich. Wospiel, k. u. k. priv. Sonnen⸗ u. Regen⸗
1230 2054 2189 2091 ſchirm⸗Fabrik, Wien, IV., Mitterſteig 17 a, Phorusgaſſe 16 (vis-à-vis Markt⸗
1159 2077 2187 2116 halle). Gegründet 1848. Reichhaltigſtes Lager aller Genres. En grós et en détail.
1136 2119 2181 2183 Eiskäſten mit entnehmbarem Eis⸗ u. Waſſer⸗
1209 2169 2182 2208 behälter und Kühlkammern von M. Weinmann, techn. comm. Leiter, Wien,
1160 2193 1421 2227 XV., Gasgaſſe 6.
1137 2235 2187 2298 Wechſelſtube Alfred Weisz, I., Wipplinger⸗
1228 2286 2187 2326 ſtraße 4. (Ecke Hoher Markt.) Alle Renten, Loſe, Pfandbriefe, Valuten. Börſen⸗
1160 2311 1850 2349 aufträge coulant. Auskünfte und Informationen gratis.
1274 2389 2060 2471 Hotel-Anzeiger.
1134 2470 1691 2537 Achensee-Pertisau.
1700 2477 2185 2522 „Hotel Stefanie“, 3 Mi-
1702 2514 2185 2556 nuten von Dampfschiff-Stat.
1164 2539 2185 2589 entfernt; feine Wr. Küche; Pilsner-Bier vom Fasse; warme Bäder.
1133 2589 1348 2650 Aussee.
1362 2592 2183 2634 Hotel Sonnenschein, rituelle Küche, Aus-
1364 2625 2183 2674 sicht auf das schönste Gebirgspanorama, elektrisch
1159 2659 1718 2699 beleuchtet, Omnibus am Bahnhof.
2105 2674 2183 2706 8229
1132 2706 1350 2778 Aussee;
1358 2707 2183 2754 Steiermark. Hôtel Erzherzog Franz Carl
1361 2744 2182 2788 u. „zur Post“. Haus ersten Ranges. Elektrische
1162 2773 2181 2825 Beleuchtung. 12 Balcons (neu), grosse Speisesäle. Schattiger
1159 2807 2182 2860 Restaurations-Garten und Veranden und als gute Küche be-
1161 2842 1736 2884 kannt. Besitzer HANS SCHUSTER.
2115 2861 2185 2888 6602
1132 2891 1693 2965 Attnang-Puchheim,
1703 2895 2182 2936 Salzkammergut, Ob.-Oe. Bahn-
1704 2928 2179 2972 hof-Restauration, verbunden m.
1161 2957 2181 3005 dem Bahnhof-Hôtel, bester Comfort. Bes. JOSEF KOCH, Bahnhofrest.
1128 3006 1421 3083 Budapest.
1425 3010 2178 3057 „Hôtel Jägerhorn“, Hôtel I. Ranges,
1428 3045 2178 3090 im Centrum der Stadt, nahe den Landungs-
1157 3073 2178 3124 plätzen der Donau-Dampfschiffe, in schönster Situation, neu und
1158 3108 2178 3155 comfortabel eingerichtet. Café und Restaurant im Hause sehr
1156 3141 1976 3190 besucht, vorzügliche Bedienung. KAMMER ERNÖ.
2113 3160 2178 3193 1043
1125 3190 1373 3253 Bremen.
1385 3193 2178 3241 Bahnhofs-Wirthschaft. Vorzügl. Küche,
1385 3224 2178 3277 Table d'hôte, feine Weine. Diners à part. Wein-
1158 3258 1634 3299 grosshandlung G. EBRECHT.
2117 3277 2176 3306 3494
1125 3307 1383 3370 Dresden.
1407 3309 2173 3358 Original Wiener „Café Central“,
1406 3344 2176 3387 nächste Nähe der Bahnhöfe, sowie aller Sehens-
1157 3372 1683 3415 würdigkeiten. PETER PEBÖCK.
2094 3394 2176 3422 10123
1120 3422 1551 3488 Frankfurt a. M.
1555 3426 2174 3470 Hôtel Continental, Haus I. R., vis-
1554 3458 2173 3506 à-vis d. Hauptbahnhofe. Elektr. Licht,
1154 3487 2174 3536 Centralheizung, Lift u. Comf. Bes. R. GERSTENBRAND a. Wien.
1121 3538 1548 3605 Frankfurt a. M.
1555 3542 2171 3586 Hôtel Schwan. Altrenomm. Hôtel
1552 3577 2172 3618 1. Ranges. Hier wurde d. d.-fr. Friede
1151 3604 2172 3655 (Mai 1871) abgeschl. Prachtv. Hof, Ren.-Styl. Bes. ED. STERN.
1118 3653 1519 3716 Franzensbad.
1535 3659 2171 3704 „Kaiserhof“ (vorm. „Philadelphia“).
1536 3693 2170 3732 Grosses comfortables Familienhotel ersten
1150 3721 2172 3767 Ranges, in der Nähe der Bäder-Quellen, inmitten herrlicher Park-
1150 3756 2169 3803 u. Gartenanlagen. Anerkannt gute curgemässe Küche. Civile Preise.
1117 3798 1520 3862 Franzensbad.
1534 3803 2169 3845 „Hotel Post“ mit Privat-
1532 3838 2167 3879 häusern „Kaiserhaus“ und
1146 3866 2100 3915 „Villa Impériale“, erstes und grösstes Etablissement.
2100 3882 2169 3916 4835
1115 3919 1512 3988 Franzensbad.
1516 3926 2167 3972 Kopp's Königsvilla, 106—108 Salz-
1516 3961 2166 4004 quellstrasse. Neuestes grosses Hotel u. Pen-
1147 3990 2165 4038 sion. Wiederholt Absteigequartier höchster u. hoher Herrschaften.
1115 4039 1357 4102 Goisern.
1364 4042 2167 4085 Das Erzh. Marie Valerie-Bade-Eta-
1365 4076 2167 4123 blissement (alkalische Schwefeltherme), Hotel
1146 4107 2082 4154 und Pension, ist eröffnet. Prospecte auf Verlangen gratis.
2090 4127 2165 4156 1082.
1114 4156 1408 4232 Hamburg.
1416 4159 2164 4202 Hôtel zu den vier Jahreszeiten.
1417 4193 2164 4241 Haus I. Ranges. Jungfernstieg u. Alsterbassin,
1143 4222 2010 4269 Lift u. elektrische Beleuchtung. Besitzer A. PAEGEL. 6281
2095 4245 2160 4270 6281
1110 4272 1421 4332 Innsbruck.
1435 4275 2161 4319 Hôtel Victoria, Hôtel Garni, vis-à-vis
1436 4310 2160 4354 dem Bahnhof. Neu eröffnet. Elektr. Beleucht.
1135 4335 2040 4388 Portier am Bahnhof. GILBERT, Besitzer beider Hotels.
2085 4361 2160 4388 10131
1108 4388 1419 4451 Innsbruck
1430 4390 2159 4437 Hotel Stadt München, 3 Min. v. Bahnhof.
1428 4426 2158 4470 Als bestes Haus II. R. bekannt. Comfort I. R. Wr.
1139 4455 2157 4504 Küche, vorz. Getr., ausgez.Tir. Weine. Restaurationsgart. Elektr. Bel.
1107 4505 1268 4564 Ischl.
1280 4506 2160 4549 „Hotel Austria“ an der Esplanade. Familienhotel
1282 4539 2073 4584 Sr. kais. Hoheit des Herrn Erzherzogs Franz Karl. 10125
2081 4554 2159 4585 10125
1106 4586 2153 4671 Karlsbad. Hôtel Kroh ersten Ranges.
1103 4668 1395 4729 Karlsbad.
1405 4672 2154 4720 „Hôtel Lyon“. Exquisite Küche, ff.
1404 4705 2073 4747 Getränke. JOSEF PEITHNER, Hotelier.
2082 4722 2155 4750 10122
1105 4750 1389 4810 Karlsbad.
1402 4753 2154 4798 Charwat's Weinstuben (Hausmarke
1401 4786 2152 4831 Schützenwein) ist als bestrenommirtes Local
1134 4818 1731 4862 anzuempfehlen. ERNST CHARWAT.
2077 4836 2152 4868 10121
1101 4866 1438 4942 Klagenfurt.
1454 4870 2151 4914 „Hôtel Kärntnerhof“ im Centrum
1454 4904 2151 4949 der Stadt, am Cardinalsplatz, sehr schöne
1131 4934 1741 4976 Fremdenzimmer zu mässigen Preisen.
2071 4953 2151 4981 10439
1101 4983 1485 5059 Kopenhagen.
1497 4988 2151 5034 Hotel König von Dänemark,
1498 5019 2148 5064 ersten Ranges am Königs-Neumarkt. Mäss.
1133 5049 2147 5097 Preise. Oest. Zeit. Deutsche Bedien. Fahrstuhl. Elektr. Licht. R. KLÜM.
1100 5098 1252 5162 Köln.
1270 5099 2147 5149 Hôtel Continental; in nächster Nähe des Cen-
1270 5133 2145 5184 tralbahnhofes am Südportal des Domes. Elektr. Licht,
1130 5166 1843 5215 Dampfheizung und Aufzug. F. OBERMAIT.
2070 5187 2146 5218 8493
2219 280 2480 345 Laibach.
2493 281 3275 324 Hotel Elefant. Haus I. Ranges. Bade⸗
2496 317 3276 361 Anstalt im Hause; sehr schöne Café- u. Restau-
2250 351 2927 389 rations-Localitäten. JOSEFINE GNESDA.
3183 363 3273 392 6611
2220 398 2462 473 Leipzig.
2474 400 3274 440 Alleiniges Wiener Restaurant, Beet-
2470 433 3272 478 hovenstrasse 1, vis-à-vis des neuen Gewandhauses
2248 464 3189 506 und des deutschen Reichsgerichtes. Besitzer A. HANNES.
3206 482 3273 510 8944
2218 515 2487 573 Linz a. D.
2492 516 3273 561 Hotel Krebs, am Landungsplatze der Dampf-
2490 549 3273 591 boote. RUD. NEUBAUER, zugleich Besitzer des
2248 579 3037 624 Hôtel Neubauer in Bad Hall, Ob.-Oesterreich.
3208 597 3273 631 6607
2220 629 2617 694 Maria-Schutz
2624 634 3272 676 am Semmering. „Hôtel Bellevue“,
2623 667 3270 711 756 M. h., 30 Min. v. d. Station. Luftcurort,
2248 697 3270 746 windgesch., renov., Post, Telegr. u. Teleph. i. Hause. Omnib. b. a. Zügen.
2218 745 2424 806 Meran.
2433 747 3272 790 Grand Hôtel Meran. Vornehmstes Haus. Das
2431 779 3274 824 ganze Jahr geöffnet. Pension. F. FREYTAG, Besitzer.
2215 827 2428 891 Meran.
2440 829 3273 877 „Hôtel Habsburgerhof“ u. Dependance, Haus
2441 864 3273 910 ersten Ranges, am Bahnhofsplatz. Das ganze Jahr
2246 895 2802 936 geöffnet. Besitzer JOSEF FUCHS.
3209 914 3278 945 5942
2213 942 3012 1020 München. Hôtel Continental,
3012 950 3277 995 Haus I. Ranges.
3030 984 3246 1027 Beste Lage.
2245 1008 3274 1057 Höchster Comfort. Mässige Preise. Elektr. Beleucht. Lift.
2215 1059 2497 1119 München.
2500 1062 3271 1105 Bahnhofhôtel Stecher gegenüber d. Cen-
2501 1093 3270 1144 tralbahnhof, Arnulfstr. 16, mit allem Comfort
2244 1124 2908 1170 der Neuzeit ausgestattet. Mässige Preise.
3188 1145 3273 1175 10518
2212 1174 2520 1251 Nürnberg.
2529 1175 3273 1222 Hotel Strauss. I.Rang., beste Lage, vis-a-vis
2528 1212 3270 1258 Post u. Telegraph. 150 Zimmer. Elektr. Licht.
2240 1243 3271 1291 Restaur. u. Weinstube, franz. Küche, ausges. Weine. GUSTAV TODT.
2212 1291 2418 1359 Pilsen.
2423 1293 3267 1343 Hotel „Pilsener Hof“, neu erbaut, mit grossen
2417 1327 3270 1376 luftigen eleganten Zimmern, Personen-Aufzug u. Bäder.
2243 1359 3204 1407 Eleg. Restaurations- u. Café-Localitäten. BAUER & BUSCHEK.
3202 1380 3272 1408 4833
2208 1405 2540 1471 Pörtschach
2546 1412 3268 1454 am Wörthersee! ALOIS STAREK's
2543 1445 3265 1490 Grand Restauration und Café ersten
2240 1475 3266 1525 Ranges! Im Mittelpunkte des überraschend schönen Parkes von
2240 1508 3266 1558 Ernst Wahliss' Etablissement und des ganzen Sees! Schönste
2239 1543 3266 1594 Fernsicht von den Terrassen und Veranden der Restauration und
2239 1577 3265 1631 des Cafés. Täglich alle Saison-Specialitäten, sowie Wiener, unga-
2236 1612 3264 1665 rische, französische, englische und italienische National-Speisen.
2208 1659 2375 1735 Prag.
2382 1663 3264 1713 „Hôtel schwarzes Ross“, Haus I. Ranges, am
2383 1696 3266 1749 Graben, beste Lage, aller Comfort, civile Preise.
2239 1727 2897 1772 H. & K. CIFKA, k. u. k. Hoflieferanten.
3196 1752 3266 1779 6601
2203 1776 2370 1853 Prag.
2381 1779 3264 1829 „Hôtel blauer Stern“ (CARL SELTMANN).
2378 1813 3264 1866 Haus ersten Ranges, hervorragende Lage, elektrische
2238 1843 2781 1889 Beleuchtung im ganzen Hause.
3183 1868 3267 1897 10793
2205 1893 2370 1966 Prag.
2383 1895 3264 1948 Café-Restaurant Bellevue am Franzensquai.
2381 1929 3092 1975 Schönste Lage. Rendez vous aller Fremden.
3176 1950 3263 1977 10129
2202 1974 2428 2038 Prerau.
2446 1978 3263 2026 „Hotel Prerau“. Neu eröffnetes Hotel mit
2442 2012 3260 2065 Restauration und Kaffeehaus, sehr schönen luftigen
2234 2045 3119 2092 Zimmern zu billigen Preisen. CLEMENT L. JEŽIŠEK.
3190 2069 3260 2093 4831
2203 2091 2580 2155 Reichenhall.
2583 2097 3265 2145 Hôtel Bavaria. Bahnst. Kirchberg.
2579 2129 3261 2179 Knotenpunkt f. d. schönsten Ausflüge, sehr
2232 2159 3192 2210 sch. Zimmer u. vorzügl. Küche zu mäss. Preis. J. ZUCKRIGL.
3197 2183 3267 2211 6280
2200 2208 2496 2284 Salzburg.
2503 2212 3259 2263 Elektricitäts-Hôtel, herrlichste Lage,
2501 2241 3258 2294 100 Fremdenzimmer, Lift, alle Räume elek-
2233 2277 2552 2314 trisch beleuchtet.
3182 2299 3258 2328 10536
2200 2318 2488 2397 Salzburg.
2496 2324 3261 2369 Hôtel u. Restaur. Mirabell. Schönster
2498 2353 3258 2409 Garten Salzburgs, Restaur. Sehensw. I. R. Dampf-
2230 2385 3170 2435 heizg. Elektr. bel. Comf. Zimmer. FRANZ MAYR, Hôtelier.
3179 2412 3258 2439 10128
2199 2434 2414 2497 Tarvis.
2429 2437 3256 2488 Hotel Schnabelegger, Haus I. Ranges, elektr.
2428 2471 3078 2520 beleuchtet Bäder. Touristen bevorzugt.
3179 2494 3258 2521 8365
2197 2519 2430 2592 Teplitz.
2440 2520 3255 2570 Hôtel „zur Post“, I. Ranges, Centrum der
2440 2553 2915 2595 Stadt. Omnibus am Bahnhof.
3184 2575 3257 2603 6609
2198 2599 2897 2669 Velden am Wörthersee
2907 2607 3253 2649 .„Etablissement
2909 2643 3252 2683 Wahliss.“ Schön-
2226 2667 3249 2720 ster Punkt am See. Anerkannt beste Restauration und Café.
2228 2702 3250 2755 Central-Landungsplatz der Dampfschiffe, mit directem Anschluss
2229 2736 3190 2786 von und zu den Eisenbahnzügen. Leopold Arlhofer.
3186 2759 3249 2787 8342
2196 2784 2455 2859 Venedig.
2449 2787 3253 2836 Volpisch' „Rest. Pilsen“ i. d. Intern. Kunst-
2451 2822 3251 2873 ausstellg. Oesterr., ung., ital. u. franz. Küche b. pers.
2224 2851 3253 2901 Bed. Bes. d. Pilsner Bierhalle in Venedig; Triest vis-à-vis d. alten Post.
2194 2901 2366 2962 Wien.
2376 2903 3251 2953 „Hotel Erzherzog Karl“, ersten Ranges, neu
2375 2938 3253 2990 renovirt, elektrisch beleuchtet, feinstes Restaurant,
2223 2968 2818 3015 Garten, Säle und chambres séparées.
3169 2993 3249 3021 10434
2197 3016 2371 3076 Wien.
2381 3019 3247 3066 Residenz-Hotel, I., Teinfaltstr. 6, gegenüber dem
2380 3051 3248 3106 Hofburgtheater. Haus ersten Ranges. Vornehmste Lage.
2221 3083 3246 3139 Aller Comfort, elektr. Beleuchtg., Dampfhzg. Jos. Zillinger, Hot.
2194 3131 2367 3194 Wien.
2379 3133 3247 3190 Hôtel Stadt Frankfurt, I., Seilergasse 14.
2380 3167 3245 3218 Renommirtes Haus I. Ranges mit allem Comfort.
2219 3200 3248 3254 Zimmer von 2 fl. an ohne Service-Berechnung. Beste Wiener und
2219 3234 3248 3289 französische Küche, berühmter Weinkeller. Personenaufzug.
2187 3283 2360 3344 Wien.
2365 3285 3249 3336 Hotel Zillinger, IV., Wiedener Hauptstrasse 25.
2362 3317 3245 3371 Sammelpunkt für Kaufleute u. Geschäftsreisende. Ange-
2210 3349 3244 3402 nehmes Logis. Zimmer von 80 kr. aufw. MAYERHOFER, Besitzer.
2190 3398 2366 3459 Wien.
2384 3399 3243 3449 Hôtel Höller, gegenüber den k. k. Hof-Museen
2381 3433 3240 3485 und dem Deutschen Volkstheater. Zimmer für 1 Person
2219 3467 3243 3519 von 1 fl. bis 3 fl.; für 2 Personen von 1 fl. 80 kr. bis 4 fl. Grosse
2213 3498 3240 3555 Restaurations-Localitäten mit Gartenveranda. Mässige Preise.
2216 3532 2854 3581 Nach dem Theater stets frische Küche.
3169 3559 3242 3585 6615
2185 3588 2358 3653 Wien.
2374 3591 3239 3643 Pension Vienna (Seng), IX., Frankgasse 6, Mez-
2369 3624 3237 3681 zanin, nächst der Universität. Elegant, gut, mässige
2216 3657 3153 3711 Preise. Aerzten Rabatt. MADELEINE SENG. Telephon 7005.
3158 3684 3235 3713 10229
2184 3708 2356 3769 Wien.
2363 3709 3240 3762 Pschorrbräu, k. k. österr. Hoflieferanten, Aus-
2359 3741 3236 3792 schank der Brauerei Pschorr in München. In Wien
2209 3772 3135 3824 I., Jasomirgottstrasse 3/5, nächst dem Stephansplatz.
3163 3797 3240 3826 10437
2181 3822 2394 3884 Zürich.
2408 3824 3238 3877 Grand Restaurant u. Café Metropole,
2405 3855 3232 3911 Stadt-Quai. Sehenswürdigk., Münchener Bürgerbräu
2213 3891 3166 3942 u. Pilsnerbier, vorzügl. Weine, intern. Küche, alle Zeitungen.
3169 3915 3237 3945 9654
2179 3939 2393 4002 Zürich.
2406 3939 3234 3991 Gd. Hôtel National & Terminus. Haus
2406 3977 3230 4026 ersten Ranges. Elektrische Beleuchtung. Lift. Mau-
2206 4006 3149 4060 rischer Speisesaal. Grand Café-Restaurant. Mässige Preise.
3163 4029 3235 4062 7706
2181 4078 3238 4181 Hôtel „z. Kronprinz“, Dresden.
2435 4183 2974 4223 Beſitzer: Reinhold Schulze.
2174 4217 3227 4268 Gut renom. Hotel, nach drei Seiten frei und ſchön gelegen, ganz nahe dem Schloß,
2175 4245 3231 4293 Opernhauſe und ſämmtlichen Sehenswürdigkeiten. Sechs Minuten nah dem Bahnhof
2174 4271 3228 4318 Berlin, Leipzig, Schleſien. Hydr. Perſonen⸗Aufzug, Bäder, Telephon. Preiſe mäßig.
2558 4302 2850 4339 Penſion von 5. M an.
3150 4316 3231 4343 10523
2247 4357 3179 4474 Alpen-Luft-Curort Bad Fuſch,
2172 4464 3228 4512 ſchönſte und geſündeſte Lage, mit prächtigem Gebirgspanorama, billige und gute Ver⸗
2171 4490 3224 4538 pflegung. Zum Sommer⸗Aufenthalte beſtens geeignet. Poſt⸗ und Telegraphenſtation
2171 4516 2295 4549 im Hauſe.
2169 4568 2232 4598 9229
2648 4545 3176 4607 Hotel Flatscher.
2238 4621 3146 4697 Sommerwohnungen und Einzelzimmer!
2168 4700 3221 4794 Wald-Idylle „Adamthal“
2166 4793 3218 4847 in den N.⸗Oeſt. Voralpen, 2000 Fuß Seehöhe, 1 Stunde von
2165 4826 3218 4882 d. Nied.⸗Oeſt. St.⸗B.⸗St. Hainfeld, Fahrpoſt u. Omnibusverkehr,
2164 4860 3215 4917 Fiaker zu den Wiener Zügen, windgeſchützt, ſtaub⸗ und rauchfrei, in
2164 4895 3214 4950 Mitte von 150,000 Joch Kiefern⸗, Fichten⸗ u. Tannenwaldungen, mit
2162 4931 3212 4984 Hôtel Garni, Dependance, einzelnen Villen, vorzüglichem Reſtau⸗
2162 4965 3211 5020 rant. Alle Gebäude unmittelbar am Walde, mit ſchattigen
2161 4999 3213 5056 Wegen, Ruheplätzen und Ausſichtswarten. Wieſenfreiheit für Kinder
2161 5035 3212 5090 und Erwachſene zum Barfußlaufen, Bäder, Billard, Clavier, ruſſ.
2161 5069 3211 5121 Kegelſpiel, Croquetplatz ꝛc. ꝛc. Wohnungspreiſe billig ohne Neben⸗
2160 5104 3160 5161 taxen. Jagdvergnügen und Forellenfiſcherei zur Verfügung.
2242 5145 3215 5202 Auskünfte ertheilt umgehend die Direction der Gebirgs⸗
2159 5180 3180 5236 Sommerfrische Adamthal bei Hainfeld, N.-Oe.
