<?xml version="1.0" encoding="UTF-8" standalone="yes"?>
<PcGts xmlns="http://schema.primaresearch.org/PAGE/gts/pagecontent/2013-07-15" xmlns:xsi="http://www.w3.org/2001/XMLSchema-instance" xsi:schemaLocation="http://schema.primaresearch.org/PAGE/gts/pagecontent/2013-07-15 http://schema.primaresearch.org/PAGE/gts/pagecontent/2013-07-15/pagecontent.xsd">
    <Metadata>
        <Creator>University of Innsbruck</Creator>
        <Created>2018-11-29T10:19:45.585+01:00</Created>
        <LastChange>2023-04-25T10:53:04.178+02:00</LastChange>
        <Comments>
                Measurement unit: pixel
                PrimaryLanguage: German
                Language: GermanStandard
                Producer: https://transkribus.eu/Transkribus/</Comments>
        <TranskribusMetadata docId="1394947" pageId="53863243" pageNr="100" tsid="119418452" status="GT" userId="48446" imgUrl="https://files.transkribus.eu/Get?id=CIEOLTKGXGVFKOHETARXKAWV&amp;fileType=view" xmlUrl="https://files.transkribus.eu/Get?id=YZZNZPZRAYWFALRJUJLGAJWP" imageId="38488925"/>
    </Metadata>
    <Page imageFilename="ONB_nfp_18950706_007.tif" imageWidth="3488" imageHeight="5345">
        <PrintSpace>
            <Coords points="0,0 3488,0 3488,5345 0,5345"/>
        </PrintSpace>
        <ReadingOrder>
            <OrderedGroup id="ro_1682495881409" caption="Regions reading order">
                <RegionRefIndexed index="0" regionRef="r1"/>
                <RegionRefIndexed index="1" regionRef="r2"/>
                <RegionRefIndexed index="2" regionRef="r3"/>
                <RegionRefIndexed index="3" regionRef="r4"/>
                <RegionRefIndexed index="4" regionRef="r5"/>
                <RegionRefIndexed index="5" regionRef="r6"/>
                <RegionRefIndexed index="6" regionRef="r7"/>
                <RegionRefIndexed index="7" regionRef="r8"/>
                <RegionRefIndexed index="8" regionRef="r9"/>
                <RegionRefIndexed index="9" regionRef="r10"/>
                <RegionRefIndexed index="10" regionRef="r11"/>
                <RegionRefIndexed index="11" regionRef="r12"/>
                <RegionRefIndexed index="12" regionRef="r13"/>
                <RegionRefIndexed index="13" regionRef="r14"/>
                <RegionRefIndexed index="14" regionRef="r15"/>
                <RegionRefIndexed index="15" regionRef="r16"/>
            </OrderedGroup>
        </ReadingOrder>
        <TextRegion type="header" id="r1" custom="readingOrder {index:0;} structure {type:header;}">
            <Coords points="394,251 192,248 191,187 392,182"/>
            <TextLine id="r1l1" primaryLanguage="German" custom="readingOrder {index:0;}">
                <Coords points="198,197 342,199 380,199 389,206 388,245 352,244 196,243"/>
                <Baseline points="200,237 254,237 384,238"/>
                <TextEquiv>
                    <Unicode>Nr. 11085</Unicode>
                </TextEquiv>
                <TextStyle fontFamily="Times New Roman" fontSize="7.0" bold="true"/>
            </TextLine>
        </TextRegion>
        <TextRegion type="header" id="r2" custom="readingOrder {index:1;} structure {type:header;}">
            <Coords points="1236,246 930,247 928,191 1238,189"/>
            <TextLine id="r2l1" primaryLanguage="German" custom="readingOrder {index:0;}">
                <Coords points="944,201 1223,202 1223,243 946,240"/>
                <Baseline points="962,236 1054,236 1221,235"/>
                <TextEquiv>
                    <Unicode>Wien, Samstag</Unicode>
                </TextEquiv>
                <TextStyle fontFamily="Times New Roman" fontSize="7.0" bold="true"/>
            </TextLine>
        </TextRegion>
        <TextRegion type="header" id="r3" custom="readingOrder {index:2;} structure {type:header;}">
            <Coords points="1461,174 2117,171 2113,248 1457,251"/>
            <TextLine id="r3l1" primaryLanguage="German" custom="readingOrder {index:0;}">
                <Coords points="1487,203 2032,203 2063,212 2070,238 2036,240 2002,242 1487,242"/>
                <Baseline points="1491,234 1642,237 1825,235 2064,235"/>
                <TextEquiv>
                    <Unicode>Neue Freie Presse.</Unicode>
                </TextEquiv>
                <TextStyle fontFamily="Times New Roman" fontSize="6.5" bold="true"/>
            </TextLine>
        </TextRegion>
        <TextRegion type="header" id="r4" custom="readingOrder {index:3;} structure {type:header;}">
            <Coords points="2583,246 2306,239 2308,173 2586,171"/>
            <TextLine id="r4l1" primaryLanguage="German" custom="readingOrder {index:0;}">
                <Coords points="2331,200 2439,200 2562,203 2568,241 2381,238 2325,237"/>
                <Baseline points="2331,232 2363,233 2452,233 2562,234"/>
                <TextEquiv>
                    <Unicode>6. Juli 1895</Unicode>
                </TextEquiv>
            </TextLine>
        </TextRegion>
        <TextRegion type="header" id="r5" custom="readingOrder {index:4;} structure {type:header;}">
            <Coords points="3299,245 3124,240 3121,162 3298,163"/>
            <TextLine id="r5l1" primaryLanguage="German" custom="readingOrder {index:0;}">
                <Coords points="3143,201 3285,194 3286,238 3151,238"/>
                <Baseline points="3161,230 3225,232 3281,233"/>
                <TextEquiv>
                    <Unicode>Seite 7</Unicode>
                </TextEquiv>
            </TextLine>
        </TextRegion>
        <TextRegion type="paragraph" id="r6" custom="readingOrder {index:5;}">
            <Coords points="108,258 1200,264 1204,1878 845,1861 482,1865 415,1890 93,1893 95,1733 95,1693 100,1413 101,1064 103,1060 103,629"/>
            <TextLine id="r6l1" primaryLanguage="German" custom="readingOrder {index:0;}">
                <Coords points="158,282 450,281 979,280 979,280 1082,280 1144,283 1175,287 1183,301 1183,317 158,319"/>
                <Baseline points="162,311 194,312 418,312 552,313 625,312 648,312 672,311 695,312 720,312 741,312 927,311 1022,310 1181,309"/>
                <TextEquiv>
                    <Unicode>Joachim und Eugen d'Albert mitwirken. Am Sonntag,</Unicode>
                </TextEquiv>
            </TextLine>
            <TextLine id="r6l2" primaryLanguage="German" custom="readingOrder {index:1;}">
                <Coords points="159,323 190,321 995,317 1160,318 1170,320 1184,327 1184,355 159,358"/>
                <Baseline points="159,350 223,351 407,351 651,349 870,349 928,349 998,348 1184,347"/>
                <TextEquiv>
                    <Unicode>29., Vormittags Kammermuſik, Nachmittags in der Stadtkirche</Unicode>
                </TextEquiv>
                <TextStyle fontFamily="Times New Roman" fontSize="6.5"/>
            </TextLine>
            <TextLine id="r6l3" primaryLanguage="German" custom="readingOrder {index:2;}">
                <Coords points="156,361 177,360 220,358 1129,356 1172,358 1182,364 1182,394 156,396"/>
                <Baseline points="160,389 199,389 335,388 407,388 513,389 707,388 836,387 999,387 1075,386 1182,386"/>
                <TextEquiv>
                    <Unicode>die Cantate von Bach, Beethoven's „Missa solemnis“ vom Credo</Unicode>
                </TextEquiv>
                <TextStyle fontFamily="Times New Roman" fontSize="6.5"/>
            </TextLine>
            <TextLine id="r6l4" primaryLanguage="German" custom="readingOrder {index:3;}">
                <Coords points="159,406 171,398 261,396 1044,394 1044,394 1172,395 1184,398 1184,433 159,436"/>
                <Baseline points="159,428 192,428 275,426 416,428 544,429 598,426 871,427 955,427 1103,424 1185,425"/>
                <TextEquiv>
                    <Unicode>ab und endlich, zugleich zur Erinnerungsfeier (das Muſikfeſt fällt</Unicode>
                </TextEquiv>
                <TextStyle fontFamily="Times New Roman" fontSize="6.5"/>
            </TextLine>
            <TextLine id="r6l5" primaryLanguage="German" custom="readingOrder {index:4;}">
                <Coords points="159,437 163,436 1185,433 1185,433 1185,471 159,474"/>
                <Baseline points="159,466 188,466 247,465 331,465 394,465 763,464 954,465 1018,464 1113,463 1185,463"/>
                <TextEquiv>
                    <Unicode>in die Zeit der fünfundzwanzigjährigen Wiederkehr der Tage von</Unicode>
                </TextEquiv>
                <TextStyle fontFamily="Times New Roman" fontSize="6.5"/>
            </TextLine>
            <TextLine id="r6l6" primaryLanguage="German" custom="readingOrder {index:5;}">
                <Coords points="161,477 1184,473 1184,473 1184,508 161,513"/>
                <Baseline points="161,506 288,503 474,506 561,504 701,508 926,503 1010,503 1184,501"/>
                <TextEquiv>
                    <Unicode>Sedan, Straßburg und Metz), Triumphlied von Johannes</Unicode>
                </TextEquiv>
                <TextStyle fontFamily="Times New Roman" fontSize="6.5"/>
            </TextLine>
            <TextLine id="r6l7" primaryLanguage="German" custom="readingOrder {index:6;}">
                <Coords points="158,515 1185,512 1185,512 1185,547 158,549"/>
                <Baseline points="158,544 187,544 419,543 580,543 833,544 972,541 1031,542 1057,541 1087,540 1112,542 1134,541 1153,540 1185,540"/>
                <TextEquiv>
                    <Unicode>Brahms. Johannes Brahms ſelbſt, Eduard Hanslick</Unicode>
                </TextEquiv>
            </TextLine>
            <TextLine id="r6l8" primaryLanguage="German" custom="readingOrder {index:7;}">
                <Coords points="154,561 162,554 1164,549 1184,559 1188,588 154,589"/>
                <Baseline points="159,582 213,582 296,582 410,582 532,582 632,581 773,582 885,581 977,581 1050,580 1111,580 1173,580 1184,580"/>
                <TextEquiv>
                    <Unicode>und viele andere unſerer erſten Muſiker haben ſchon jetzt ihr Er⸗</Unicode>
                </TextEquiv>
                <TextStyle fontFamily="Times New Roman" fontSize="6.5"/>
            </TextLine>
            <TextLine id="r6l9" primaryLanguage="German" custom="readingOrder {index:8;}">
                <Coords points="155,592 537,590 563,593 563,620 554,628 164,630 157,629"/>
                <Baseline points="158,623 267,621 416,620 563,620"/>
                <TextEquiv>
                    <Unicode>ſcheinen beſtimmt zugeſagt.</Unicode>
                </TextEquiv>
                <TextStyle fontFamily="Times New Roman" fontSize="6.5"/>
            </TextLine>
            <TextLine id="r6l10" primaryLanguage="German" custom="readingOrder {index:9;}">
                <Coords points="236,644 273,639 1104,634 1185,635 1185,672 236,673"/>
                <Baseline points="237,668 277,668 319,666 407,666 734,667 830,666 937,666 1030,665 1185,664"/>
                <TextEquiv>
                    <Unicode>— Aus Stuttgart ſchreibt man uns: Der königliche</Unicode>
                </TextEquiv>
            </TextLine>
            <TextLine id="r6l11" primaryLanguage="German" custom="readingOrder {index:10;}">
                <Coords points="158,676 688,674 1016,674 1016,674 1092,674 1155,675 1185,678 1185,711 158,713"/>
                <Baseline points="158,706 351,706 407,705 538,705 759,704 820,705 894,705 1007,704 1120,703 1185,703"/>
                <TextEquiv>
                    <Unicode>Balletmeiſter Auguſt Brühl feierte in der letzten Woche des</Unicode>
                </TextEquiv>
            </TextLine>
            <TextLine id="r6l12" primaryLanguage="German" custom="readingOrder {index:11;}">
                <Coords points="153,713 1185,712 1185,748 156,752"/>
                <Baseline points="159,744 231,744 267,744 348,746 588,745 928,743 1030,743 1185,741"/>
                <TextEquiv>
                    <Unicode>Juni das Jubiläum ſeines 25 jährigen Wirkens an</Unicode>
                </TextEquiv>
            </TextLine>
            <TextLine id="r6l13" primaryLanguage="German" custom="readingOrder {index:12;}">
                <Coords points="154,762 197,753 207,752 1020,750 1171,751 1185,760 1185,788 154,791"/>
                <Baseline points="159,783 261,783 431,781 526,782 649,782 780,782 922,781 1010,781 1185,780"/>
                <TextEquiv>
                    <Unicode>unſerer Hofbühne. Aus dieſem Anlaſſe wurden dem verdienten</Unicode>
                </TextEquiv>
                <TextStyle fontFamily="Times New Roman" fontSize="6.5"/>
            </TextLine>
            <TextLine id="r6l14" primaryLanguage="German" custom="readingOrder {index:13;}">
                <Coords points="159,792 1104,788 1104,788 1185,798 1185,827 159,830"/>
                <Baseline points="159,823 284,821 391,821 501,821 562,821 670,820 764,821 884,820 1008,820 1096,820 1185,819"/>
                <TextEquiv>
                    <Unicode>Künſtler reiche Ehren zu Theil. Der König ſendete ihm zum</Unicode>
                </TextEquiv>
                <TextStyle fontFamily="Times New Roman" fontSize="6.5"/>
            </TextLine>
            <TextLine id="r6l15" primaryLanguage="German" custom="readingOrder {index:14;}">
                <Coords points="158,831 174,830 1151,827 1151,827 1184,832 1184,866 158,869"/>
                <Baseline points="158,861 295,860 383,860 615,859 695,859 903,860 982,859 1111,859 1184,858"/>
                <TextEquiv>
                    <Unicode>Andenken eine Brillantnadel mit Namenszug und Krone, das</Unicode>
                </TextEquiv>
                <TextStyle fontFamily="Times New Roman" fontSize="6.5"/>
            </TextLine>
            <TextLine id="r6l16" primaryLanguage="German" custom="readingOrder {index:15;}">
                <Coords points="158,870 231,868 1010,866 1010,866 1121,867 1185,876 1185,907 158,907"/>
                <Baseline points="162,899 286,898 362,898 552,898 703,898 808,897 976,896 1186,899"/>
                <TextEquiv>
                    <Unicode>Perſonal des Hoftheaters widmete einen ſilbernen Lorbeerkranz</Unicode>
                </TextEquiv>
                <TextStyle fontFamily="Times New Roman" fontSize="6.5"/>
            </TextLine>
            <TextLine id="r6l17" primaryLanguage="German" custom="readingOrder {index:16;}">
                <Coords points="158,910 1184,905 1188,942 158,945"/>
                <Baseline points="158,938 206,937 347,937 492,936 589,936 757,937 903,936 970,936 1118,938 1186,936"/>
                <TextEquiv>
                    <Unicode>mit goldener Schleife. Das Publicum zeichnete den Jubilar, als</Unicode>
                </TextEquiv>
                <TextStyle fontFamily="Times New Roman" fontSize="6.5"/>
            </TextLine>
            <TextLine id="r6l18" primaryLanguage="German" custom="readingOrder {index:17;}">
                <Coords points="158,956 197,946 224,943 224,943 792,943 1139,944 1184,953 1184,984 158,984"/>
                <Baseline points="158,976 184,977 311,976 360,976 424,975 624,977 750,975 855,976 1006,974 1184,976"/>
                <TextEquiv>
                    <Unicode>er Abends in der „Puppenfee“ auftrat, durch ſtürmiſche Begrüßung</Unicode>
                </TextEquiv>
                <TextStyle fontFamily="Times New Roman" fontSize="6.5"/>
            </TextLine>
            <TextLine id="r6l19" primaryLanguage="German" custom="readingOrder {index:18;}">
                <Coords points="155,994 180,988 1053,982 1149,983 1187,992 1187,1012 1186,1021 1102,1021 155,1022"/>
                <Baseline points="158,1014 212,1014 358,1014 531,1014 625,1016 754,1014 826,1014 964,1017 1041,1013 1172,1013 1185,1013"/>
                <TextEquiv>
                    <Unicode>und oftmalige Hervorrufe ſowie zahlloſe von Lorbeer⸗ und Blumen⸗</Unicode>
                </TextEquiv>
                <TextStyle fontFamily="Times New Roman" fontSize="6.5"/>
            </TextLine>
            <TextLine id="r6l20" primaryLanguage="German" custom="readingOrder {index:19;}">
                <Coords points="152,1024 345,1024 345,1060 154,1066"/>
                <Baseline points="156,1056 264,1054 345,1053"/>
                <TextEquiv>
                    <Unicode>ſpenden aus.</Unicode>
                </TextEquiv>
                <TextStyle fontFamily="Times New Roman" fontSize="6.5"/>
            </TextLine>
            <TextLine id="r6l21" primaryLanguage="German" custom="readingOrder {index:20;}">
                <Coords points="245,1085 248,1071 1129,1067 1152,1068 1185,1077 1190,1104 245,1105"/>
                <Baseline points="245,1099 277,1099 299,1098 379,1099 734,1098 814,1098 1008,1098 1108,1097 1138,1097 1184,1097"/>
                <TextEquiv>
                    <Unicode>— Aus Franzensbad wird uns geſchrieben: Herr Fer⸗</Unicode>
                </TextEquiv>
            </TextLine>
            <TextLine id="r6l22" primaryLanguage="German" custom="readingOrder {index:21;}">
                <Coords points="154,1105 969,1103 1141,1104 1185,1110 1185,1139 154,1139"/>
                <Baseline points="159,1133 184,1133 301,1131 451,1132 515,1133 638,1133 699,1132 853,1132 993,1132 1061,1131 1185,1131"/>
                <TextEquiv>
                    <Unicode>dinand Bonn trat vor Kurzem an mehreren Abenden am hieſigen</Unicode>
                </TextEquiv>
            </TextLine>
            <TextLine id="r6l23" primaryLanguage="German" custom="readingOrder {index:22;}">
                <Coords points="156,1140 1186,1137 1192,1170 153,1178"/>
                <Baseline points="158,1168 336,1168 408,1167 471,1167 573,1167 666,1167 796,1167 862,1167 986,1166 1040,1166 1120,1164 1186,1166"/>
                <TextEquiv>
                    <Unicode>Stadttheater auf. Er ſpielte unter Anderm den Filippo im „Geigen⸗</Unicode>
                </TextEquiv>
                <TextStyle fontFamily="Times New Roman" fontSize="6.5"/>
            </TextLine>
            <TextLine id="r6l24" primaryLanguage="German" custom="readingOrder {index:23;}">
                <Coords points="151,1177 1185,1172 1187,1207 151,1207"/>
                <Baseline points="157,1203 251,1202 320,1202 501,1202 603,1202 672,1201 842,1201 897,1201 972,1201 1041,1201 1112,1201 1145,1201 1185,1201"/>
                <TextEquiv>
                    <Unicode>macher von Cremona“, ferner die Hauptrolle in dem von ihm ver⸗</Unicode>
                </TextEquiv>
                <TextStyle fontFamily="Times New Roman" fontSize="6.5"/>
            </TextLine>
            <TextLine id="r6l25" primaryLanguage="German" custom="readingOrder {index:24;}">
                <Coords points="158,1208 378,1206 378,1206 1185,1206 1185,1243 158,1243"/>
                <Baseline points="161,1235 244,1236 415,1236 553,1236 838,1236 954,1235 1033,1236 1185,1235"/>
                <TextEquiv>
                    <Unicode>faßten vieractigen Luſtſpiel „Familienbande“, welche ſich, nebenbei</Unicode>
                </TextEquiv>
                <TextStyle fontFamily="Times New Roman" fontSize="6.5"/>
            </TextLine>
            <TextLine id="r6l26" primaryLanguage="German" custom="readingOrder {index:25;}">
                <Coords points="153,1242 1185,1241 1191,1274 156,1278"/>
                <Baseline points="158,1271 272,1269 368,1271 557,1270 693,1270 750,1271 881,1270 988,1267 1078,1269 1136,1269 1185,1268"/>
                <TextEquiv>
                    <Unicode>bemerkt, eines anſehnlichen Erfolges zu erfreuen hatte, und verab⸗</Unicode>
                </TextEquiv>
                <TextStyle fontFamily="Times New Roman" fontSize="6.5"/>
            </TextLine>
            <TextLine id="r6l27" primaryLanguage="German" custom="readingOrder {index:26;}">
                <Coords points="158,1278 1184,1275 1184,1275 1184,1310 158,1310"/>
                <Baseline points="161,1307 268,1305 341,1306 401,1305 649,1305 707,1304 849,1304 998,1304 1121,1305 1184,1303"/>
                <TextEquiv>
                    <Unicode>ſchiedete ſich als Reif⸗Reiflingen in Moſer's Luſtſpiel „Krieg im</Unicode>
                </TextEquiv>
                <TextStyle fontFamily="Times New Roman" fontSize="6.5"/>
            </TextLine>
            <TextLine id="r6l28" primaryLanguage="German" custom="readingOrder {index:27;}">
                <Coords points="153,1311 1185,1310 1190,1344 152,1347"/>
                <Baseline points="158,1342 289,1340 386,1339 530,1339 640,1339 894,1337 956,1338 1114,1337 1142,1337 1184,1338"/>
                <TextEquiv>
                    <Unicode>Frieden“. Das Gaſtſpiel erregte ſelbſtverſtändlich das lebhafteſte In⸗</Unicode>
                </TextEquiv>
                <TextStyle fontFamily="Times New Roman" fontSize="6.5"/>
            </TextLine>
            <TextLine id="r6l29" primaryLanguage="German" custom="readingOrder {index:28;}">
                <Coords points="155,1347 1160,1346 1187,1352 1189,1380 1103,1380 152,1380"/>
                <Baseline points="157,1374 238,1374 310,1374 371,1374 503,1374 606,1373 659,1374 756,1373 877,1373 937,1373 1020,1372 1185,1373"/>
                <TextEquiv>
                    <Unicode>tereſſe und der Künſtler wurde an jedem Abende für ſeine gediegenen</Unicode>
                </TextEquiv>
                <TextStyle fontFamily="Times New Roman" fontSize="6.5"/>
            </TextLine>
            <TextLine id="r6l30" primaryLanguage="German" custom="readingOrder {index:29;}">
                <Coords points="155,1383 846,1379 846,1379 903,1382 903,1407 893,1415 180,1415 155,1411"/>
                <Baseline points="155,1411 301,1408 368,1409 580,1409 695,1408 903,1407"/>
                <TextEquiv>
                    <Unicode>Leiſtungen mit ſtürmiſcheſtem Beifall ausgezeichnet.</Unicode>
                </TextEquiv>
                <TextStyle fontFamily="Times New Roman" fontSize="6.5"/>
            </TextLine>
            <TextLine id="r6l31" primaryLanguage="German" custom="readingOrder {index:30;}">
                <Coords points="237,1431 307,1423 348,1422 463,1420 1149,1420 1185,1422 1185,1456 237,1456"/>
                <Baseline points="238,1450 282,1449 357,1450 428,1450 501,1450 555,1450 612,1450 678,1450 755,1450 905,1452 1048,1449 1185,1450"/>
                <TextEquiv>
                    <Unicode>— Bei der am 2. d. an den hieſigen, vormals Eduard</Unicode>
                </TextEquiv>
                <TextStyle fontFamily="Times New Roman" fontSize="6.5"/>
            </TextLine>
            <TextLine id="r6l32" primaryLanguage="German" custom="readingOrder {index:31;}">
                <Coords points="152,1457 1186,1455 1186,1491 154,1492"/>
                <Baseline points="159,1486 230,1485 358,1486 512,1485 625,1484 698,1485 918,1484 1075,1484 1186,1485"/>
                <TextEquiv>
                    <Unicode>Horak'ſchen Clavier⸗, Orgel⸗ und Geſangſchulen (Director Franz</Unicode>
                </TextEquiv>
            </TextLine>
            <TextLine id="r6l33" primaryLanguage="German" custom="readingOrder {index:32;}">
                <Coords points="152,1492 1186,1490 1186,1525 152,1525"/>
                <Baseline points="157,1521 184,1521 207,1520 225,1520 247,1520 269,1520 297,1521 497,1520 749,1520 797,1519 1081,1518 1186,1518"/>
                <TextEquiv>
                    <Unicode>Brixel) ſtattgehabten Preisbewerbung der Ausbildungsſchüler wurde</Unicode>
                </TextEquiv>
                <TextStyle fontFamily="Times New Roman" fontSize="6.5"/>
            </TextLine>
            <TextLine id="r6l34" primaryLanguage="German" custom="readingOrder {index:33;}">
                <Coords points="152,1534 216,1526 1061,1523 1139,1524 1167,1525 1186,1534 1186,1560 152,1560"/>
                <Baseline points="158,1555 210,1555 269,1554 363,1556 529,1554 596,1553 681,1553 788,1553 965,1553 1035,1553 1186,1553"/>
                <TextEquiv>
                    <Unicode>von der Jury zuerkannt: der erſte Preis einſtimmig den Fräulein</Unicode>
                </TextEquiv>
                <TextStyle fontFamily="Times New Roman" fontSize="6.5"/>
            </TextLine>
            <TextLine id="r6l35" primaryLanguage="German" custom="readingOrder {index:34;}">
                <Coords points="154,1561 202,1562 1186,1558 1186,1595 154,1595"/>
                <Baseline points="160,1590 189,1589 347,1587 411,1588 621,1589 681,1588 855,1588 910,1588 1035,1588 1093,1587 1189,1589"/>
                <TextEquiv>
                    <Unicode>E. Pommer, A. Bruckmüller, E. Lehmann, J. Kaiſer, E. Fleck,</Unicode>
                </TextEquiv>
                <TextStyle fontFamily="Times New Roman" fontSize="6.5"/>
            </TextLine>
            <TextLine id="r6l36" primaryLanguage="German" custom="readingOrder {index:35;}">
                <Coords points="154,1595 175,1594 1189,1594 1187,1628 152,1629"/>
                <Baseline points="158,1625 200,1622 423,1621 465,1622 571,1623 616,1622 731,1621 789,1622 1017,1621 1080,1621 1186,1623"/>
                <TextEquiv>
                    <Unicode>M. Wiedenmann, C. Wolf, A. Horak, M. Guggenberger, Th. Raſch,</Unicode>
                </TextEquiv>
                <TextStyle fontFamily="Times New Roman" fontSize="6.5"/>
            </TextLine>
            <TextLine id="r6l37" primaryLanguage="German" custom="readingOrder {index:36;}">
                <Coords points="157,1630 208,1629 291,1627 1185,1628 1191,1663 157,1664"/>
                <Baseline points="159,1658 189,1657 353,1657 412,1656 556,1657 624,1656 778,1656 834,1656 965,1657 1040,1655 1188,1656"/>
                <TextEquiv>
                    <Unicode>E. Weithofer, F. Winkler, M. Biewald, A. Fiſcher, St. Kremſer,</Unicode>
                </TextEquiv>
                <TextStyle fontFamily="Times New Roman" fontSize="6.5"/>
            </TextLine>
            <TextLine id="r6l38" primaryLanguage="German" custom="readingOrder {index:37;}">
                <Coords points="156,1663 984,1665 1126,1666 1193,1670 1191,1697 156,1699"/>
                <Baseline points="160,1693 194,1691 349,1694 425,1692 573,1691 632,1691 790,1689 843,1691 989,1690 1072,1690 1186,1691"/>
                <TextEquiv>
                    <Unicode>S. Neſchleha, M. Hanuſch, R. Janiſtyn, L. Obenaus und Herrn</Unicode>
                </TextEquiv>
                <TextStyle fontFamily="Times New Roman" fontSize="6.5"/>
            </TextLine>
            <TextLine id="r6l39" primaryLanguage="German" custom="readingOrder {index:38;}">
                <Coords points="152,1698 222,1698 1136,1696 1151,1697 1186,1705 1186,1731 1172,1733 152,1733"/>
                <Baseline points="155,1727 183,1726 334,1724 460,1726 538,1726 637,1726 749,1725 831,1725 994,1724 1065,1725 1184,1728"/>
                <TextEquiv>
                    <Unicode>L. Steiner, ferner der erſte Preis den Fräulein M. Pigler,</Unicode>
                </TextEquiv>
                <TextStyle fontFamily="Times New Roman" fontSize="6.5"/>
            </TextLine>
            <TextLine id="r6l40" primaryLanguage="German" custom="readingOrder {index:39;}">
                <Coords points="162,1734 1048,1731 1048,1731 1048,1766 162,1766"/>
                <Baseline points="162,1762 204,1761 350,1761 396,1761 541,1761 602,1760 702,1760 797,1761 897,1760 945,1759 1048,1759"/>
                <TextEquiv>
                    <Unicode>M. Bleſſing, J. Smeikal, der zweite Preis Herrn F. Tichy.</Unicode>
                </TextEquiv>
                <TextStyle fontFamily="Times New Roman" fontSize="6.5"/>
            </TextLine>
            <TextLine id="r6l41" primaryLanguage="German" custom="readingOrder {index:40;}">
                <Coords points="235,1784 295,1775 373,1772 744,1772 958,1773 1141,1774 1186,1776 1186,1809 236,1809"/>
                <Baseline points="243,1803 277,1803 334,1803 396,1804 552,1800 777,1805 965,1802 1027,1801 1186,1802"/>
                <TextEquiv>
                    <Unicode>— In der behördlich conceſſionirten Violinſchule des Profeſſors</Unicode>
                </TextEquiv>
                <TextStyle fontFamily="Times New Roman" fontSize="6.5"/>
            </TextLine>
            <TextLine id="r6l42" primaryLanguage="German" custom="readingOrder {index:41;}">
                <Coords points="152,1809 868,1807 1124,1808 1159,1811 1187,1817 1192,1843 945,1845 152,1845"/>
                <Baseline points="158,1839 182,1839 304,1839 724,1838 791,1838 909,1837 978,1837 1020,1837 1063,1837 1124,1836 1187,1837"/>
                <TextEquiv>
                    <Unicode>Adolph Günsberger (Stammgaſſe 15) beginnt am 8. d. M. der</Unicode>
                </TextEquiv>
            </TextLine>
            <TextLine id="r6l43" primaryLanguage="German" custom="readingOrder {index:42;}">
                <Coords points="153,1844 206,1843 388,1842 407,1852 407,1877 392,1881 181,1881 156,1881"/>
                <Baseline points="159,1874 402,1873"/>
                <TextEquiv>
                    <Unicode>Ferial⸗Unterricht.</Unicode>
                </TextEquiv>
                <TextStyle fontFamily="Times New Roman" fontSize="6.5"/>
            </TextLine>
        </TextRegion>
        <TextRegion type="paragraph" id="r7" custom="readingOrder {index:6;}">
            <Coords points="103,1891 1200,1893 1207,3088 1205,3228 1207,3332 1207,3403 1206,3476 897,3450 495,3450 403,3476 104,3483 109,3081"/>
            <TextLine id="r7l1" primaryLanguage="German" custom="readingOrder {index:0;}">
                <Coords points="241,1919 314,1906 356,1904 1111,1902 1166,1904 1185,1912 1185,1940 241,1939"/>
                <Baseline points="245,1935 284,1934 391,1934 628,1934 674,1934 983,1932 1055,1932 1185,1932"/>
                <TextEquiv>
                    <Unicode>— „Aus Oeſterreich. Bagatellen.“ Von Joſé Baronin</Unicode>
                </TextEquiv>
            </TextLine>
            <TextLine id="r7l2" primaryLanguage="German" custom="readingOrder {index:1;}">
                <Coords points="158,1938 1185,1938 1185,1974 158,1974"/>
                <Baseline points="158,1970 185,1970 632,1968 743,1969 821,1968 865,1967 926,1967 1036,1967 1077,1968 1186,1967"/>
                <TextEquiv>
                    <Unicode>Schneider⸗Arno. Wien, Verlag von L. W. Seidel &amp; Sohn,</Unicode>
                </TextEquiv>
            </TextLine>
            <TextLine id="r7l3" primaryLanguage="German" custom="readingOrder {index:2;}">
                <Coords points="159,1978 178,1974 1103,1972 1150,1973 1185,1981 1185,2008 159,2010"/>
                <Baseline points="159,2004 234,2003 322,2002 444,2003 518,2002 682,2002 878,2000 1031,2001 1090,2001 1185,2000"/>
                <TextEquiv>
                    <Unicode>1895. Die Enkelin des berühmten „Fähnrichs“ Schneider iſt ſchon</Unicode>
                </TextEquiv>
                <TextStyle fontFamily="Times New Roman" fontSize="6.5"/>
            </TextLine>
            <TextLine id="r7l4" primaryLanguage="German" custom="readingOrder {index:3;}">
                <Coords points="157,2010 1182,2008 1183,2042 158,2042"/>
                <Baseline points="158,2038 234,2039 356,2037 470,2037 626,2037 746,2037 902,2036 974,2036 1102,2035 1183,2035"/>
                <TextEquiv>
                    <Unicode>durch mehrere Bücher literariſch bekannt geworden. Ihr neueſtes Werk</Unicode>
                </TextEquiv>
                <TextStyle fontFamily="Times New Roman" fontSize="6.5"/>
            </TextLine>
            <TextLine id="r7l5" primaryLanguage="German" custom="readingOrder {index:4;}">
                <Coords points="156,2042 1184,2041 1189,2075 158,2076"/>
                <Baseline points="158,2072 244,2071 316,2072 412,2071 493,2071 689,2071 769,2070 904,2072 1009,2070 1133,2070 1186,2070"/>
                <TextEquiv>
                    <Unicode>bringt eine Reihe von Erzählungen und Skizzen, deren Anſpruchs⸗</Unicode>
                </TextEquiv>
                <TextStyle fontFamily="Times New Roman" fontSize="6.5"/>
            </TextLine>
            <TextLine id="r7l6" primaryLanguage="German" custom="readingOrder {index:5;}">
                <Coords points="154,2077 165,2077 1189,2075 1189,2112 154,2111"/>
                <Baseline points="157,2106 263,2106 323,2106 490,2106 575,2105 703,2105 799,2105 1063,2103 1184,2104"/>
                <TextEquiv>
                    <Unicode>loſigkeit der beſcheidene Titel verräth. Dieſe Anſpruchsloſigkeit nimmt</Unicode>
                </TextEquiv>
                <TextStyle fontFamily="Times New Roman" fontSize="6.5"/>
            </TextLine>
            <TextLine id="r7l7" primaryLanguage="German" custom="readingOrder {index:6;}">
                <Coords points="154,2112 1185,2110 1185,2144 157,2144"/>
                <Baseline points="159,2140 201,2141 257,2140 429,2140 488,2139 560,2140 649,2139 717,2139 764,2140 825,2139 1017,2139 1185,2138"/>
                <TextEquiv>
                    <Unicode>für die Verfaſſerin ein und trägt viel zu der freundlichen Aufnahme</Unicode>
                </TextEquiv>
                <TextStyle fontFamily="Times New Roman" fontSize="6.5"/>
            </TextLine>
            <TextLine id="r7l8" primaryLanguage="German" custom="readingOrder {index:7;}">
                <Coords points="157,2147 162,2146 1167,2144 1167,2144 1186,2145 1186,2180 157,2180"/>
                <Baseline points="157,2175 210,2176 307,2174 356,2175 432,2174 488,2173 549,2174 646,2176 802,2173 877,2172 960,2173 1053,2175 1186,2173"/>
                <TextEquiv>
                    <Unicode>bei, welche ſie ſtets bei der Kritik gefunden hat und auch diesmal</Unicode>
                </TextEquiv>
                <TextStyle fontFamily="Times New Roman" fontSize="6.5"/>
            </TextLine>
            <TextLine id="r7l9" primaryLanguage="German" custom="readingOrder {index:8;}">
                <Coords points="156,2180 870,2178 870,2178 1097,2179 1184,2181 1184,2215 156,2215"/>
                <Baseline points="160,2209 241,2209 331,2209 433,2209 524,2208 570,2209 636,2209 835,2209 889,2208 1095,2205 1184,2207"/>
                <TextEquiv>
                    <Unicode>finden wird. Nicht Alles in den „Bagatellen“ iſt gleichwerthig, und</Unicode>
                </TextEquiv>
                <TextStyle fontFamily="Times New Roman" fontSize="6.5"/>
            </TextLine>
            <TextLine id="r7l10" primaryLanguage="German" custom="readingOrder {index:9;}">
                <Coords points="154,2217 1186,2214 1192,2248 158,2249"/>
                <Baseline points="158,2245 277,2243 336,2244 410,2244 541,2243 627,2243 730,2242 853,2242 956,2242 1104,2242 1137,2241 1187,2242"/>
                <TextEquiv>
                    <Unicode>Einiges, wie zum Beiſpiel „Die billige Gans“, hätte vielleicht weg⸗</Unicode>
                </TextEquiv>
                <TextStyle fontFamily="Times New Roman" fontSize="6.5"/>
            </TextLine>
            <TextLine id="r7l11" primaryLanguage="German" custom="readingOrder {index:10;}">
                <Coords points="154,2250 1101,2248 1176,2251 1188,2260 1186,2272 1186,2282 157,2284"/>
                <Baseline points="157,2279 253,2278 386,2280 456,2278 594,2278 693,2279 747,2277 855,2278 926,2276 1104,2276 1150,2276 1183,2275"/>
                <TextEquiv>
                    <Unicode>bleiben können; jene Novellen aber, die breiter und ſorgfältiger aus⸗</Unicode>
                </TextEquiv>
                <TextStyle fontFamily="Times New Roman" fontSize="6.5"/>
            </TextLine>
            <TextLine id="r7l12" primaryLanguage="German" custom="readingOrder {index:11;}">
                <Coords points="154,2294 177,2284 401,2284 481,2284 1170,2282 1184,2290 1184,2318 154,2319"/>
                <Baseline points="158,2312 291,2312 377,2312 516,2312 641,2312 807,2310 882,2311 983,2311 1184,2312"/>
                <TextEquiv>
                    <Unicode>gearbeitet ſind, vereinen hübſche Erfindung mit guter Ausführung.</Unicode>
                </TextEquiv>
                <TextStyle fontFamily="Times New Roman" fontSize="6.5"/>
            </TextLine>
            <TextLine id="r7l13" primaryLanguage="German" custom="readingOrder {index:12;}">
                <Coords points="154,2319 1186,2317 1186,2352 153,2352"/>
                <Baseline points="158,2350 224,2348 319,2347 383,2347 430,2347 498,2346 633,2346 798,2346 926,2345 1047,2346 1115,2346 1186,2345"/>
                <TextEquiv>
                    <Unicode>Daß etwas gar zu viel Officiere vorgeführt werden, erklärt ſich aus</Unicode>
                </TextEquiv>
                <TextStyle fontFamily="Times New Roman" fontSize="6.5"/>
            </TextLine>
            <TextLine id="r7l14" primaryLanguage="German" custom="readingOrder {index:13;}">
                <Coords points="155,2353 1190,2352 1195,2384 157,2386"/>
                <Baseline points="158,2382 200,2382 405,2383 464,2382 604,2381 768,2381 854,2381 944,2380 1011,2379 1186,2379"/>
                <TextEquiv>
                    <Unicode>der Abſtammung der Baronin Schneider. Sie kennt das militäriſche</Unicode>
                </TextEquiv>
                <TextStyle fontFamily="Times New Roman" fontSize="6.5"/>
            </TextLine>
            <TextLine id="r7l15" primaryLanguage="German" custom="readingOrder {index:14;}">
                <Coords points="155,2388 1189,2386 1189,2421 155,2421"/>
                <Baseline points="158,2417 254,2416 325,2416 495,2416 576,2415 713,2415 759,2414 824,2415 1020,2414 1119,2414 1186,2414"/>
                <TextEquiv>
                    <Unicode>Milieu aus Erfahrung und ſchildert es mit Wohlwollen, ohne die</Unicode>
                </TextEquiv>
                <TextStyle fontFamily="Times New Roman" fontSize="6.5"/>
            </TextLine>
            <TextLine id="r7l16" primaryLanguage="German" custom="readingOrder {index:15;}">
                <Coords points="154,2422 1186,2420 1186,2455 154,2453"/>
                <Baseline points="157,2452 318,2451 401,2452 469,2451 534,2450 646,2450 693,2452 796,2449 886,2449 965,2449 1132,2449 1186,2448"/>
                <TextEquiv>
                    <Unicode>Wirklichkeit ganz aus den Augen zu laſſen. Die beſte Erzählung iſt</Unicode>
                </TextEquiv>
                <TextStyle fontFamily="Times New Roman" fontSize="6.5"/>
            </TextLine>
            <TextLine id="r7l17" primaryLanguage="German" custom="readingOrder {index:16;}">
                <Coords points="154,2457 177,2458 1186,2454 1186,2491 154,2491"/>
                <Baseline points="158,2485 243,2484 314,2485 430,2485 586,2486 640,2485 736,2486 824,2488 986,2484 1124,2486 1186,2484"/>
                <TextEquiv>
                    <Unicode>indeß nach unſerer Meinung die erſte, „Auf claſſiſchem Boden“, in</Unicode>
                </TextEquiv>
                <TextStyle fontFamily="Times New Roman" fontSize="6.5"/>
            </TextLine>
            <TextLine id="r7l18" primaryLanguage="German" custom="readingOrder {index:17;}">
                <Coords points="155,2491 1186,2490 1186,2524 155,2524"/>
                <Baseline points="158,2520 255,2520 325,2520 447,2520 622,2518 713,2518 805,2519 895,2518 997,2518 1185,2518"/>
                <TextEquiv>
                    <Unicode>welcher kein Officier vorkommt. Der Styl zeigt einen erfreulichen</Unicode>
                </TextEquiv>
                <TextStyle fontFamily="Times New Roman" fontSize="6.5"/>
            </TextLine>
            <TextLine id="r7l19" primaryLanguage="German" custom="readingOrder {index:18;}">
                <Coords points="152,2526 182,2526 1160,2524 1165,2524 1189,2531 1189,2558 152,2560"/>
                <Baseline points="157,2551 310,2555 375,2553 595,2554 668,2553 788,2552 944,2552 1037,2552 1082,2553 1186,2552"/>
                <TextEquiv>
                    <Unicode>Fortſchritt; die Auſtriacismen ſind ſeltener geworden. Alles in Allem</Unicode>
                </TextEquiv>
                <TextStyle fontFamily="Times New Roman" fontSize="6.5"/>
            </TextLine>
            <TextLine id="r7l20" primaryLanguage="German" custom="readingOrder {index:19;}">
                <Coords points="155,2561 1191,2557 1186,2593 158,2593"/>
                <Baseline points="158,2588 258,2588 316,2588 518,2584 587,2587 855,2586 995,2587 1069,2586 1186,2586"/>
                <TextEquiv>
                    <Unicode>machen die „Bagatellen“ den liebenswürdigſten Eindruck und werden</Unicode>
                </TextEquiv>
                <TextStyle fontFamily="Times New Roman" fontSize="6.5"/>
            </TextLine>
            <TextLine id="r7l21" primaryLanguage="German" custom="readingOrder {index:20;}">
                <Coords points="154,2593 920,2592 1119,2590 1142,2595 1194,2600 1192,2628 1058,2629 154,2630"/>
                <Baseline points="161,2624 227,2624 306,2623 453,2622 653,2624 726,2622 865,2622 940,2620 1186,2621"/>
                <TextEquiv>
                    <Unicode>gleich den früheren Schöpfungen der Baronin Joſé Schneider</Unicode>
                </TextEquiv>
            </TextLine>
            <TextLine id="r7l22" primaryLanguage="German" custom="readingOrder {index:21;}">
                <Coords points="154,2630 545,2631 544,2660 154,2665"/>
                <Baseline points="159,2659 285,2658 424,2657 540,2656"/>
                <TextEquiv>
                    <Unicode>zahlreiche Verehrer finden.</Unicode>
                </TextEquiv>
                <TextStyle fontFamily="Times New Roman" fontSize="6.5"/>
            </TextLine>
            <TextLine id="r7l23" primaryLanguage="German" custom="readingOrder {index:22;}">
                <Coords points="238,2673 328,2667 572,2664 1106,2664 1161,2667 1187,2674 1187,2701 243,2701"/>
                <Baseline points="246,2696 291,2697 590,2694 827,2694 1116,2694 1187,2695"/>
                <TextEquiv>
                    <Unicode>— „Römiſch⸗rechtliche Bilderbögen.“ Obligationenrecht der</Unicode>
                </TextEquiv>
                <TextStyle fontFamily="Times New Roman" fontSize="6.5"/>
            </TextLine>
            <TextLine id="r7l24" primaryLanguage="German" custom="readingOrder {index:23;}">
                <Coords points="151,2701 1192,2702 1193,2733 156,2734"/>
                <Baseline points="156,2730 343,2727 412,2728 466,2727 568,2728 902,2727 1022,2726 1110,2727 1148,2727 1185,2726"/>
                <TextEquiv>
                    <Unicode>Inſtitutionen von Julius Klimont. Manz'ſcher Verlag. Das vor⸗</Unicode>
                </TextEquiv>
            </TextLine>
            <TextLine id="r7l25" primaryLanguage="German" custom="readingOrder {index:24;}">
                <Coords points="156,2737 158,2736 1008,2734 1008,2734 1097,2735 1187,2738 1187,2770 156,2770"/>
                <Baseline points="156,2765 278,2763 391,2766 573,2763 703,2763 787,2763 856,2762 934,2763 1003,2762 1060,2763 1187,2763"/>
                <TextEquiv>
                    <Unicode>liegende, zierlich ausgeſtattete Büchlein kann wol nur als ein Product</Unicode>
                </TextEquiv>
                <TextStyle fontFamily="Times New Roman" fontSize="6.5"/>
            </TextLine>
            <TextLine id="r7l26" primaryLanguage="German" custom="readingOrder {index:25;}">
                <Coords points="154,2778 170,2771 194,2771 948,2768 1111,2770 1152,2771 1175,2773 1187,2783 1187,2805 154,2805"/>
                <Baseline points="157,2799 204,2799 406,2798 497,2798 611,2797 705,2797 879,2799 937,2797 1057,2798 1187,2799"/>
                <TextEquiv>
                    <Unicode>echt ſtudentiſchen Ulks gelten. Der Verfaſſer, ein junger Rechts⸗</Unicode>
                </TextEquiv>
                <TextStyle fontFamily="Times New Roman" fontSize="6.5"/>
            </TextLine>
            <TextLine id="r7l27" primaryLanguage="German" custom="readingOrder {index:26;}">
                <Coords points="156,2813 169,2803 169,2803 975,2803 1136,2804 1186,2813 1186,2839 156,2839"/>
                <Baseline points="156,2833 286,2831 380,2833 451,2831 536,2833 661,2830 877,2832 969,2832 1038,2832 1186,2833"/>
                <TextEquiv>
                    <Unicode>candidat, ſucht ſich und ſeinen Commilitonen über die trockenen</Unicode>
                </TextEquiv>
                <TextStyle fontFamily="Times New Roman" fontSize="6.5"/>
            </TextLine>
            <TextLine id="r7l28" primaryLanguage="German" custom="readingOrder {index:27;}">
                <Coords points="151,2840 1186,2837 1190,2872 150,2873"/>
                <Baseline points="154,2868 249,2867 311,2867 461,2868 582,2867 660,2867 861,2866 980,2867 1052,2867 1186,2867"/>
                <TextEquiv>
                    <Unicode>Lehren des römiſchen Rechtes mit erfriſchendem Humor und heiterem</Unicode>
                </TextEquiv>
                <TextStyle fontFamily="Times New Roman" fontSize="6.5"/>
            </TextLine>
            <TextLine id="r7l29" primaryLanguage="German" custom="readingOrder {index:28;}">
                <Coords points="153,2874 1187,2873 1187,2907 153,2907"/>
                <Baseline points="160,2902 282,2902 529,2902 624,2901 668,2902 724,2901 813,2901 1003,2901 1063,2901 1187,2901"/>
                <TextEquiv>
                    <Unicode>Frohſinn hinwegzuhelfen, indem er die hehre Wiſſenſchaft der Themis</Unicode>
                </TextEquiv>
                <TextStyle fontFamily="Times New Roman" fontSize="6.5"/>
            </TextLine>
            <TextLine id="r7l30" primaryLanguage="German" custom="readingOrder {index:29;}">
                <Coords points="152,2907 1166,2907 1185,2916 1185,2942 152,2942"/>
                <Baseline points="156,2936 192,2937 316,2936 477,2936 532,2936 659,2936 772,2936 955,2935 1045,2934 1185,2936"/>
                <TextEquiv>
                    <Unicode>an luſtigen Beiſpielen in witzigen Verſen demonſtrirt. Das Büchlein</Unicode>
                </TextEquiv>
                <TextStyle fontFamily="Times New Roman" fontSize="6.5"/>
            </TextLine>
            <TextLine id="r7l31" primaryLanguage="German" custom="readingOrder {index:30;}">
                <Coords points="158,2943 212,2943 924,2943 1062,2941 1185,2944 1185,2977 158,2977"/>
                <Baseline points="156,2971 203,2971 287,2970 360,2971 572,2972 641,2970 769,2973 850,2971 930,2970 973,2970 1115,2969 1185,2970"/>
                <TextEquiv>
                    <Unicode>hat nebſt der Unterhaltung den Vorzug, auch noch zu belehren, und</Unicode>
                </TextEquiv>
                <TextStyle fontFamily="Times New Roman" fontSize="6.5"/>
            </TextLine>
            <TextLine id="r7l32" primaryLanguage="German" custom="readingOrder {index:31;}">
                <Coords points="154,2985 246,2977 259,2976 298,2978 1124,2977 1187,2977 1187,3012 154,3012"/>
                <Baseline points="157,3007 228,3007 378,3006 451,3005 765,3005 849,3005 956,3005 1122,3004 1187,3005"/>
                <TextEquiv>
                    <Unicode>mag beſonders für Prüfungscandidaten eine gleich angenehme wie</Unicode>
                </TextEquiv>
                <TextStyle fontFamily="Times New Roman" fontSize="6.5"/>
            </TextLine>
            <TextLine id="r7l33" primaryLanguage="German" custom="readingOrder {index:32;}">
                <Coords points="158,3020 185,3011 958,3010 1122,3012 1189,3015 1193,3046 1111,3046 158,3046"/>
                <Baseline points="158,3040 269,3039 398,3039 519,3040 679,3039 830,3039 922,3039 1049,3039 1125,3041 1187,3039"/>
                <TextEquiv>
                    <Unicode>nützliche Lectüre bilden. Juriſtiſch gebildete Leſer werden ſich an</Unicode>
                </TextEquiv>
                <TextStyle fontFamily="Times New Roman" fontSize="6.5"/>
            </TextLine>
            <TextLine id="r7l34" primaryLanguage="German" custom="readingOrder {index:33;}">
                <Coords points="160,3047 884,3045 884,3079 158,3082"/>
                <Baseline points="160,3075 183,3075 202,3075 221,3074 256,3075 280,3074 307,3074 352,3074 534,3074 754,3073 884,3073"/>
                <TextEquiv>
                    <Unicode>Klimont's gelungenem Erſtlingswerke ergötzen.</Unicode>
                </TextEquiv>
                <TextStyle fontFamily="Times New Roman" fontSize="6.5"/>
            </TextLine>
            <TextLine id="r7l35" primaryLanguage="German" custom="readingOrder {index:34;}">
                <Coords points="243,3102 316,3089 326,3088 942,3086 1079,3088 1188,3097 1188,3124 243,3122"/>
                <Baseline points="245,3118 310,3118 386,3117 429,3116 716,3116 861,3116 909,3116 1041,3116 1188,3117"/>
                <TextEquiv>
                    <Unicode>— „Die Zeit.“ Herausgeber Profeſſor J. Singer, Hermann</Unicode>
                </TextEquiv>
            </TextLine>
            <TextLine id="r7l36" primaryLanguage="German" custom="readingOrder {index:35;}">
                <Coords points="154,3124 200,3123 210,3122 1144,3121 1151,3123 1178,3131 1188,3144 1188,3159 154,3159"/>
                <Baseline points="158,3151 232,3152 304,3151 498,3151 619,3150 780,3151 846,3150 1084,3151 1189,3151"/>
                <TextEquiv>
                    <Unicode>Bahr und Dr. Heinrich Kanner. Redaction und Adminiſtration: Wien,</Unicode>
                </TextEquiv>
                <TextStyle fontFamily="Times New Roman" fontSize="6.5"/>
            </TextLine>
            <TextLine id="r7l37" primaryLanguage="German" custom="readingOrder {index:36;}">
                <Coords points="154,3158 328,3160 990,3156 1164,3158 1179,3159 1192,3166 1192,3185 1186,3192 154,3192"/>
                <Baseline points="158,3184 252,3187 433,3186 474,3185 540,3185 594,3187 691,3185 822,3185 948,3186 1189,3185"/>
                <TextEquiv>
                    <Unicode>IX/3, Günthergaſſe 1. Nr. 40 bringt folgende Artikel: Bureaukratiſche</Unicode>
                </TextEquiv>
                <TextStyle fontFamily="Times New Roman" fontSize="6.5"/>
            </TextLine>
            <TextLine id="r7l38" primaryLanguage="German" custom="readingOrder {index:37;}">
                <Coords points="158,3192 1087,3190 1087,3190 1134,3192 1179,3200 1187,3212 1187,3227 158,3227"/>
                <Baseline points="159,3221 299,3220 378,3220 429,3220 492,3221 601,3219 882,3219 961,3219 1028,3219 1078,3219 1187,3219"/>
                <TextEquiv>
                    <Unicode>Ideologie. Von K. — Unſere Verwaltungsjuſtiz. Von Dr. J. Ofner.</Unicode>
                </TextEquiv>
                <TextStyle fontFamily="Times New Roman" fontSize="6.5"/>
            </TextLine>
            <TextLine id="r7l39" primaryLanguage="German" custom="readingOrder {index:38;}">
                <Coords points="156,3229 1189,3225 1192,3259 158,3260"/>
                <Baseline points="156,3254 189,3255 271,3255 406,3255 567,3254 651,3253 714,3254 838,3256 953,3253 1003,3254 1077,3254 1136,3255 1190,3255"/>
                <TextEquiv>
                    <Unicode>— Das engliſche Oberhaus. Von Dr. Joſeph Redlich. — Das Eigen⸗</Unicode>
                </TextEquiv>
                <TextStyle fontFamily="Times New Roman" fontSize="6.5"/>
            </TextLine>
            <TextLine id="r7l40" primaryLanguage="German" custom="readingOrder {index:39;}">
                <Coords points="152,3261 200,3260 1073,3259 1194,3261 1194,3296 152,3296"/>
                <Baseline points="157,3289 230,3290 299,3288 430,3288 762,3288 851,3288 996,3288 1062,3288 1190,3288"/>
                <TextEquiv>
                    <Unicode>thum als ſociales Entwicklungsproduct. Von Profeſſor Dr. Ludwig</Unicode>
                </TextEquiv>
                <TextStyle fontFamily="Times New Roman" fontSize="6.5"/>
            </TextLine>
            <TextLine id="r7l41" primaryLanguage="German" custom="readingOrder {index:40;}">
                <Coords points="159,3296 191,3295 1175,3293 1187,3296 1187,3330 159,3330"/>
                <Baseline points="159,3325 245,3324 288,3324 361,3323 479,3323 717,3322 796,3323 864,3322 914,3322 1053,3323 1187,3323"/>
                <TextEquiv>
                    <Unicode>Stein. — Das deutſche Bankdepotgeſetz. Von Dr. J. Leuthold (Berlin).</Unicode>
                </TextEquiv>
                <TextStyle fontFamily="Times New Roman" fontSize="6.5"/>
            </TextLine>
            <TextLine id="r7l42" primaryLanguage="German" custom="readingOrder {index:41;}">
                <Coords points="158,3345 210,3331 256,3330 396,3328 949,3328 1153,3329 1187,3339 1187,3363 158,3363"/>
                <Baseline points="161,3358 194,3358 332,3358 469,3358 565,3358 671,3358 805,3357 868,3359 946,3357 1091,3357 1187,3358"/>
                <TextEquiv>
                    <Unicode>— Ruſſiſche Malerei. Von Ferry Beraton. — Ola Hanſſon. Von</Unicode>
                </TextEquiv>
                <TextStyle fontFamily="Times New Roman" fontSize="6.5"/>
            </TextLine>
            <TextLine id="r7l43" primaryLanguage="German" custom="readingOrder {index:42;}">
                <Coords points="157,3365 165,3365 1158,3361 1186,3373 1186,3399 153,3400"/>
                <Baseline points="157,3396 246,3393 385,3393 433,3395 498,3393 558,3392 741,3392 944,3392 1026,3392 1092,3392 1186,3392"/>
                <TextEquiv>
                    <Unicode>Marie Herzfeld. — Aus der literariſchen Frauenklinik. Von Leo Berg.</Unicode>
                </TextEquiv>
                <TextStyle fontFamily="Times New Roman" fontSize="6.5"/>
            </TextLine>
            <TextLine id="r7l44" primaryLanguage="German" custom="readingOrder {index:43;}">
                <Coords points="152,3409 176,3400 947,3397 1151,3398 1184,3408 1184,3433 1106,3435 152,3432"/>
                <Baseline points="160,3429 193,3428 260,3428 371,3427 422,3429 546,3426 606,3426 727,3427 787,3427 928,3427 991,3430 1184,3427"/>
                <TextEquiv>
                    <Unicode>— Die Woche. — Bücher. — Revue der Revuen. — Verſuchung.</Unicode>
                </TextEquiv>
                <TextStyle fontFamily="Times New Roman" fontSize="6.5"/>
            </TextLine>
            <TextLine id="r7l45" primaryLanguage="German" custom="readingOrder {index:44;}">
                <Coords points="159,3434 280,3433 368,3434 414,3442 417,3468 371,3471 282,3470 155,3468"/>
                <Baseline points="159,3463 220,3463 268,3462 414,3462"/>
                <TextEquiv>
                    <Unicode>Von C. Lauckner.</Unicode>
                </TextEquiv>
                <TextStyle fontFamily="Times New Roman" fontSize="6.5"/>
            </TextLine>
        </TextRegion>
        <TextRegion type="heading" id="r8" custom="readingOrder {index:7;} structure {type:heading;}">
            <Coords points="360,3483 976,3483 976,3552 360,3552"/>
            <TextLine id="r8l1" primaryLanguage="German" custom="readingOrder {index:0;}">
                <Coords points="400,3496 855,3494 855,3494 906,3496 930,3505 945,3529 945,3541 927,3549 400,3550"/>
                <Baseline points="400,3543 438,3543 611,3541 945,3541"/>
                <TextEquiv>
                    <Unicode>Aus dem Gerichtsſaale.</Unicode>
                </TextEquiv>
            </TextLine>
        </TextRegion>
        <TextRegion type="paragraph" id="r9" custom="readingOrder {index:8;}">
            <Coords points="92,3551 1201,3550 1207,4039 1208,4867 1109,4862 884,4861 422,4855 399,4885 91,4894 96,4182"/>
            <TextLine id="r9l1" primaryLanguage="German" custom="readingOrder {index:0;}">
                <Coords points="244,3560 1184,3560 1187,3597 243,3597"/>
                <Baseline points="243,3592 350,3588 390,3591 479,3591 534,3592 555,3591 574,3591 607,3590 632,3591 664,3591 687,3590 708,3590 916,3589 1185,3590"/>
                <TextEquiv>
                    <Unicode>Wien, 5. Juli. [Orig.⸗Ber.] (Anrede an eine Pro⸗</Unicode>
                </TextEquiv>
            </TextLine>
            <TextLine id="r9l2" primaryLanguage="German" custom="readingOrder {index:1;}">
                <Coords points="157,3605 185,3598 1085,3594 1085,3594 1111,3595 1128,3596 1174,3604 1185,3609 1185,3630 157,3632"/>
                <Baseline points="157,3627 170,3627 407,3625 475,3625 560,3625 671,3625 1006,3623 1052,3624 1187,3622"/>
                <TextEquiv>
                    <Unicode>ceſſion.) Als bei dem letzten Frohnleichnams⸗Feſte in Wiener⸗</Unicode>
                </TextEquiv>
            </TextLine>
            <TextLine id="r9l3" primaryLanguage="German" custom="readingOrder {index:2;}">
                <Coords points="158,3632 179,3632 1102,3629 1188,3630 1188,3666 158,3666"/>
                <Baseline points="157,3662 280,3662 330,3661 491,3660 570,3661 649,3659 735,3659 864,3659 973,3658 1112,3658 1184,3657"/>
                <TextEquiv>
                    <Unicode>Neudorf die Proceſſion ſich eben dem zweiten Altare näherte, rief</Unicode>
                </TextEquiv>
                <TextStyle fontFamily="Times New Roman" fontSize="6.5"/>
            </TextLine>
            <TextLine id="r9l4" primaryLanguage="German" custom="readingOrder {index:3;}">
                <Coords points="158,3669 1185,3664 1188,3699 158,3700"/>
                <Baseline points="158,3695 201,3695 364,3695 478,3698 530,3695 551,3694 579,3694 604,3694 624,3695 670,3694 887,3694 1033,3692 1099,3693 1184,3694"/>
                <TextEquiv>
                    <Unicode>der Taglöhner Joſeph Wendl in angeheitertem Zuſtande den Mit⸗</Unicode>
                </TextEquiv>
                <TextStyle fontFamily="Times New Roman" fontSize="6.5"/>
            </TextLine>
            <TextLine id="r9l5" primaryLanguage="German" custom="readingOrder {index:4;}">
                <Coords points="158,3710 174,3702 198,3702 991,3698 1104,3699 1136,3701 1187,3707 1191,3735 1115,3735 158,3735"/>
                <Baseline points="159,3730 268,3729 331,3730 447,3729 545,3728 623,3728 715,3728 869,3728 990,3726 1187,3728"/>
                <TextEquiv>
                    <Unicode>gliedern des Zuges, welche eben einen kirchlichen Geſang anſtimmten:</Unicode>
                </TextEquiv>
                <TextStyle fontFamily="Times New Roman" fontSize="6.5"/>
            </TextLine>
            <TextLine id="r9l6" primaryLanguage="German" custom="readingOrder {index:5;}">
                <Coords points="152,3737 970,3734 970,3769 152,3769"/>
                <Baseline points="158,3763 204,3765 305,3763 413,3764 522,3763 678,3763 744,3763 967,3762"/>
                <TextEquiv>
                    <Unicode>zu: „Was ſingt's denn? Schaut's, daß hamkommt's!“</Unicode>
                </TextEquiv>
                <TextStyle fontFamily="Times New Roman" fontSize="6.5"/>
            </TextLine>
            <TextLine id="r9l7" primaryLanguage="German" custom="readingOrder {index:6;}">
                <Coords points="239,3771 961,3767 976,3767 1159,3769 1187,3777 1187,3804 239,3805"/>
                <Baseline points="243,3800 337,3799 440,3798 534,3798 666,3798 750,3796 873,3796 943,3798 1033,3796 1126,3796 1187,3796"/>
                <TextEquiv>
                    <Unicode>Wendl wurde ſofort arretirt und befand ſich heute unter der</Unicode>
                </TextEquiv>
                <TextStyle fontFamily="Times New Roman" fontSize="6.5"/>
            </TextLine>
            <TextLine id="r9l8" primaryLanguage="German" custom="readingOrder {index:7;}">
                <Coords points="154,3805 1183,3802 1191,3836 157,3838"/>
                <Baseline points="157,3834 270,3833 332,3833 494,3832 571,3832 613,3831 684,3832 906,3830 987,3830 1120,3831 1145,3831 1184,3831"/>
                <TextEquiv>
                    <Unicode>Anklage des Vergehens nach §. 303 (Beleidigung einer geſetzlich an⸗</Unicode>
                </TextEquiv>
                <TextStyle fontFamily="Times New Roman" fontSize="6.5"/>
            </TextLine>
            <TextLine id="r9l9" primaryLanguage="German" custom="readingOrder {index:8;}">
                <Coords points="156,3840 1190,3838 1194,3873 155,3873"/>
                <Baseline points="157,3868 291,3867 407,3866 467,3868 598,3867 648,3866 750,3866 844,3866 960,3865 1025,3865 1188,3867"/>
                <TextEquiv>
                    <Unicode>erkannten Kirche) vor Gericht. Er führte durch Zeugen den Nachweis,</Unicode>
                </TextEquiv>
                <TextStyle fontFamily="Times New Roman" fontSize="6.5"/>
            </TextLine>
            <TextLine id="r9l10" primaryLanguage="German" custom="readingOrder {index:9;}">
                <Coords points="156,3873 1186,3871 1188,3904 156,3908"/>
                <Baseline points="158,3903 215,3902 252,3903 395,3901 490,3903 552,3900 654,3901 729,3900 812,3900 1069,3899 1185,3900"/>
                <TextEquiv>
                    <Unicode>daß er berauſcht war; da jedoch aus dem Beweisverfahren hervor⸗</Unicode>
                </TextEquiv>
                <TextStyle fontFamily="Times New Roman" fontSize="6.5"/>
            </TextLine>
            <TextLine id="r9l11" primaryLanguage="German" custom="readingOrder {index:10;}">
                <Coords points="153,3917 173,3909 1187,3905 1187,3942 153,3942"/>
                <Baseline points="157,3936 236,3934 327,3936 358,3936 453,3937 528,3935 828,3934 962,3934 1027,3936 1144,3934 1187,3934"/>
                <TextEquiv>
                    <Unicode>ging, daß er noch nicht unzurechnungsfähig geweſen ſei, wurde er</Unicode>
                </TextEquiv>
                <TextStyle fontFamily="Times New Roman" fontSize="6.5"/>
            </TextLine>
            <TextLine id="r9l12" primaryLanguage="German" custom="readingOrder {index:11;}">
                <Coords points="154,3945 1191,3941 1188,3974 153,3976"/>
                <Baseline points="158,3972 210,3971 291,3970 488,3970 592,3970 716,3970 787,3969 1108,3969 1186,3968"/>
                <TextEquiv>
                    <Unicode>von dem Gerichtshofe unter Vorſitz des Landesgerichtsrathes Dr.</Unicode>
                </TextEquiv>
                <TextStyle fontFamily="Times New Roman" fontSize="6.5"/>
            </TextLine>
            <TextLine id="r9l13" primaryLanguage="German" custom="readingOrder {index:12;}">
                <Coords points="154,3977 1187,3975 1193,4011 158,4011"/>
                <Baseline points="158,4007 318,4005 459,4005 513,4004 625,4004 687,4005 975,4003 1103,4003 1154,4003 1186,4003"/>
                <TextEquiv>
                    <Unicode>Granichſtädten zu zwei Monaten ſtrengen Arreſts ver⸗</Unicode>
                </TextEquiv>
            </TextLine>
            <TextLine id="r9l14" primaryLanguage="German" custom="readingOrder {index:13;}">
                <Coords points="147,4019 197,4012 246,4011 253,4012 264,4014 275,4026 275,4045 170,4045 146,4046"/>
                <Baseline points="160,4041 272,4039"/>
                <TextEquiv>
                    <Unicode>urtheilt.</Unicode>
                </TextEquiv>
                <TextStyle fontFamily="Times New Roman" fontSize="6.5"/>
            </TextLine>
            <TextLine id="r9l15" primaryLanguage="German" custom="readingOrder {index:14;}">
                <Coords points="244,4060 280,4045 1066,4042 1066,4042 1140,4043 1188,4052 1188,4079 244,4080"/>
                <Baseline points="244,4075 282,4075 409,4075 519,4073 592,4074 820,4072 923,4072 980,4072 1189,4071"/>
                <TextEquiv>
                    <Unicode>— (Graf Karl Potocki.) Heute wurde die Unterſuchung</Unicode>
                </TextEquiv>
            </TextLine>
            <TextLine id="r9l16" primaryLanguage="German" custom="readingOrder {index:15;}">
                <Coords points="150,4087 167,4084 1189,4077 1189,4114 150,4114"/>
                <Baseline points="158,4111 234,4109 299,4108 378,4108 507,4108 627,4107 686,4107 770,4106 980,4106 1108,4107 1189,4106"/>
                <TextEquiv>
                    <Unicode>gegen den vor einigen Tagen in Haft genommenen Grafen Karl</Unicode>
                </TextEquiv>
                <TextStyle fontFamily="Times New Roman" fontSize="6.5"/>
            </TextLine>
            <TextLine id="r9l17" primaryLanguage="German" custom="readingOrder {index:16;}">
                <Coords points="158,4115 1093,4113 1160,4113 1178,4116 1193,4133 1193,4144 1186,4148 157,4148"/>
                <Baseline points="162,4144 197,4142 469,4143 553,4142 626,4141 828,4141 909,4138 1003,4140 1091,4141 1189,4142"/>
                <TextEquiv>
                    <Unicode>Potocki eingeſtellt und der Beſchuldigte auf freien Fuß geſetzt,</Unicode>
                </TextEquiv>
            </TextLine>
            <TextLine id="r9l18" primaryLanguage="German" custom="readingOrder {index:17;}">
                <Coords points="152,4151 989,4146 1024,4147 1164,4148 1186,4155 1190,4178 1151,4182 168,4183 151,4181"/>
                <Baseline points="158,4179 275,4178 336,4177 503,4176 651,4176 714,4176 832,4175 960,4176 1081,4175 1186,4175"/>
                <TextEquiv>
                    <Unicode>nachdem für ſämmtliche Schulden des Grafen Deckung geboten wurde.</Unicode>
                </TextEquiv>
                <TextStyle fontFamily="Times New Roman" fontSize="6.5"/>
            </TextLine>
            <TextLine id="r9l19" primaryLanguage="German" custom="readingOrder {index:18;}">
                <Coords points="245,4207 274,4192 413,4189 910,4188 1073,4189 1188,4197 1186,4224 243,4224"/>
                <Baseline points="247,4220 284,4221 375,4220 486,4219 600,4218 675,4218 715,4219 1025,4217 1118,4217 1188,4218"/>
                <TextEquiv>
                    <Unicode>— (Ein Rede über die Coalition.) Einige Tage vor</Unicode>
                </TextEquiv>
            </TextLine>
            <TextLine id="r9l20" primaryLanguage="German" custom="readingOrder {index:19;}">
                <Coords points="153,4228 216,4225 1189,4222 1188,4260 153,4260"/>
                <Baseline points="159,4256 201,4255 384,4254 726,4253 816,4252 872,4252 1012,4252 1116,4252 1188,4252"/>
                <TextEquiv>
                    <Unicode>der Landſtraßer Reichsraths⸗Erſatzwahl fand in Dreher's Saale eine</Unicode>
                </TextEquiv>
                <TextStyle fontFamily="Times New Roman" fontSize="6.5"/>
            </TextLine>
            <TextLine id="r9l21" primaryLanguage="German" custom="readingOrder {index:20;}">
                <Coords points="153,4269 230,4261 1039,4257 1148,4258 1179,4261 1186,4281 1186,4292 1185,4294 153,4294"/>
                <Baseline points="158,4291 219,4291 343,4289 490,4288 664,4288 795,4287 1107,4286 1187,4286"/>
                <TextEquiv>
                    <Unicode>vom Vereine „Pokrok“ einberufene czechiſche Wählerverſammlung ſtatt,</Unicode>
                </TextEquiv>
                <TextStyle fontFamily="Times New Roman" fontSize="6.5"/>
            </TextLine>
            <TextLine id="r9l22" primaryLanguage="German" custom="readingOrder {index:21;}">
                <Coords points="155,4298 166,4295 1191,4295 1186,4329 155,4329"/>
                <Baseline points="159,4325 193,4325 365,4323 432,4323 593,4321 800,4321 969,4320 1096,4321 1186,4321"/>
                <TextEquiv>
                    <Unicode>da bekanntlich ein czechiſcher Zählcandidat aufgeſtellt worden war.</Unicode>
                </TextEquiv>
                <TextStyle fontFamily="Times New Roman" fontSize="6.5"/>
            </TextLine>
            <TextLine id="r9l23" primaryLanguage="German" custom="readingOrder {index:22;}">
                <Coords points="150,4332 184,4330 971,4326 1174,4327 1191,4330 1191,4363 150,4364"/>
                <Baseline points="158,4360 209,4358 302,4358 519,4358 598,4356 667,4356 808,4355 966,4355 1036,4355 1188,4356"/>
                <TextEquiv>
                    <Unicode>Bei dieſer Verſammlung trat der Brünner Redacteur der Zvornoſt,</Unicode>
                </TextEquiv>
                <TextStyle fontFamily="Times New Roman" fontSize="6.5"/>
            </TextLine>
            <TextLine id="r9l24" primaryLanguage="German" custom="readingOrder {index:23;}">
                <Coords points="154,4365 1191,4361 1191,4393 153,4399"/>
                <Baseline points="161,4394 226,4392 328,4391 470,4393 588,4391 658,4389 724,4390 855,4388 922,4390 1187,4391"/>
                <TextEquiv>
                    <Unicode>Joſef Krapka, als Redner auf und äußerte, das Coalitions⸗Mini⸗</Unicode>
                </TextEquiv>
            </TextLine>
            <TextLine id="r9l25" primaryLanguage="German" custom="readingOrder {index:24;}">
                <Coords points="158,4401 1191,4396 1191,4430 158,4432"/>
                <Baseline points="162,4428 261,4427 333,4427 391,4426 688,4425 785,4424 850,4425 946,4424 1050,4424 1188,4423"/>
                <TextEquiv>
                    <Unicode>ſterium und die Coalitions⸗Parteien hätten den guten Willen (bezüglich</Unicode>
                </TextEquiv>
                <TextStyle fontFamily="Times New Roman" fontSize="6.5"/>
            </TextLine>
            <TextLine id="r9l26" primaryLanguage="German" custom="readingOrder {index:25;}">
                <Coords points="156,4433 1189,4430 1189,4465 155,4467"/>
                <Baseline points="160,4463 202,4462 402,4458 445,4460 601,4459 632,4459 649,4460 678,4459 695,4458 734,4459 837,4458 902,4459 1189,4459"/>
                <TextEquiv>
                    <Unicode>der Wahlreform), ihr Ehrenwort nicht zu halten. Der Regierungsvertreter</Unicode>
                </TextEquiv>
                <TextStyle fontFamily="Times New Roman" fontSize="6.5"/>
            </TextLine>
            <TextLine id="r9l27" primaryLanguage="German" custom="readingOrder {index:26;}">
                <Coords points="161,4476 185,4468 1032,4464 1032,4464 1171,4465 1189,4473 1189,4499 161,4500"/>
                <Baseline points="161,4496 319,4495 397,4495 477,4494 584,4494 658,4493 779,4492 887,4493 997,4492 1189,4491"/>
                <TextEquiv>
                    <Unicode>relationirte über dieſe Worte und Krapka wurde wegen Beleidigung</Unicode>
                </TextEquiv>
                <TextStyle fontFamily="Times New Roman" fontSize="6.5"/>
            </TextLine>
            <TextLine id="r9l28" primaryLanguage="German" custom="readingOrder {index:27;}">
                <Coords points="156,4503 185,4501 1188,4498 1188,4535 156,4535"/>
                <Baseline points="160,4531 202,4530 366,4530 530,4527 602,4528 665,4528 962,4526 1118,4526 1188,4527"/>
                <TextEquiv>
                    <Unicode>der damaligen Regierung und des Abgeordnetenhauſes angeklagt. Bei</Unicode>
                </TextEquiv>
                <TextStyle fontFamily="Times New Roman" fontSize="6.5"/>
            </TextLine>
            <TextLine id="r9l29" primaryLanguage="German" custom="readingOrder {index:28;}">
                <Coords points="159,4537 163,4536 1159,4532 1189,4536 1191,4568 159,4569"/>
                <Baseline points="159,4565 202,4565 337,4564 553,4564 623,4562 704,4562 898,4562 968,4561 1046,4561 1189,4561"/>
                <TextEquiv>
                    <Unicode>der heutigen Verhandlung vor dem Strafrichter des III. Bezirkes</Unicode>
                </TextEquiv>
                <TextStyle fontFamily="Times New Roman" fontSize="6.5"/>
            </TextLine>
            <TextLine id="r9l30" primaryLanguage="German" custom="readingOrder {index:29;}">
                <Coords points="155,4572 1191,4567 1191,4602 156,4605"/>
                <Baseline points="159,4602 210,4599 253,4598 306,4600 332,4599 355,4598 383,4598 407,4599 428,4598 448,4598 528,4597 596,4597 768,4596 872,4597 958,4596 1078,4597 1188,4593"/>
                <TextEquiv>
                    <Unicode>Dr. v. Marquet wies der Angeklagte durch einen Zeugen glaub⸗</Unicode>
                </TextEquiv>
                <TextStyle fontFamily="Times New Roman" fontSize="6.5"/>
            </TextLine>
            <TextLine id="r9l31" primaryLanguage="German" custom="readingOrder {index:30;}">
                <Coords points="150,4606 1193,4602 1194,4635 152,4640"/>
                <Baseline points="159,4636 216,4633 310,4633 378,4633 436,4633 557,4631 639,4631 722,4631 873,4630 1026,4629 1097,4630 1150,4629 1186,4629"/>
                <TextEquiv>
                    <Unicode>haft nach, daß er damals nicht ſeine ſubjective Meinung zum Aus⸗</Unicode>
                </TextEquiv>
                <TextStyle fontFamily="Times New Roman" fontSize="6.5"/>
            </TextLine>
            <TextLine id="r9l32" primaryLanguage="German" custom="readingOrder {index:31;}">
                <Coords points="157,4642 1195,4636 1192,4670 155,4673"/>
                <Baseline points="160,4668 241,4668 399,4665 525,4666 606,4666 727,4666 804,4665 908,4665 977,4664 1187,4665"/>
                <TextEquiv>
                    <Unicode>drucke gebracht, ſondern nur Stellen aus Reden von Abgeordneten</Unicode>
                </TextEquiv>
                <TextStyle fontFamily="Times New Roman" fontSize="6.5"/>
            </TextLine>
            <TextLine id="r9l33" primaryLanguage="German" custom="readingOrder {index:32;}">
                <Coords points="156,4684 186,4674 1190,4671 1193,4704 156,4709"/>
                <Baseline points="160,4703 317,4701 405,4701 533,4701 623,4700 702,4698 814,4698 890,4699 956,4700 1013,4698 1132,4699 1186,4699"/>
                <TextEquiv>
                    <Unicode>reproducirt habe. Krapka wies auch darauf hin, daß die Redner im</Unicode>
                </TextEquiv>
                <TextStyle fontFamily="Times New Roman" fontSize="6.5"/>
            </TextLine>
            <TextLine id="r9l34" primaryLanguage="German" custom="readingOrder {index:33;}">
                <Coords points="159,4708 1193,4705 1193,4739 157,4743"/>
                <Baseline points="161,4738 326,4736 411,4735 550,4735 709,4734 897,4732 983,4733 1121,4734 1188,4733"/>
                <TextEquiv>
                    <Unicode>Parlamente weit ſchärfere Ausdrücke gebrauchten. Der Richter ging</Unicode>
                </TextEquiv>
                <TextStyle fontFamily="Times New Roman" fontSize="6.5"/>
            </TextLine>
            <TextLine id="r9l35" primaryLanguage="German" custom="readingOrder {index:34;}">
                <Coords points="160,4743 1189,4739 1189,4772 159,4778"/>
                <Baseline points="160,4773 210,4772 239,4771 351,4769 646,4768 707,4768 776,4768 945,4767 1123,4768 1189,4768"/>
                <TextEquiv>
                    <Unicode>mit einem Freiſpruche vor, da die incrimirte Aeußerung die</Unicode>
                </TextEquiv>
            </TextLine>
            <TextLine id="r9l36" primaryLanguage="German" custom="readingOrder {index:35;}">
                <Coords points="156,4780 595,4773 1197,4773 1198,4807 156,4813"/>
                <Baseline points="161,4808 350,4805 447,4804 554,4803 619,4803 905,4802 1032,4803 1103,4802 1189,4802"/>
                <TextEquiv>
                    <Unicode>Reproduction einer Kritik im Abgeordnetenhauſe geweſen ſei. Der</Unicode>
                </TextEquiv>
                <TextStyle fontFamily="Times New Roman" fontSize="6.5"/>
            </TextLine>
            <TextLine id="r9l37" primaryLanguage="German" custom="readingOrder {index:36;}">
                <Coords points="158,4814 1157,4808 1189,4809 1194,4845 919,4846 157,4846"/>
                <Baseline points="161,4840 473,4839 671,4838 733,4839 812,4838 1121,4837 1189,4836"/>
                <TextEquiv>
                    <Unicode>ſtaatsanwaltſchaftliche Functionär Dr. Benedict meldete die</Unicode>
                </TextEquiv>
            </TextLine>
            <TextLine id="r9l38" primaryLanguage="German" custom="readingOrder {index:37;}">
                <Coords points="156,4849 366,4845 366,4879 156,4884"/>
                <Baseline points="161,4877 302,4873 361,4873"/>
                <TextEquiv>
                    <Unicode>Berufung an.</Unicode>
                </TextEquiv>
                <TextStyle fontFamily="Times New Roman" fontSize="6.5"/>
            </TextLine>
        </TextRegion>
        <TextRegion type="paragraph" id="r10" custom="readingOrder {index:9;}">
            <Coords points="121,4899 1207,4885 1206,5234 125,5237"/>
            <TextLine id="r10l1" primaryLanguage="German" custom="readingOrder {index:0;}">
                <Coords points="236,4903 1148,4901 1194,4901 1194,4943 236,4943"/>
                <Baseline points="239,4936 385,4936 439,4934 493,4937 850,4934 898,4934 1003,4932 1191,4935"/>
                <TextEquiv>
                    <Unicode>Krakau, 5. Juli. (Entlaſſung aus der Haft.)</Unicode>
                </TextEquiv>
            </TextLine>
            <TextLine id="r10l2" primaryLanguage="German" custom="readingOrder {index:1;}">
                <Coords points="158,4945 1192,4940 1192,4978 156,4982"/>
                <Baseline points="162,4977 194,4977 381,4974 563,4973 609,4974 787,4972 1029,4971 1077,4971 1190,4972"/>
                <TextEquiv>
                    <Unicode>Der Krakauer Kaufmann Wladislaw Bilewski, der in Odeſſa</Unicode>
                </TextEquiv>
            </TextLine>
            <TextLine id="r10l3" primaryLanguage="German" custom="readingOrder {index:2;}">
                <Coords points="158,4983 1195,4979 1199,5016 156,5021"/>
                <Baseline points="162,5014 288,5013 425,5012 529,5012 600,5012 680,5011 895,5010 968,5010 1095,5011 1190,5010"/>
                <TextEquiv>
                    <Unicode>verhaftet worden war, iſt auf Intervention der öſterreichiſch⸗</Unicode>
                </TextEquiv>
                <TextStyle fontFamily="Times New Roman" fontSize="6.5"/>
            </TextLine>
            <TextLine id="r10l4" primaryLanguage="German" custom="readingOrder {index:3;}">
                <Coords points="161,5021 1194,5018 1194,5057 161,5060"/>
                <Baseline points="166,5053 331,5051 486,5050 533,5049 725,5050 839,5048 914,5049 981,5048 1084,5048 1190,5048"/>
                <TextEquiv>
                    <Unicode>ungariſchen Botſchaft in Petersburg bereits am 27. April gegen</Unicode>
                </TextEquiv>
                <TextStyle fontFamily="Times New Roman" fontSize="6.5"/>
            </TextLine>
            <TextLine id="r10l5" primaryLanguage="German" custom="readingOrder {index:4;}">
                <Coords points="166,5061 1175,5057 1175,5057 1191,5066 1191,5097 166,5098"/>
                <Baseline points="169,5091 288,5089 376,5089 481,5089 570,5089 671,5088 810,5088 907,5088 997,5087 1189,5089"/>
                <TextEquiv>
                    <Unicode>Caution auf freien Fuß geſetzt worden, muß aber gegenwärtig</Unicode>
                </TextEquiv>
                <TextStyle fontFamily="Times New Roman" fontSize="6.5"/>
            </TextLine>
            <TextLine id="r10l6" primaryLanguage="German" custom="readingOrder {index:5;}">
                <Coords points="157,5109 177,5098 1190,5095 1190,5134 157,5137"/>
                <Baseline points="164,5130 238,5128 355,5128 422,5128 481,5128 697,5127 771,5127 978,5125 1127,5126 1190,5126"/>
                <TextEquiv>
                    <Unicode>noch warten, bis die Einwilligung zum vollſtändigen Verlaſſen der</Unicode>
                </TextEquiv>
                <TextStyle fontFamily="Times New Roman" fontSize="6.5"/>
            </TextLine>
            <TextLine id="r10l7" primaryLanguage="German" custom="readingOrder {index:6;}">
                <Coords points="160,5136 1176,5134 1196,5142 1197,5174 1177,5173 160,5176"/>
                <Baseline points="167,5171 198,5171 390,5168 474,5169 561,5167 721,5166 895,5167 1191,5165"/>
                <TextEquiv>
                    <Unicode>Stadt Odeſſa von dem kaiſerlich ruſſiſchen Juſtizminiſterium</Unicode>
                </TextEquiv>
            </TextLine>
            <TextLine id="r10l8" primaryLanguage="German" custom="readingOrder {index:7;}">
                <Coords points="157,5186 176,5176 271,5176 282,5179 302,5185 298,5217 278,5215 157,5216"/>
                <Baseline points="165,5208 291,5207"/>
                <TextEquiv>
                    <Unicode>einlangt.</Unicode>
                </TextEquiv>
                <TextStyle fontFamily="Times New Roman" fontSize="6.5" bold="true"/>
            </TextLine>
        </TextRegion>
        <TextRegion type="paragraph" id="r11" custom="readingOrder {index:10;}">
            <Coords points="1208,254 2276,261 2278,598 1210,591"/>
            <TextLine id="r11l1" primaryLanguage="German" custom="readingOrder {index:0;}">
                <Coords points="1297,279 2228,276 2257,285 2257,314 1297,317"/>
                <Baseline points="1308,309 1467,309 1551,310 1630,310 1715,309 1793,311 1982,311 2027,309 2073,311 2254,306"/>
                <TextEquiv>
                    <Unicode>[Telegr. der „N. Fr. Pr.“] Trieſt, 5. Juli. (Ein</Unicode>
                </TextEquiv>
            </TextLine>
            <TextLine id="r11l2" primaryLanguage="German" custom="readingOrder {index:1;}">
                <Coords points="1223,317 2254,317 2259,354 1222,357"/>
                <Baseline points="1227,349 1457,347 1636,348 1733,348 1796,348 1845,348 1915,350 2160,347 2215,347 2254,346"/>
                <TextEquiv>
                    <Unicode>politiſcher Mord.) Wie der in Zara erſcheinende Dal⸗</Unicode>
                </TextEquiv>
            </TextLine>
            <TextLine id="r11l3" primaryLanguage="German" custom="readingOrder {index:2;}">
                <Coords points="1223,361 1244,359 2255,354 2260,390 1224,394"/>
                <Baseline points="1229,386 1303,386 1439,386 1544,387 1593,386 1645,388 1664,387 1688,386 1710,387 1732,387 1753,387 1778,387 1849,386 1900,388 1922,387 1948,387 1971,386 2000,386 2020,386 2044,386 2071,386 2153,385 2212,385 2254,383"/>
                <TextEquiv>
                    <Unicode>mata meldet, wurde in Stretto bei Sebenico ein poli⸗</Unicode>
                </TextEquiv>
                <TextStyle fontFamily="Times New Roman" fontSize="6.5"/>
            </TextLine>
            <TextLine id="r11l4" primaryLanguage="German" custom="readingOrder {index:3;}">
                <Coords points="1221,394 2255,394 2262,432 1220,433"/>
                <Baseline points="1228,424 1313,424 1422,425 1584,425 1691,425 1763,426 1926,425 2000,424 2080,425 2194,424 2255,424"/>
                <TextEquiv>
                    <Unicode>tiſcher Mord begangen, indem ein Anhänger des Podeſtà Maz⸗</Unicode>
                </TextEquiv>
            </TextLine>
            <TextLine id="r11l5" primaryLanguage="German" custom="readingOrder {index:4;}">
                <Coords points="1222,435 1245,433 2256,434 2263,452 2263,469 1228,473"/>
                <Baseline points="1228,462 1293,463 1320,463 1414,464 1543,463 1640,464 1884,464 1952,464 2076,463 2117,463 2136,462 2160,463 2179,464 2197,464 2210,463 2251,462"/>
                <TextEquiv>
                    <Unicode>zura einen Gegner dieſer Parteirichtung, den Pächter Vlaſſich,</Unicode>
                </TextEquiv>
                <TextStyle fontFamily="Times New Roman" fontSize="6.5"/>
            </TextLine>
            <TextLine id="r11l6" primaryLanguage="German" custom="readingOrder {index:5;}">
                <Coords points="1227,474 2257,472 2257,506 1227,509"/>
                <Baseline points="1228,502 1330,501 1410,502 1553,499 1656,503 1801,503 1888,502 2000,502 2072,501 2144,501 2254,499"/>
                <TextEquiv>
                    <Unicode>tödtete. Der Mörder wurde verhaftet und konnte nur mit Mühe</Unicode>
                </TextEquiv>
                <TextStyle fontFamily="Times New Roman" fontSize="6.5"/>
            </TextLine>
            <TextLine id="r11l7" primaryLanguage="German" custom="readingOrder {index:6;}">
                <Coords points="1228,518 1295,512 1358,511 2068,509 2213,509 2257,511 2261,545 2243,546 2232,547 1228,548"/>
                <Baseline points="1228,540 1274,540 1338,540 1448,538 1508,542 1646,539 1779,541 1845,542 1973,542 2105,539 2254,539"/>
                <TextEquiv>
                    <Unicode>vor der Wuth des Volkes, welches ihn lynchen wollte, geſchützt</Unicode>
                </TextEquiv>
                <TextStyle fontFamily="Times New Roman" fontSize="6.5"/>
            </TextLine>
            <TextLine id="r11l8" primaryLanguage="German" custom="readingOrder {index:7;}">
                <Coords points="1220,556 1241,551 1297,551 1337,560 1342,583 1269,586 1243,584 1219,582"/>
                <Baseline points="1228,580 1337,579"/>
                <TextEquiv>
                    <Unicode>werden.</Unicode>
                </TextEquiv>
                <TextStyle fontFamily="Times New Roman" fontSize="6.5"/>
            </TextLine>
        </TextRegion>
        <TextRegion type="heading" id="r12" custom="readingOrder {index:11;} structure {type:heading;}">
            <Coords points="1208,614 2268,614 2269,703 1209,703"/>
            <TextLine id="r12l1" primaryLanguage="German" custom="readingOrder {index:0;}">
                <Coords points="1223,626 2252,630 2252,693 1222,699"/>
                <Baseline points="1225,690 1530,686 1639,686 2252,687"/>
                <TextEquiv>
                    <Unicode>Telegramme des Correſpondenz-Bureau.</Unicode>
                </TextEquiv>
                <TextStyle fontFamily="Times New Roman" fontSize="13.0" bold="true"/>
            </TextLine>
        </TextRegion>
        <TextRegion type="paragraph" id="r13" custom="readingOrder {index:12;}">
            <Coords points="1211,702 2275,701 2278,2484 2279,4289 2279,4990 2276,5249 1211,5246 1195,1251"/>
            <TextLine id="r13l1" primaryLanguage="German" custom="readingOrder {index:0;}">
                <Coords points="1303,713 1455,710 2251,711 2259,712 2259,750 1303,751"/>
                <Baseline points="1308,745 1342,745 1489,743 1589,743 1690,743 1727,744 2087,741 2255,741"/>
                <TextEquiv>
                    <Unicode>Trieſt, 5. Juli. Der Lloyddampfer „Imperator“ iſt</Unicode>
                </TextEquiv>
            </TextLine>
            <TextLine id="r13l2" primaryLanguage="German" custom="readingOrder {index:1;}">
                <Coords points="1227,752 2258,750 2258,788 1227,787"/>
                <Baseline points="1230,781 1274,782 1322,781 1409,782 1481,782 1627,782 1707,781 1835,782 1900,781 2121,779 2183,780 2214,779 2238,779 2256,778"/>
                <TextEquiv>
                    <Unicode>am 4. Juli von Brindiſi nach Trieſt, der Lloyddampfer „Pan⸗</Unicode>
                </TextEquiv>
                <TextStyle fontFamily="Times New Roman" fontSize="6.5"/>
            </TextLine>
            <TextLine id="r13l3" primaryLanguage="German" custom="readingOrder {index:2;}">
                <Coords points="1226,790 1265,789 2228,787 2256,797 2256,825 1226,827"/>
                <Baseline points="1230,820 1245,820 1272,820 1297,821 1345,820 1422,821 1469,820 1557,820 1630,821 1746,820 1829,819 1962,819 2155,817 2256,817"/>
                <TextEquiv>
                    <Unicode>dora“ am 4. Juli von Fiume nach Santos abgegangen. Der</Unicode>
                </TextEquiv>
                <TextStyle fontFamily="Times New Roman" fontSize="6.5"/>
            </TextLine>
            <TextLine id="r13l4" primaryLanguage="German" custom="readingOrder {index:3;}">
                <Coords points="1224,830 2209,826 2256,834 2261,865 2202,866 2178,865 1224,868"/>
                <Baseline points="1230,860 1431,859 1511,860 1539,859 1565,859 1585,859 1607,859 1655,859 1683,859 1705,859 1726,858 1751,860 1772,858 1814,858 1881,857 1953,859 2000,857 2088,857 2157,855 2255,857"/>
                <TextEquiv>
                    <Unicode>Lloyddampfer „Marie Valerie“ iſt am 4. Juli auf ſeiner</Unicode>
                </TextEquiv>
                <TextStyle fontFamily="Times New Roman" fontSize="6.5"/>
            </TextLine>
            <TextLine id="r13l5" primaryLanguage="German" custom="readingOrder {index:4;}">
                <Coords points="1223,870 1893,867 1895,906 1223,906"/>
                <Baseline points="1227,900 1313,899 1384,898 1479,898 1530,898 1700,897 1893,896"/>
                <TextEquiv>
                    <Unicode>Fahrt von Kobe in Hongkong eingetroffen.</Unicode>
                </TextEquiv>
                <TextStyle fontFamily="Times New Roman" fontSize="6.5"/>
            </TextLine>
            <TextLine id="r13l6" primaryLanguage="German" custom="readingOrder {index:5;}">
                <Coords points="1302,920 2194,916 2259,924 2259,954 1302,958"/>
                <Baseline points="1306,950 1339,950 1496,948 1583,948 1660,948 1839,947 1992,947 2142,946 2255,946"/>
                <TextEquiv>
                    <Unicode>Agram, 5. Juli. Die ehemaligen ſerbiſchen Miniſter Sawa</Unicode>
                </TextEquiv>
            </TextLine>
            <TextLine id="r13l7" primaryLanguage="German" custom="readingOrder {index:6;}">
                <Coords points="1228,958 2256,955 2256,955 2256,992 1228,995"/>
                <Baseline points="1228,989 1258,989 1284,988 1313,988 1334,988 1358,988 1439,988 1517,987 1566,988 1595,987 1616,987 1639,987 1772,986 1897,986 1981,986 2066,985 2185,984 2256,985"/>
                <TextEquiv>
                    <Unicode>Gruic und Dr. Vuic weilten geſtern hier und reiſten mit</Unicode>
                </TextEquiv>
                <TextStyle fontFamily="Times New Roman" fontSize="6.5"/>
            </TextLine>
            <TextLine id="r13l8" primaryLanguage="German" custom="readingOrder {index:7;}">
                <Coords points="1228,998 1323,997 1666,994 2232,993 2261,1000 2263,1033 2122,1032 2112,1032 1228,1034"/>
                <Baseline points="1228,1026 1284,1026 1359,1026 1603,1027 1791,1026 1851,1026 2256,1024"/>
                <TextEquiv>
                    <Unicode>dem hier domicilirenden ehemaligen Miniſter Tauſchanovic</Unicode>
                </TextEquiv>
            </TextLine>
            <TextLine id="r13l9" primaryLanguage="German" custom="readingOrder {index:8;}">
                <Coords points="1222,1041 1260,1035 1482,1035 1496,1045 1496,1073 1245,1073 1224,1073"/>
                <Baseline points="1227,1065 1293,1067 1429,1065 1491,1065"/>
                <TextEquiv>
                    <Unicode>nach Abbazia ab.</Unicode>
                </TextEquiv>
                <TextStyle fontFamily="Times New Roman" fontSize="6.5"/>
            </TextLine>
            <TextLine id="r13l10" primaryLanguage="German" custom="readingOrder {index:9;}">
                <Coords points="1308,1078 2255,1081 2255,1118 1311,1122"/>
                <Baseline points="1314,1118 1369,1116 1519,1115 1624,1114 1735,1114 2044,1113 2180,1112 2255,1111"/>
                <TextEquiv>
                    <Unicode>Berlin, 5. Juli. Der „Reichsanzeiger“ meldet die</Unicode>
                </TextEquiv>
            </TextLine>
            <TextLine id="r13l11" primaryLanguage="German" custom="readingOrder {index:10;}">
                <Coords points="1225,1135 1268,1126 1569,1126 2205,1123 2257,1131 2257,1164 1225,1165"/>
                <Baseline points="1229,1157 1380,1158 1632,1157 1699,1156 1865,1158 1900,1157 2254,1156"/>
                <TextEquiv>
                    <Unicode>endgiltige Uebertragung der Stellung eines kaiſerlichen</Unicode>
                </TextEquiv>
            </TextLine>
            <TextLine id="r13l12" primaryLanguage="German" custom="readingOrder {index:11;}">
                <Coords points="1220,1169 2263,1166 2265,1208 1220,1210"/>
                <Baseline points="1227,1202 1701,1200 1784,1200 1989,1200 2030,1200 2214,1198 2254,1199"/>
                <TextEquiv>
                    <Unicode>Landeshauptmannes in Deutſch⸗Südweſt⸗</Unicode>
                </TextEquiv>
                <TextStyle fontFamily="Times New Roman" fontSize="7.0"/>
            </TextLine>
            <TextLine id="r13l13" primaryLanguage="German" custom="readingOrder {index:12;}">
                <Coords points="1222,1212 1822,1211 1863,1220 1863,1243 1850,1251 1257,1252 1222,1252"/>
                <Baseline points="1228,1244 1367,1244 1439,1244 1614,1244 1655,1245 1736,1243 1863,1243"/>
                <TextEquiv>
                    <Unicode>Afrika an Major Lentwein.</Unicode>
                </TextEquiv>
                <TextStyle fontFamily="Times New Roman" fontSize="7.0"/>
            </TextLine>
            <TextLine id="r13l14" primaryLanguage="German" custom="readingOrder {index:13;}">
                <Coords points="1312,1261 2256,1263 2262,1303 1315,1308"/>
                <Baseline points="1316,1302 1356,1302 1522,1299 1628,1298 1776,1299 1811,1298 2166,1296 2211,1296 2255,1296"/>
                <TextEquiv>
                    <Unicode>Berlin, 5. Juli. Durch eine aufſtändiſche Be⸗</Unicode>
                </TextEquiv>
            </TextLine>
            <TextLine id="r13l15" primaryLanguage="German" custom="readingOrder {index:14;}">
                <Coords points="1223,1318 1415,1311 2264,1308 2258,1347 1223,1352"/>
                <Baseline points="1229,1343 1254,1343 1456,1342 1533,1343 1729,1343 1779,1342 2172,1340 2255,1338"/>
                <TextEquiv>
                    <Unicode>wegung in den chineſiſchen Kreiſen Kwang⸗tung und</Unicode>
                </TextEquiv>
            </TextLine>
            <TextLine id="r13l16" primaryLanguage="German" custom="readingOrder {index:15;}">
                <Coords points="1227,1355 2256,1351 2260,1390 1225,1397"/>
                <Baseline points="1231,1389 1256,1388 1287,1386 1320,1386 1345,1386 1375,1385 1405,1387 1436,1385 1491,1385 1716,1385 1757,1385 2122,1382 2211,1382 2256,1380"/>
                <TextEquiv>
                    <Unicode>Yün⸗nan ſchienen die dortigen deutſchen Miſ⸗</Unicode>
                </TextEquiv>
            </TextLine>
            <TextLine id="r13l17" primaryLanguage="German" custom="readingOrder {index:16;}">
                <Coords points="1226,1397 2254,1395 2254,1432 1226,1435"/>
                <Baseline points="1230,1428 1639,1428 1694,1427 1931,1427 2036,1426 2154,1425 2254,1425"/>
                <TextEquiv>
                    <Unicode>ſions⸗Stationen bedroht zu ſein. Eine von</Unicode>
                </TextEquiv>
            </TextLine>
            <TextLine id="r13l18" primaryLanguage="German" custom="readingOrder {index:17;}">
                <Coords points="1224,1439 2255,1438 2259,1476 1224,1479"/>
                <Baseline points="1228,1472 1287,1472 1368,1471 1428,1471 1505,1471 1672,1471 1845,1470 1912,1470 2077,1469 2255,1467"/>
                <TextEquiv>
                    <Unicode>hier aus an den deutſchen Vertreter in Swatau gerichtete</Unicode>
                </TextEquiv>
                <TextStyle fontFamily="Times New Roman" fontSize="6.5"/>
            </TextLine>
            <TextLine id="r13l19" primaryLanguage="German" custom="readingOrder {index:18;}">
                <Coords points="1226,1482 2200,1480 2253,1488 2253,1511 2199,1519 2196,1519 1228,1523"/>
                <Baseline points="1228,1515 1359,1514 1493,1514 1618,1515 1861,1512 1952,1514 1997,1513 2253,1511"/>
                <TextEquiv>
                    <Unicode>Anfrage wurde dahin beantwortet, daß die deutſchen</Unicode>
                </TextEquiv>
            </TextLine>
            <TextLine id="r13l20" primaryLanguage="German" custom="readingOrder {index:19;}">
                <Coords points="1223,1527 1696,1525 1883,1525 1920,1534 1931,1549 1931,1556 1908,1564 1250,1565 1223,1563"/>
                <Baseline points="1228,1559 1477,1558 1634,1557 1688,1558 1931,1556"/>
                <TextEquiv>
                    <Unicode>Miſſionen außer Gefahr ſeien.</Unicode>
                </TextEquiv>
            </TextLine>
            <TextLine id="r13l21" primaryLanguage="German" custom="readingOrder {index:20;}">
                <Coords points="1303,1577 2255,1578 2255,1613 1306,1618"/>
                <Baseline points="1306,1612 1350,1612 1532,1610 1629,1609 1734,1609 1926,1609 2035,1608 2070,1608 2255,1606"/>
                <TextEquiv>
                    <Unicode>München, 5. Juli. Heute Vormittags wurde der dritte</Unicode>
                </TextEquiv>
            </TextLine>
            <TextLine id="r13l22" primaryLanguage="German" custom="readingOrder {index:21;}">
                <Coords points="1229,1621 2251,1617 2251,1617 2251,1652 1229,1656"/>
                <Baseline points="1229,1650 1392,1650 1452,1651 2000,1646 2102,1646 2251,1645"/>
                <TextEquiv>
                    <Unicode>deutſche Elektrotechnikertag eröffnet. Der Miniſter</Unicode>
                </TextEquiv>
            </TextLine>
            <TextLine id="r13l23" primaryLanguage="German" custom="readingOrder {index:22;}">
                <Coords points="1229,1660 1243,1658 2228,1653 2228,1653 2254,1662 2254,1691 1229,1696"/>
                <Baseline points="1229,1689 1273,1689 1403,1688 1560,1687 1632,1687 1879,1688 2015,1686 2088,1685 2254,1683"/>
                <TextEquiv>
                    <Unicode>des Innern begrüßte die Verſammlung namens der bayriſchen</Unicode>
                </TextEquiv>
                <TextStyle fontFamily="Times New Roman" fontSize="6.5"/>
            </TextLine>
            <TextLine id="r13l24" primaryLanguage="German" custom="readingOrder {index:23;}">
                <Coords points="1225,1698 2257,1693 2257,1730 1225,1734"/>
                <Baseline points="1229,1729 1394,1727 1620,1726 1669,1727 1694,1726 1719,1725 1751,1725 1777,1727 1797,1725 1929,1725 1987,1724 2096,1723 2257,1723"/>
                <TextEquiv>
                    <Unicode>Regierung, Bürgermeiſter Borſcht namens der Stadt. Profeſſor</Unicode>
                </TextEquiv>
                <TextStyle fontFamily="Times New Roman" fontSize="6.5"/>
            </TextLine>
            <TextLine id="r13l25" primaryLanguage="German" custom="readingOrder {index:24;}">
                <Coords points="1230,1737 2255,1733 2259,1770 1230,1773"/>
                <Baseline points="1230,1766 1260,1766 1281,1766 1309,1766 1334,1765 1373,1764 1435,1766 1553,1764 1669,1765 1744,1765 1869,1763 1995,1764 2185,1763 2255,1761"/>
                <TextEquiv>
                    <Unicode>Slaby aus Berlin führte den Vorſitz. Nach Erledigung des</Unicode>
                </TextEquiv>
                <TextStyle fontFamily="Times New Roman" fontSize="6.5"/>
            </TextLine>
            <TextLine id="r13l26" primaryLanguage="German" custom="readingOrder {index:25;}">
                <Coords points="1225,1774 2259,1770 2260,1807 1225,1811"/>
                <Baseline points="1231,1807 1490,1803 1635,1803 1725,1802 1789,1802 2004,1802 2081,1800 2151,1800 2253,1799"/>
                <TextEquiv>
                    <Unicode>Geſchäftsberichtes begaben ſich die Theilnehmer vor das Poly⸗</Unicode>
                </TextEquiv>
                <TextStyle fontFamily="Times New Roman" fontSize="6.5"/>
            </TextLine>
            <TextLine id="r13l27" primaryLanguage="German" custom="readingOrder {index:26;}">
                <Coords points="1225,1813 2255,1810 2255,1846 1225,1850"/>
                <Baseline points="1229,1843 1372,1844 1438,1843 1484,1844 1513,1843 1535,1844 1563,1843 1590,1842 1612,1843 1632,1843 1661,1842 1690,1841 1727,1841 1791,1841 1851,1841 2047,1840 2255,1839"/>
                <TextEquiv>
                    <Unicode>technicum zur Enthüllung des in Lebensgröße ausgeführten</Unicode>
                </TextEquiv>
                <TextStyle fontFamily="Times New Roman" fontSize="6.5"/>
            </TextLine>
            <TextLine id="r13l28" primaryLanguage="German" custom="readingOrder {index:27;}">
                <Coords points="1225,1853 1243,1853 2230,1848 2255,1857 2255,1887 1225,1890"/>
                <Baseline points="1230,1883 1270,1883 1719,1881 1886,1880 1949,1881 2025,1879 2158,1878 2255,1879"/>
                <TextEquiv>
                    <Unicode>Marmordenkmales des Phyſikers Ohm. Dieſer Feier</Unicode>
                </TextEquiv>
            </TextLine>
            <TextLine id="r13l29" primaryLanguage="German" custom="readingOrder {index:28;}">
                <Coords points="1229,1899 1269,1892 1285,1890 2242,1886 2242,1886 2255,1896 2255,1924 1229,1927"/>
                <Baseline points="1229,1921 1348,1921 1425,1920 1766,1918 1840,1918 2094,1916 2182,1916 2255,1916"/>
                <TextEquiv>
                    <Unicode>wohnten der Miniſter⸗Präſident, der Cultusminiſter und die</Unicode>
                </TextEquiv>
                <TextStyle fontFamily="Times New Roman" fontSize="6.5"/>
            </TextLine>
            <TextLine id="r13l30" primaryLanguage="German" custom="readingOrder {index:29;}">
                <Coords points="1224,1930 2253,1926 2259,1962 1225,1969"/>
                <Baseline points="1230,1961 1338,1959 1402,1959 1562,1959 1631,1958 1788,1958 1826,1959 1852,1958 1890,1957 1929,1958 1951,1957 1973,1957 1999,1957 2091,1956 2163,1955 2204,1954 2253,1955"/>
                <TextEquiv>
                    <Unicode>Spitzen der Behörden bei. Profeſtor Lommels hielt die Feſt⸗</Unicode>
                </TextEquiv>
                <TextStyle fontFamily="Times New Roman" fontSize="6.5"/>
            </TextLine>
            <TextLine id="r13l31" primaryLanguage="German" custom="readingOrder {index:30;}">
                <Coords points="1223,1979 1245,1969 2244,1964 2254,1973 2254,1993 2251,2001 1223,2005"/>
                <Baseline points="1228,1999 1293,1999 1392,1998 1524,1998 1607,1997 1671,1997 1906,1996 1974,1995 2094,1994 2254,1993"/>
                <TextEquiv>
                    <Unicode>rede. Nach derſelben hielt der Cultusminiſter eine längere Anſprache</Unicode>
                </TextEquiv>
                <TextStyle fontFamily="Times New Roman" fontSize="6.5"/>
            </TextLine>
            <TextLine id="r13l32" primaryLanguage="German" custom="readingOrder {index:31;}">
                <Coords points="1222,2017 1268,2009 1274,2008 2168,2003 2254,2007 2254,2033 2216,2040 1260,2044 1222,2044"/>
                <Baseline points="1228,2038 1282,2038 1448,2039 1567,2036 1637,2036 1792,2035 1840,2035 1908,2035 2028,2035 2099,2033 2254,2032"/>
                <TextEquiv>
                    <Unicode>und übernahm ſodann das Denkmal in den Schutz des Staates.</Unicode>
                </TextEquiv>
                <TextStyle fontFamily="Times New Roman" fontSize="6.5"/>
            </TextLine>
            <TextLine id="r13l33" primaryLanguage="German" custom="readingOrder {index:32;}">
                <Coords points="1306,2065 2255,2059 2255,2059 2255,2095 1306,2098"/>
                <Baseline points="1306,2095 1338,2095 1552,2092 1648,2091 1749,2090 1817,2090 2016,2089 2255,2088"/>
                <TextEquiv>
                    <Unicode>Stockholm, 5. Juli. Nach den vorliegenden Beſtimmungen</Unicode>
                </TextEquiv>
            </TextLine>
            <TextLine id="r13l34" primaryLanguage="German" custom="readingOrder {index:33;}">
                <Coords points="1228,2109 1255,2102 1279,2101 2240,2097 2256,2105 2256,2134 1228,2139"/>
                <Baseline points="1228,2132 1294,2131 1340,2131 1530,2132 1573,2131 1599,2130 1628,2130 1679,2131 1717,2132 1751,2131 1774,2128 1800,2129 1823,2129 1851,2129 1951,2128 2186,2127 2255,2126"/>
                <TextEquiv>
                    <Unicode>wird der König von Schweden und Norwegen den</Unicode>
                </TextEquiv>
            </TextLine>
            <TextLine id="r13l35" primaryLanguage="German" custom="readingOrder {index:34;}">
                <Coords points="1228,2141 1289,2139 2163,2135 2163,2135 2218,2136 2254,2139 2254,2173 1228,2178"/>
                <Baseline points="1228,2170 1423,2170 1484,2170 1702,2167 1815,2167 1966,2166 2059,2166 2254,2165"/>
                <TextEquiv>
                    <Unicode>deutſchen Kaiſer nach ſeiner Ankunft zum Diner ins</Unicode>
                </TextEquiv>
            </TextLine>
            <TextLine id="r13l36" primaryLanguage="German" custom="readingOrder {index:35;}">
                <Coords points="1229,2179 1240,2178 2259,2174 2259,2213 1229,2216"/>
                <Baseline points="1229,2209 1410,2209 1543,2207 1686,2207 1761,2207 1922,2206 2041,2205 2135,2204 2256,2205"/>
                <TextEquiv>
                    <Unicode>Stockholmer Schloß einholen und demſelben ſodann einen Beſuch</Unicode>
                </TextEquiv>
                <TextStyle fontFamily="Times New Roman" fontSize="6.5"/>
            </TextLine>
            <TextLine id="r13l37" primaryLanguage="German" custom="readingOrder {index:36;}">
                <Coords points="1229,2227 1279,2217 2259,2213 2259,2251 1229,2255"/>
                <Baseline points="1229,2248 1264,2247 1361,2247 1425,2248 1674,2247 1829,2245 1994,2245 2187,2243 2255,2243"/>
                <TextEquiv>
                    <Unicode>an Bord der „Hohenzollern“ abſtatten. Sonntag Vormittags ſoll</Unicode>
                </TextEquiv>
                <TextStyle fontFamily="Times New Roman" fontSize="6.5"/>
            </TextLine>
            <TextLine id="r13l38" primaryLanguage="German" custom="readingOrder {index:37;}">
                <Coords points="1225,2257 2254,2252 2261,2289 1225,2293"/>
                <Baseline points="1229,2286 1270,2285 1416,2285 1507,2285 1590,2284 1730,2283 1782,2286 1807,2284 1827,2283 1854,2285 1880,2283 1909,2284 1933,2283 1956,2283 1993,2282 2052,2282 2194,2282 2254,2281"/>
                <TextEquiv>
                    <Unicode>ein Ausflug nach dem Schloſſe Gripsholm in Ausſicht ge⸗</Unicode>
                </TextEquiv>
                <TextStyle fontFamily="Times New Roman" fontSize="6.5"/>
            </TextLine>
            <TextLine id="r13l39" primaryLanguage="German" custom="readingOrder {index:38;}">
                <Coords points="1227,2297 2260,2290 2261,2326 1225,2333"/>
                <Baseline points="1228,2325 1353,2324 1424,2324 1499,2324 1634,2323 1792,2322 1935,2322 2072,2320 2171,2320 2255,2320"/>
                <TextEquiv>
                    <Unicode>nommen ſein und dasſelbe beſichtigt werden; daſelbſt wird das</Unicode>
                </TextEquiv>
                <TextStyle fontFamily="Times New Roman" fontSize="6.5"/>
            </TextLine>
            <TextLine id="r13l40" primaryLanguage="German" custom="readingOrder {index:39;}">
                <Coords points="1225,2334 2254,2330 2261,2366 1225,2370"/>
                <Baseline points="1229,2364 1365,2363 1599,2362 1755,2362 1817,2361 1887,2361 2030,2360 2094,2359 2171,2359 2252,2355"/>
                <TextEquiv>
                    <Unicode>Déjeuner eingenommen. Sodann iſt ein Ausflug zur See nach</Unicode>
                </TextEquiv>
                <TextStyle fontFamily="Times New Roman" fontSize="6.5"/>
            </TextLine>
            <TextLine id="r13l41" primaryLanguage="German" custom="readingOrder {index:40;}">
                <Coords points="1225,2374 1232,2373 2199,2367 2208,2368 2259,2377 2259,2405 1225,2410"/>
                <Baseline points="1229,2403 1286,2402 1427,2402 1478,2402 1503,2402 1529,2402 1572,2401 1600,2400 1621,2401 1649,2401 1678,2403 1725,2401 1747,2401 1785,2400 1945,2398 2075,2398 2145,2398 2255,2397"/>
                <TextEquiv>
                    <Unicode>dem Schloſſe Drottningholm feſtgeſetzt, woſelbſt das Diner</Unicode>
                </TextEquiv>
                <TextStyle fontFamily="Times New Roman" fontSize="6.5"/>
            </TextLine>
            <TextLine id="r13l42" primaryLanguage="German" custom="readingOrder {index:41;}">
                <Coords points="1229,2412 1253,2410 2208,2407 2208,2407 2255,2416 2255,2437 2208,2444 2170,2445 1229,2449"/>
                <Baseline points="1229,2441 1424,2440 1521,2441 1667,2441 1733,2440 1794,2439 1927,2438 2012,2437 2058,2439 2083,2438 2108,2437 2131,2438 2152,2438 2177,2437 2209,2437 2231,2437 2255,2437"/>
                <TextEquiv>
                    <Unicode>eingenommen wird. Montag ſoll ein Ausflug nach Skokloſter</Unicode>
                </TextEquiv>
                <TextStyle fontFamily="Times New Roman" fontSize="6.5"/>
            </TextLine>
            <TextLine id="r13l43" primaryLanguage="German" custom="readingOrder {index:42;}">
                <Coords points="1224,2459 1268,2454 1425,2451 1518,2451 1559,2459 1565,2484 1405,2485 1249,2485 1224,2486"/>
                <Baseline points="1229,2480 1429,2480 1559,2479"/>
                <TextEquiv>
                    <Unicode>unternommen werden.</Unicode>
                </TextEquiv>
                <TextStyle fontFamily="Times New Roman" fontSize="6.5"/>
            </TextLine>
            <TextLine id="r13l44" primaryLanguage="German" custom="readingOrder {index:43;}">
                <Coords points="1305,2499 2253,2494 2253,2530 1305,2533"/>
                <Baseline points="1308,2529 1340,2529 1589,2526 1697,2526 1781,2525 1864,2526 2019,2524 2173,2525 2253,2523"/>
                <TextEquiv>
                    <Unicode>Chriſtiania, 5. Juli. In der heutigen Sitzung des</Unicode>
                </TextEquiv>
            </TextLine>
            <TextLine id="r13l45" primaryLanguage="German" custom="readingOrder {index:44;}">
                <Coords points="1230,2537 2256,2533 2256,2569 1230,2573"/>
                <Baseline points="1230,2567 1448,2567 1523,2565 1570,2566 1899,2564 1953,2563 2017,2562 2252,2562"/>
                <TextEquiv>
                    <Unicode>Storthing gab Engelhard (Linke) bei der Berathung des</Unicode>
                </TextEquiv>
            </TextLine>
            <TextLine id="r13l46" primaryLanguage="German" custom="readingOrder {index:45;}">
                <Coords points="1229,2576 2253,2572 2253,2572 2253,2607 1229,2612"/>
                <Baseline points="1229,2605 1409,2605 1502,2604 1745,2603 1844,2603 1929,2602 2253,2600"/>
                <TextEquiv>
                    <Unicode>Budgets der Conſulate und des Miniſteriums</Unicode>
                </TextEquiv>
                <TextStyle fontFamily="Times New Roman" fontSize="6.5"/>
            </TextLine>
            <TextLine id="r13l47" primaryLanguage="German" custom="readingOrder {index:46;}">
                <Coords points="1230,2615 1248,2613 2194,2610 2194,2610 2254,2618 2254,2647 1230,2651"/>
                <Baseline points="1230,2643 1294,2643 1353,2643 1576,2642 1764,2643 1835,2641 1887,2641 2041,2639 2144,2639 2254,2639"/>
                <TextEquiv>
                    <Unicode>des Aeußern die Erklärung ab, daß eine mit dem</Unicode>
                </TextEquiv>
            </TextLine>
            <TextLine id="r13l48" primaryLanguage="German" custom="readingOrder {index:47;}">
                <Coords points="1228,2652 2240,2647 2253,2656 2253,2685 1228,2690"/>
                <Baseline points="1231,2682 1456,2681 1568,2681 1607,2680 1644,2680 1937,2679 2190,2676 2253,2677"/>
                <TextEquiv>
                    <Unicode>Storthing zuſammenarbeitende Regierung die</Unicode>
                </TextEquiv>
                <TextStyle fontFamily="Times New Roman" fontSize="6.5"/>
            </TextLine>
            <TextLine id="r13l49" primaryLanguage="German" custom="readingOrder {index:48;}">
                <Coords points="1225,2690 2254,2689 2254,2723 1230,2727"/>
                <Baseline points="1230,2722 1257,2722 1622,2719 1694,2719 1769,2719 1826,2718 1921,2718 1965,2717 2020,2717 2254,2716"/>
                <TextEquiv>
                    <Unicode>Vorausſetzung für die am 7. Juni d. J. angenommene</Unicode>
                </TextEquiv>
            </TextLine>
            <TextLine id="r13l50" primaryLanguage="German" custom="readingOrder {index:49;}">
                <Coords points="1225,2730 2258,2725 2258,2761 1225,2765"/>
                <Baseline points="1229,2760 1282,2759 1715,2757 1776,2757 1958,2755 2020,2755 2254,2754"/>
                <TextEquiv>
                    <Unicode>Tagesordnung, betreffend die Einleitung von Verhandlungen</Unicode>
                </TextEquiv>
            </TextLine>
            <TextLine id="r13l51" primaryLanguage="German" custom="readingOrder {index:50;}">
                <Coords points="1229,2777 1256,2768 2254,2764 2254,2764 2254,2801 1229,2806"/>
                <Baseline points="1229,2798 1279,2798 1444,2796 1537,2796 1607,2797 1772,2797 1839,2795 1945,2795 2015,2795 2179,2793 2254,2793"/>
                <TextEquiv>
                    <Unicode>mit Schweden über die Ordnung der Frage der Conſulate und</Unicode>
                </TextEquiv>
                <TextStyle fontFamily="Times New Roman" fontSize="6.5"/>
            </TextLine>
            <TextLine id="r13l52" primaryLanguage="German" custom="readingOrder {index:51;}">
                <Coords points="1225,2806 2255,2803 2261,2841 1225,2842"/>
                <Baseline points="1230,2837 1274,2836 1489,2835 1554,2835 1699,2835 1767,2834 1800,2835 2003,2833 2255,2830"/>
                <TextEquiv>
                    <Unicode>des Miniſteriums des Aeußern ſei; eine andere Regierung</Unicode>
                </TextEquiv>
            </TextLine>
            <TextLine id="r13l53" primaryLanguage="German" custom="readingOrder {index:52;}">
                <Coords points="1226,2846 2254,2843 2254,2878 1226,2882"/>
                <Baseline points="1228,2875 1261,2875 1388,2875 1452,2874 1540,2874 1901,2872 2055,2873 2254,2871"/>
                <TextEquiv>
                    <Unicode>ſei nicht zu den Verhandlungen berechtigt, wenn</Unicode>
                </TextEquiv>
            </TextLine>
            <TextLine id="r13l54" primaryLanguage="German" custom="readingOrder {index:53;}">
                <Coords points="1227,2887 2218,2880 2254,2888 2254,2917 1227,2924"/>
                <Baseline points="1231,2914 1280,2914 1407,2914 1472,2913 1532,2914 1697,2912 1772,2912 1843,2911 2045,2911 2110,2910 2254,2909"/>
                <TextEquiv>
                    <Unicode>das Budget für die Conſulate und das Miniſterium des Aeußern</Unicode>
                </TextEquiv>
                <TextStyle fontFamily="Times New Roman" fontSize="6.5"/>
            </TextLine>
            <TextLine id="r13l55" primaryLanguage="German" custom="readingOrder {index:54;}">
                <Coords points="1230,2931 1311,2923 2254,2919 2254,2919 2254,2956 1230,2961"/>
                <Baseline points="1230,2953 1419,2952 1528,2951 1589,2951 1666,2951 1843,2950 1954,2950 2198,2949 2254,2948"/>
                <TextEquiv>
                    <Unicode>angenommen würde. — Der Staatsminiſter Stang erklärte, die</Unicode>
                </TextEquiv>
            </TextLine>
            <TextLine id="r13l56" primaryLanguage="German" custom="readingOrder {index:55;}">
                <Coords points="1229,2961 1239,2960 2254,2957 2254,2957 2254,2996 1229,2999"/>
                <Baseline points="1229,2991 1394,2991 1499,2991 1642,2990 1763,2990 1825,2989 1901,2988 2084,2989 2254,2988"/>
                <TextEquiv>
                    <Unicode>Ablehnung dieſes Budgets würde es der Regierung unmöglich</Unicode>
                </TextEquiv>
                <TextStyle fontFamily="Times New Roman" fontSize="6.5"/>
            </TextLine>
            <TextLine id="r13l57" primaryLanguage="German" custom="readingOrder {index:56;}">
                <Coords points="1230,3010 1257,2999 2218,2996 2218,2996 2254,2997 2254,3034 1230,3038"/>
                <Baseline points="1230,3030 1346,3028 1403,3029 1557,3030 1617,3028 1761,3027 1868,3027 2069,3024 2098,3025 2254,3026"/>
                <TextEquiv>
                    <Unicode>machen, die Führung der Geſchäfte weiter fortzuſetzen; er theile</Unicode>
                </TextEquiv>
            </TextLine>
            <TextLine id="r13l58" primaryLanguage="German" custom="readingOrder {index:57;}">
                <Coords points="1225,3038 2254,3036 2262,3073 1225,3077"/>
                <Baseline points="1231,3069 1272,3069 1325,3068 1608,3068 1638,3067 1668,3068 1686,3067 1708,3067 1738,3068 1760,3067 1785,3066 1810,3066 1850,3066 1934,3065 2064,3065 2131,3064 2210,3064 2254,3063"/>
                <TextEquiv>
                    <Unicode>die Auffaſſung Engelhard's und ſtimme der Tages⸗</Unicode>
                </TextEquiv>
            </TextLine>
            <TextLine id="r13l59" primaryLanguage="German" custom="readingOrder {index:58;}">
                <Coords points="1228,3086 1246,3079 1247,3078 2255,3074 2255,3111 1228,3115"/>
                <Baseline points="1231,3108 1356,3105 1421,3106 1491,3106 1563,3107 1862,3104 2032,3104 2178,3103 2255,3103"/>
                <TextEquiv>
                    <Unicode>ordnung zu. — Lindbog (radical) motivirte namens der</Unicode>
                </TextEquiv>
            </TextLine>
            <TextLine id="r13l60" primaryLanguage="German" custom="readingOrder {index:59;}">
                <Coords points="1231,3117 2255,3113 2255,3113 2255,3149 1231,3152"/>
                <Baseline points="1231,3147 1384,3145 1451,3145 1586,3144 1665,3144 1777,3144 1874,3143 2050,3143 2255,3142"/>
                <TextEquiv>
                    <Unicode>Minorität den Antrag, den bisher nicht bewilligten norwegiſchen</Unicode>
                </TextEquiv>
                <TextStyle fontFamily="Times New Roman" fontSize="6.5"/>
            </TextLine>
            <TextLine id="r13l61" primaryLanguage="German" custom="readingOrder {index:60;}">
                <Coords points="1228,3155 2259,3152 2259,3187 1231,3193"/>
                <Baseline points="1231,3186 1309,3184 1375,3184 1517,3184 1583,3184 1796,3183 1861,3182 1999,3181 2054,3181 2189,3180 2255,3181"/>
                <TextEquiv>
                    <Unicode>Theil des Budgets des Miniſteriums des Aeußern für 1894/95 und</Unicode>
                </TextEquiv>
                <TextStyle fontFamily="Times New Roman" fontSize="6.5"/>
            </TextLine>
            <TextLine id="r13l62" primaryLanguage="German" custom="readingOrder {index:61;}">
                <Coords points="1230,3195 1236,3194 2255,3190 2255,3190 2255,3228 1230,3231"/>
                <Baseline points="1230,3224 1275,3223 1579,3222 1645,3222 1704,3221 1789,3220 1902,3220 1967,3220 2091,3221 2181,3219 2255,3220"/>
                <TextEquiv>
                    <Unicode>des Conſulats⸗Budgets für die letzte Hälfte des Jahres 1893 jetzt</Unicode>
                </TextEquiv>
                <TextStyle fontFamily="Times New Roman" fontSize="6.5"/>
            </TextLine>
            <TextLine id="r13l63" primaryLanguage="German" custom="readingOrder {index:62;}">
                <Coords points="1230,3242 1246,3234 2153,3228 2170,3230 2259,3237 2260,3266 1230,3270"/>
                <Baseline points="1230,3262 1409,3260 1453,3261 1629,3260 1680,3261 1818,3259 1890,3259 1925,3259 2254,3258"/>
                <TextEquiv>
                    <Unicode>nachträglich zu bewilligen, im Uebrigen aber die Entſcheidung</Unicode>
                </TextEquiv>
            </TextLine>
            <TextLine id="r13l64" primaryLanguage="German" custom="readingOrder {index:63;}">
                <Coords points="1231,3272 1234,3271 2227,3267 2227,3267 2255,3271 2255,3305 1231,3309"/>
                <Baseline points="1231,3301 1294,3301 1365,3299 1581,3296 1659,3298 1815,3298 1869,3296 2147,3296 2255,3297"/>
                <TextEquiv>
                    <Unicode>über die Bewilligung für 1895/96 zu verſchieben. Das</Unicode>
                </TextEquiv>
            </TextLine>
            <TextLine id="r13l65" primaryLanguage="German" custom="readingOrder {index:64;}">
                <Coords points="1227,3310 2255,3307 2264,3343 1229,3348"/>
                <Baseline points="1232,3340 1262,3340 1504,3338 1532,3339 1563,3338 1597,3338 1667,3337 1757,3338 1854,3336 1935,3337 2097,3335 2166,3335 2211,3335 2229,3336 2255,3335"/>
                <TextEquiv>
                    <Unicode>Storthing nahm mit allen gegen zwei Stimmen den An⸗</Unicode>
                </TextEquiv>
            </TextLine>
            <TextLine id="r13l66" primaryLanguage="German" custom="readingOrder {index:65;}">
                <Coords points="1227,3352 1312,3347 2208,3345 2263,3352 2263,3382 1227,3386"/>
                <Baseline points="1231,3378 1282,3377 1389,3377 1459,3377 1626,3376 1691,3376 1750,3376 1939,3375 2095,3374 2257,3375"/>
                <TextEquiv>
                    <Unicode>trag, die von Schweden für die Diplomatie gemachten Auslagen,</Unicode>
                </TextEquiv>
            </TextLine>
            <TextLine id="r13l67" primaryLanguage="German" custom="readingOrder {index:66;}">
                <Coords points="1227,3387 2255,3384 2261,3423 1232,3424"/>
                <Baseline points="1234,3417 1317,3417 1386,3417 1475,3416 1573,3415 1675,3415 1838,3415 1918,3414 2068,3412 2111,3413 2256,3414"/>
                <TextEquiv>
                    <Unicode>ferner mit allen gegen ſieben Stimmen den Antrag, die Aus⸗</Unicode>
                </TextEquiv>
            </TextLine>
            <TextLine id="r13l68" primaryLanguage="German" custom="readingOrder {index:67;}">
                <Coords points="1228,3426 2254,3422 2254,3459 1227,3466"/>
                <Baseline points="1231,3456 1346,3455 1428,3455 1519,3454 1621,3454 1893,3453 2186,3451 2257,3451"/>
                <TextEquiv>
                    <Unicode>lagen für das Conſulatsweſen nachträglich zu</Unicode>
                </TextEquiv>
                <TextStyle fontFamily="Times New Roman" fontSize="6.5"/>
            </TextLine>
            <TextLine id="r13l69" primaryLanguage="German" custom="readingOrder {index:68;}">
                <Coords points="1232,3468 2256,3461 2261,3498 1232,3501"/>
                <Baseline points="1232,3494 1486,3493 1568,3493 1668,3493 1864,3491 1910,3494 2156,3490 2257,3491"/>
                <TextEquiv>
                    <Unicode>bewilligen, an. Der Antrag Lindbog, die Ent⸗</Unicode>
                </TextEquiv>
            </TextLine>
            <TextLine id="r13l70" primaryLanguage="German" custom="readingOrder {index:69;}">
                <Coords points="1230,3503 1244,3501 2215,3499 2215,3499 2227,3500 2256,3503 2256,3538 1230,3540"/>
                <Baseline points="1231,3532 1365,3533 1456,3532 1525,3532 1738,3532 1809,3531 2026,3529 2256,3530"/>
                <TextEquiv>
                    <Unicode>ſcheidung über die Bewilligung des norwegiſchen Budgettheiles</Unicode>
                </TextEquiv>
                <TextStyle fontFamily="Times New Roman" fontSize="6.5"/>
            </TextLine>
            <TextLine id="r13l71" primaryLanguage="German" custom="readingOrder {index:70;}">
                <Coords points="1228,3542 2219,3538 2256,3547 2256,3575 1228,3579"/>
                <Baseline points="1233,3571 1275,3572 1419,3571 1471,3571 1654,3568 1770,3569 1851,3569 1917,3568 2025,3567 2093,3568 2256,3567"/>
                <TextEquiv>
                    <Unicode>für 1895/96 zu verſchieben, wurde mit 76 gegen 38 Stimmen</Unicode>
                </TextEquiv>
                <TextStyle fontFamily="Times New Roman" fontSize="6.5"/>
            </TextLine>
            <TextLine id="r13l72" primaryLanguage="German" custom="readingOrder {index:71;}">
                <Coords points="1226,3590 1247,3581 2224,3577 2240,3578 2256,3586 2256,3614 1226,3619"/>
                <Baseline points="1231,3611 1246,3611 1272,3610 1300,3610 1321,3610 1344,3611 1365,3610 1391,3609 1419,3609 1449,3609 1605,3608 1693,3609 1760,3609 1938,3608 1977,3607 2036,3607 2172,3608 2256,3606"/>
                <TextEquiv>
                    <Unicode>abgelehnt. Sodann ging das Storthing in die Debatte über</Unicode>
                </TextEquiv>
                <TextStyle fontFamily="Times New Roman" fontSize="6.5"/>
            </TextLine>
            <TextLine id="r13l73" primaryLanguage="German" custom="readingOrder {index:72;}">
                <Coords points="1225,3620 2259,3615 2260,3653 1226,3659"/>
                <Baseline points="1231,3651 1246,3651 1330,3650 1532,3648 1678,3647 1739,3647 1777,3647 1852,3646 2028,3646 2098,3645 2196,3645 2256,3645"/>
                <TextEquiv>
                    <Unicode>das Budget pro 1895/96 ein und nahm mit 69 gegen 45</Unicode>
                </TextEquiv>
            </TextLine>
            <TextLine id="r13l74" primaryLanguage="German" custom="readingOrder {index:73;}">
                <Coords points="1227,3657 2256,3655 2260,3690 1228,3694"/>
                <Baseline points="1231,3689 1373,3687 1408,3687 1619,3687 1683,3686 1742,3688 2069,3684 2256,3684"/>
                <TextEquiv>
                    <Unicode>Stimmen das Budget für die diplomatiſche Vertre⸗</Unicode>
                </TextEquiv>
            </TextLine>
            <TextLine id="r13l75" primaryLanguage="German" custom="readingOrder {index:74;}">
                <Coords points="1225,3696 2181,3693 2256,3697 2261,3732 2211,3731 1230,3734"/>
                <Baseline points="1230,3726 1270,3727 1452,3726 1536,3726 1604,3725 1707,3724 1764,3724 1928,3724 1964,3724 2258,3724"/>
                <TextEquiv>
                    <Unicode>tung, ferner mit 74 gegen 42 Stimmen das Conſulats⸗</Unicode>
                </TextEquiv>
            </TextLine>
            <TextLine id="r13l76" primaryLanguage="German" custom="readingOrder {index:75;}">
                <Coords points="1230,3736 1807,3733 1807,3733 1807,3769 1230,3773"/>
                <Baseline points="1230,3766 1259,3766 1450,3764 1549,3764 1732,3763 1807,3762"/>
                <TextEquiv>
                    <Unicode>Budget für dieſes Finanzjahr an.</Unicode>
                </TextEquiv>
            </TextLine>
            <TextLine id="r13l77" primaryLanguage="German" custom="readingOrder {index:76;}">
                <Coords points="1313,3780 2257,3780 2257,3818 1314,3823"/>
                <Baseline points="1317,3817 1354,3817 1484,3813 1590,3813 1694,3813 1869,3814 1951,3812 2095,3814 2196,3813 2257,3811"/>
                <TextEquiv>
                    <Unicode>Rom, 5. Juli. Die Meldung der Italie, daß der</Unicode>
                </TextEquiv>
            </TextLine>
            <TextLine id="r13l78" primaryLanguage="German" custom="readingOrder {index:77;}">
                <Coords points="1229,3827 2256,3824 2256,3861 1227,3866"/>
                <Baseline points="1231,3858 1373,3858 1584,3855 1645,3856 1695,3857 2155,3854 2256,3854"/>
                <TextEquiv>
                    <Unicode>derzeitige Botſchafter in Konſtantinopel, Catalani, nach</Unicode>
                </TextEquiv>
            </TextLine>
            <TextLine id="r13l79" primaryLanguage="German" custom="readingOrder {index:78;}">
                <Coords points="1228,3869 2257,3867 2257,3905 1229,3909"/>
                <Baseline points="1230,3903 1248,3903 1532,3900 1666,3899 1753,3899 1783,3898 1863,3900 2054,3898 2257,3898"/>
                <TextEquiv>
                    <Unicode>London verſetzt werden ſoll, iſt falſch. Der Botſchafter</Unicode>
                </TextEquiv>
            </TextLine>
            <TextLine id="r13l80" primaryLanguage="German" custom="readingOrder {index:79;}">
                <Coords points="1232,3913 2256,3910 2256,3910 2256,3947 1232,3950"/>
                <Baseline points="1232,3944 1369,3943 1478,3943 1571,3942 1658,3941 1770,3942 1927,3941 2052,3940 2201,3940 2256,3940"/>
                <TextEquiv>
                    <Unicode>Catalani begab ſich nach einem Beſuche ſeines Sohnes in</Unicode>
                </TextEquiv>
                <TextStyle fontFamily="Times New Roman" fontSize="6.5"/>
            </TextLine>
            <TextLine id="r13l81" primaryLanguage="German" custom="readingOrder {index:80;}">
                <Coords points="1225,3954 2258,3953 2270,3991 1226,3996"/>
                <Baseline points="1230,3986 1360,3985 1433,3987 1604,3987 1691,3985 1867,3984 1975,3983 2126,3983 2189,3983 2217,3984 2258,3983"/>
                <TextEquiv>
                    <Unicode>Florenz nach Sicilien, um dortſelbſt ſeine Mutter zu be⸗</Unicode>
                </TextEquiv>
                <TextStyle fontFamily="Times New Roman" fontSize="6.5"/>
            </TextLine>
            <TextLine id="r13l82" primaryLanguage="German" custom="readingOrder {index:81;}">
                <Coords points="1227,3999 2256,3996 2265,4035 1228,4037"/>
                <Baseline points="1233,4031 1342,4030 1435,4029 1544,4028 1736,4028 1827,4027 1916,4027 1968,4027 2150,4027 2256,4026"/>
                <TextEquiv>
                    <Unicode>ſuchen, und wird demnächſt von dort nach Konſtan⸗</Unicode>
                </TextEquiv>
            </TextLine>
            <TextLine id="r13l83" primaryLanguage="German" custom="readingOrder {index:82;}">
                <Coords points="1230,4045 1255,4042 1294,4040 1619,4039 1619,4039 1651,4040 1746,4048 1746,4079 1256,4080 1230,4073"/>
                <Baseline points="1230,4073 1404,4072 1746,4071"/>
                <TextEquiv>
                    <Unicode>tinopel zurückkehren.</Unicode>
                </TextEquiv>
                <TextStyle fontFamily="Times New Roman" fontSize="6.5"/>
            </TextLine>
            <TextLine id="r13l84" primaryLanguage="German" custom="readingOrder {index:83;}">
                <Coords points="1304,4088 2199,4087 2263,4097 2263,4126 1309,4128"/>
                <Baseline points="1309,4122 1343,4122 1459,4119 1555,4119 1639,4118 1713,4118 1862,4118 2003,4118 2034,4118 2110,4119 2261,4118"/>
                <TextEquiv>
                    <Unicode>Rom, 5. Juli. In der heutigen Sitzung der Kammer</Unicode>
                </TextEquiv>
            </TextLine>
            <TextLine id="r13l85" primaryLanguage="German" custom="readingOrder {index:84;}">
                <Coords points="1231,4130 2258,4127 2258,4127 2258,4164 1231,4167"/>
                <Baseline points="1231,4159 1330,4159 1407,4159 1514,4156 1644,4158 1849,4156 2081,4156 2177,4156 2258,4156"/>
                <TextEquiv>
                    <Unicode>brachte der Deputirte Aprile eine Interpellation über den</Unicode>
                </TextEquiv>
            </TextLine>
            <TextLine id="r13l86" primaryLanguage="German" custom="readingOrder {index:85;}">
                <Coords points="1229,4165 2258,4166 2258,4202 1231,4205"/>
                <Baseline points="1231,4200 1256,4200 1283,4198 1312,4198 1332,4199 1354,4198 1374,4199 1397,4197 1419,4198 1472,4197 1862,4195 1956,4195 2258,4195"/>
                <TextEquiv>
                    <Unicode>Conflict zwiſchen franzöſiſchen und italieniſchen</Unicode>
                </TextEquiv>
            </TextLine>
            <TextLine id="r13l87" primaryLanguage="German" custom="readingOrder {index:86;}">
                <Coords points="1231,4207 2162,4204 2258,4213 2258,4238 1228,4242"/>
                <Baseline points="1231,4237 1450,4237 1511,4235 1593,4235 1696,4235 1769,4237 1798,4236 2043,4233 2113,4234 2258,4234"/>
                <TextEquiv>
                    <Unicode>Arbeitern bei St. Jan⸗Maurienne ein. Die Kammer</Unicode>
                </TextEquiv>
            </TextLine>
            <TextLine id="r13l88" primaryLanguage="German" custom="readingOrder {index:87;}">
                <Coords points="1230,4249 1265,4245 2230,4242 2248,4252 2257,4266 2257,4280 1254,4282 1225,4282"/>
                <Baseline points="1230,4276 1285,4276 1399,4275 1440,4275 1493,4274 1662,4275 1697,4273 1978,4273 2048,4272 2257,4272"/>
                <TextEquiv>
                    <Unicode>trat hierauf in die Berathung der finanziellen Reformen ein.</Unicode>
                </TextEquiv>
            </TextLine>
            <TextLine id="r13l89" primaryLanguage="German" custom="readingOrder {index:88;}">
                <Coords points="1305,4289 2262,4289 2266,4328 1309,4328"/>
                <Baseline points="1312,4321 1347,4321 1459,4320 1548,4320 1704,4321 1768,4320 1815,4322 2259,4318"/>
                <TextEquiv>
                    <Unicode>Rom, 5. Juli. Während der heutigen Kammerſitzung</Unicode>
                </TextEquiv>
            </TextLine>
            <TextLine id="r13l90" primaryLanguage="German" custom="readingOrder {index:89;}">
                <Coords points="1231,4339 1277,4331 2238,4328 2238,4328 2258,4337 2258,4366 1231,4369"/>
                <Baseline points="1231,4362 1305,4362 1372,4360 1516,4360 1565,4361 1591,4360 1621,4359 1640,4359 1688,4360 1752,4360 1907,4357 1988,4360 2112,4359 2194,4358 2258,4358"/>
                <TextEquiv>
                    <Unicode>warf ein gewiſſer Bonis, ein Schloſſer aus Turin, von der</Unicode>
                </TextEquiv>
                <TextStyle fontFamily="Times New Roman" fontSize="6.5"/>
            </TextLine>
            <TextLine id="r13l91" primaryLanguage="German" custom="readingOrder {index:90;}">
                <Coords points="1228,4371 2231,4367 2258,4370 2258,4405 1228,4407"/>
                <Baseline points="1232,4401 1392,4399 1533,4399 1621,4398 1689,4397 1839,4397 1926,4397 2098,4396 2258,4397"/>
                <TextEquiv>
                    <Unicode>öffentlichen Tribüne vier an Miniſter und Deputirte gerichtete</Unicode>
                </TextEquiv>
                <TextStyle fontFamily="Times New Roman" fontSize="6.5"/>
            </TextLine>
            <TextLine id="r13l92" primaryLanguage="German" custom="readingOrder {index:91;}">
                <Coords points="1232,4410 1278,4408 2162,4406 2162,4406 2238,4413 2258,4415 2258,4445 1232,4445"/>
                <Baseline points="1232,4440 1259,4440 1284,4439 1305,4438 1327,4438 1350,4439 1372,4438 1401,4438 1430,4438 1475,4437 1498,4437 1527,4438 1579,4438 1607,4436 1635,4437 1668,4438 1724,4436 1825,4435 1872,4435 1908,4435 2055,4435 2258,4437"/>
                <TextEquiv>
                    <Unicode>Briefe in den Saal, in denen er die Bezahlung von</Unicode>
                </TextEquiv>
            </TextLine>
            <TextLine id="r13l93" primaryLanguage="German" custom="readingOrder {index:92;}">
                <Coords points="1232,4456 1299,4448 1328,4446 2195,4444 2195,4444 2219,4447 2258,4453 2258,4482 1232,4485"/>
                <Baseline points="1232,4477 1363,4477 1416,4476 1438,4476 1743,4474 1789,4476 1969,4475 2258,4474"/>
                <TextEquiv>
                    <Unicode>angeblich für einen ſpaniſchen Conſul gelieferten Arbeiten</Unicode>
                </TextEquiv>
            </TextLine>
            <TextLine id="r13l94" primaryLanguage="German" custom="readingOrder {index:93;}">
                <Coords points="1223,4485 2258,4483 2269,4520 1228,4522"/>
                <Baseline points="1231,4516 1371,4514 1484,4514 1593,4513 1670,4515 1720,4513 1859,4512 2009,4514 2077,4512 2180,4512 2219,4511 2258,4510"/>
                <TextEquiv>
                    <Unicode>verlangte. Bonis wurde auf die Quäſtur gebracht, dort einem Ver⸗</Unicode>
                </TextEquiv>
                <TextStyle fontFamily="Times New Roman" fontSize="6.5"/>
            </TextLine>
            <TextLine id="r13l95" primaryLanguage="German" custom="readingOrder {index:94;}">
                <Coords points="1225,4525 1272,4521 2009,4519 2226,4522 2259,4530 2264,4558 2217,4561 2123,4559 2111,4559 1225,4562"/>
                <Baseline points="1234,4554 1291,4554 1465,4553 1566,4554 1714,4552 1790,4552 1852,4551 1992,4551 2123,4551 2259,4551"/>
                <TextEquiv>
                    <Unicode>höre unterzogen und, nachdem ihm ein Verweis ertheilt worden</Unicode>
                </TextEquiv>
                <TextStyle fontFamily="Times New Roman" fontSize="6.5"/>
            </TextLine>
            <TextLine id="r13l96" primaryLanguage="German" custom="readingOrder {index:95;}">
                <Coords points="1231,4571 1244,4563 1561,4562 1561,4562 1592,4570 1600,4585 1600,4591 1597,4599 1242,4600 1231,4593"/>
                <Baseline points="1231,4593 1306,4593 1410,4592 1600,4591"/>
                <TextEquiv>
                    <Unicode>war, wieder freigelaſſen.</Unicode>
                </TextEquiv>
                <TextStyle fontFamily="Times New Roman" fontSize="6.5"/>
            </TextLine>
            <TextLine id="r13l97" primaryLanguage="German" custom="readingOrder {index:96;}">
                <Coords points="1308,4609 2175,4606 2175,4606 2234,4607 2258,4615 2258,4645 1308,4647"/>
                <Baseline points="1308,4640 1343,4640 1499,4639 1589,4638 1643,4639 1719,4639 1947,4637 2022,4640 2107,4637 2157,4637 2258,4637"/>
                <TextEquiv>
                    <Unicode>Neapel, 5. Juli. Der Veſuv befindet ſich heute in voller</Unicode>
                </TextEquiv>
            </TextLine>
            <TextLine id="r13l98" primaryLanguage="German" custom="readingOrder {index:97;}">
                <Coords points="1229,4649 2262,4645 2262,4683 1226,4687"/>
                <Baseline points="1232,4681 1388,4678 1499,4677 1582,4677 1845,4676 1960,4676 2032,4678 2168,4675 2259,4676"/>
                <TextEquiv>
                    <Unicode>Thätigkeit. Zwei neue Ausbruchsſtellen haben ſich geöffnet. Die</Unicode>
                </TextEquiv>
                <TextStyle fontFamily="Times New Roman" fontSize="6.5"/>
            </TextLine>
            <TextLine id="r13l99" primaryLanguage="German" custom="readingOrder {index:98;}">
                <Coords points="1227,4688 2258,4684 2262,4722 2210,4721 1232,4724"/>
                <Baseline points="1232,4718 1302,4717 1405,4717 1540,4717 1609,4716 1731,4714 1985,4715 2047,4715 2141,4714 2258,4713"/>
                <TextEquiv>
                    <Unicode>Lava fließt reichlich mit großer Geſchwindigkeit in zwei gabel⸗</Unicode>
                </TextEquiv>
                <TextStyle fontFamily="Times New Roman" fontSize="6.5"/>
            </TextLine>
            <TextLine id="r13l100" primaryLanguage="German" custom="readingOrder {index:99;}">
                <Coords points="1228,4727 1842,4724 1842,4760 1228,4763"/>
                <Baseline points="1233,4757 1361,4755 1472,4755 1569,4754 1691,4754 1842,4753"/>
                <TextEquiv>
                    <Unicode>förmigen Linien gegen Reſina hinunter.</Unicode>
                </TextEquiv>
                <TextStyle fontFamily="Times New Roman" fontSize="6.5"/>
            </TextLine>
            <TextLine id="r13l101" primaryLanguage="German" custom="readingOrder {index:100;}">
                <Coords points="1313,4768 2257,4771 2257,4809 1318,4812"/>
                <Baseline points="1322,4807 1359,4806 1452,4803 1525,4804 1638,4803 1741,4803 1973,4802 2069,4802 2257,4802"/>
                <TextEquiv>
                    <Unicode>Paris, 5. Juli. Ein Telegramm des Generals</Unicode>
                </TextEquiv>
            </TextLine>
            <TextLine id="r13l102" primaryLanguage="German" custom="readingOrder {index:101;}">
                <Coords points="1232,4817 2098,4814 2098,4814 2185,4815 2233,4817 2257,4824 2257,4854 1232,4856"/>
                <Baseline points="1232,4849 1265,4849 1298,4849 1341,4850 1363,4848 1391,4847 1423,4847 1449,4847 1553,4847 1622,4847 1671,4846 1747,4847 1840,4846 1929,4848 2017,4847 2065,4846 2257,4846"/>
                <TextEquiv>
                    <Unicode>Duchesne vom 4. d. M. ſtellt feſt, daß der zehnte</Unicode>
                </TextEquiv>
            </TextLine>
            <TextLine id="r13l103" primaryLanguage="German" custom="readingOrder {index:102;}">
                <Coords points="1228,4859 2258,4858 2261,4895 1232,4898"/>
                <Baseline points="1232,4892 1351,4891 1453,4891 1833,4889 1938,4889 2256,4888"/>
                <TextEquiv>
                    <Unicode>Theil des Effectivſtandes des Expeditions⸗</Unicode>
                </TextEquiv>
                <TextStyle fontFamily="Times New Roman" fontSize="7.0"/>
            </TextLine>
            <TextLine id="r13l104" primaryLanguage="German" custom="readingOrder {index:103;}">
                <Coords points="1228,4903 2258,4901 2268,4938 1230,4942"/>
                <Baseline points="1232,4935 1354,4934 1458,4934 1770,4933 1840,4933 1994,4933 2090,4933 2222,4932 2258,4930"/>
                <TextEquiv>
                    <Unicode>corps von Madagascar in Folge von Krank⸗</Unicode>
                </TextEquiv>
                <TextStyle fontFamily="Times New Roman" fontSize="7.0"/>
            </TextLine>
            <TextLine id="r13l105" primaryLanguage="German" custom="readingOrder {index:104;}">
                <Coords points="1232,4946 1348,4945 1570,4944 1570,4944 1595,4944 1749,4945 1749,4976 1733,4985 1232,4985"/>
                <Baseline points="1231,4977 1311,4978 1659,4977 1749,4977"/>
                <TextEquiv>
                    <Unicode>heit kampfunfähig ſei.</Unicode>
                </TextEquiv>
                <TextStyle fontFamily="Times New Roman" fontSize="7.0"/>
            </TextLine>
            <TextLine id="r13l106" primaryLanguage="German" custom="readingOrder {index:105;}">
                <Coords points="1311,4991 2258,4995 2258,5033 1319,5036"/>
                <Baseline points="1319,5031 1403,5031 1510,5028 1625,5027 1743,5028 1818,5027 1898,5026 2037,5026 2126,5026 2258,5026"/>
                <TextEquiv>
                    <Unicode>Paris, 5. Juli. Eine an die Agence Havas aus</Unicode>
                </TextEquiv>
            </TextLine>
            <TextLine id="r13l107" primaryLanguage="German" custom="readingOrder {index:106;}">
                <Coords points="1230,5041 2257,5039 2257,5076 1232,5079"/>
                <Baseline points="1232,5073 1434,5072 1534,5071 1598,5070 1639,5071 1825,5070 1993,5070 2114,5069 2257,5069"/>
                <TextEquiv>
                    <Unicode>Majunga vom 1. d. gerichtete Depeſche bringt Details</Unicode>
                </TextEquiv>
            </TextLine>
            <TextLine id="r13l108" primaryLanguage="German" custom="readingOrder {index:107;}">
                <Coords points="1234,5084 1250,5082 2222,5081 2222,5081 2256,5089 2256,5122 1234,5123"/>
                <Baseline points="1234,5115 1271,5115 1343,5114 1566,5114 1907,5114 2012,5114 2066,5114 2093,5113 2119,5113 2138,5113 2170,5116 2195,5113 2221,5114 2256,5114"/>
                <TextEquiv>
                    <Unicode>über die Kämpfe bei Tſaraotra und Beritzoka.</Unicode>
                </TextEquiv>
            </TextLine>
            <TextLine id="r13l109" primaryLanguage="German" custom="readingOrder {index:108;}">
                <Coords points="1230,5126 2259,5125 2259,5163 1232,5166"/>
                <Baseline points="1232,5160 1391,5158 1524,5158 1606,5158 1681,5157 1867,5157 1942,5156 1981,5159 2182,5157 2260,5156"/>
                <TextEquiv>
                    <Unicode>Derſelben zufolge hatten die Howas bei dem Angriffe auf</Unicode>
                </TextEquiv>
            </TextLine>
            <TextLine id="r13l110" primaryLanguage="German" custom="readingOrder {index:109;}">
                <Coords points="1228,5168 2258,5168 2270,5210 1231,5211"/>
                <Baseline points="1234,5202 1250,5202 1345,5203 1644,5201 1684,5201 1791,5200 1897,5201 1969,5198 2078,5201 2162,5201 2228,5199 2258,5200"/>
                <TextEquiv>
                    <Unicode>den Platz Tſaraotra am 29. Juni 31. Todte und zahl⸗</Unicode>
                </TextEquiv>
            </TextLine>
        </TextRegion>
        <TextRegion type="paragraph" id="r14" custom="readingOrder {index:13;}">
            <Coords points="2283,256 3389,254 3389,1462 3391,1823 3393,2032 3391,2893 3061,2863 2667,2866 2647,2893 2280,2889 2276,2538 2280,2270 2281,2033 2281,2021 2281,1810 2275,1467 2280,1095 2280,746"/>
            <TextLine id="r14l1" primaryLanguage="German" custom="readingOrder {index:0;}">
                <Coords points="2299,286 2319,277 2451,275 2451,275 3325,278 3325,318 2299,315"/>
                <Baseline points="2299,307 2315,307 2607,312 2728,311 2788,312 3010,310 3112,312 3325,310"/>
                <TextEquiv>
                    <Unicode>reiche Verwundete, welche ſie fortſchafften. Auf franzöſiſcher</Unicode>
                </TextEquiv>
            </TextLine>
            <TextLine id="r14l2" primaryLanguage="German" custom="readingOrder {index:1;}">
                <Coords points="2299,319 2319,317 2319,317 3300,319 3325,322 3325,361 2299,359"/>
                <Baseline points="2299,351 2383,351 2514,353 2556,353 2750,353 2848,353 2904,353 3131,352 3229,352 3325,353"/>
                <TextEquiv>
                    <Unicode>Seite blieben 1 Lieutenant und 1 Unterofficier todt und</Unicode>
                </TextEquiv>
                <TextStyle fontFamily="Times New Roman" fontSize="7.0"/>
            </TextLine>
            <TextLine id="r14l3" primaryLanguage="German" custom="readingOrder {index:2;}">
                <Coords points="2299,370 2364,365 2471,364 2471,364 3168,364 3324,365 3324,403 2299,402"/>
                <Baseline points="2299,394 2418,394 2484,395 2631,396 2853,396 2957,396 3064,395 3238,395 3324,395"/>
                <TextEquiv>
                    <Unicode>wurden 5 Mann verwundet. In dem Gefechte bei</Unicode>
                </TextEquiv>
                <TextStyle fontFamily="Times New Roman" fontSize="7.0"/>
            </TextLine>
            <TextLine id="r14l4" primaryLanguage="German" custom="readingOrder {index:3;}">
                <Coords points="2300,405 2893,403 2893,403 3327,404 3327,446 2300,445"/>
                <Baseline points="2299,437 2331,437 2639,439 2679,439 2785,438 2991,439 3155,439 3239,437 3327,438"/>
                <TextEquiv>
                    <Unicode>Beritzoka erlitten die Howas einen Verluſt von 200</Unicode>
                </TextEquiv>
            </TextLine>
            <TextLine id="r14l5" primaryLanguage="German" custom="readingOrder {index:4;}">
                <Coords points="2300,448 2405,446 2405,446 3006,447 3313,449 3325,453 3325,490 2300,488"/>
                <Baseline points="2300,480 2423,480 2539,481 2635,482 2797,481 2974,481 3042,482 3325,482"/>
                <TextEquiv>
                    <Unicode>Todten. Viele ihre Officiere geriethen in Gefangenſchaft.</Unicode>
                </TextEquiv>
                <TextStyle fontFamily="Times New Roman" fontSize="7.0"/>
            </TextLine>
            <TextLine id="r14l6" primaryLanguage="German" custom="readingOrder {index:5;}">
                <Coords points="2300,491 2676,489 2676,489 3038,489 3324,493 3324,532 2300,532"/>
                <Baseline points="2300,524 2358,523 2546,524 2677,526 2748,525 2987,524 3039,525 3232,524 3324,524"/>
                <TextEquiv>
                    <Unicode>Die Franzoſen hatten an Verwundeten 1 Lieutenant und</Unicode>
                </TextEquiv>
                <TextStyle fontFamily="Times New Roman" fontSize="7.0"/>
            </TextLine>
            <TextLine id="r14l7" primaryLanguage="German" custom="readingOrder {index:6;}">
                <Coords points="2300,535 2355,532 2355,532 3314,534 3325,539 3325,567 3320,575 2315,573 2300,565"/>
                <Baseline points="2300,565 2317,565 2500,567 2655,569 2773,567 2816,568 2866,567 2893,567 2973,567 3039,567 3238,566 3325,567"/>
                <TextEquiv>
                    <Unicode>7 Soldaten. General Metzinger ſetzt die Verfolgung fort.</Unicode>
                </TextEquiv>
                <TextStyle fontFamily="Times New Roman" fontSize="7.0"/>
            </TextLine>
            <TextLine id="r14l8" primaryLanguage="German" custom="readingOrder {index:7;}">
                <Coords points="2376,585 2464,583 2765,583 2765,583 3226,585 3306,586 3326,594 3326,623 2376,624"/>
                <Baseline points="2376,616 2409,616 2565,614 2661,615 2777,614 2814,615 3044,615 3124,615 3326,615"/>
                <TextEquiv>
                    <Unicode>Briſtol. 5. Juli. Durch den Einſturz einer Brücke</Unicode>
                </TextEquiv>
            </TextLine>
            <TextLine id="r14l9" primaryLanguage="German" custom="readingOrder {index:8;}">
                <Coords points="2297,623 3328,624 3329,660 2299,658"/>
                <Baseline points="2298,651 2407,653 2486,653 2658,656 2767,654 2799,654 2901,655 3116,653 3189,653 3262,654 3291,655 3325,653"/>
                <TextEquiv>
                    <Unicode>ſtürzten 600 Menſchen, welche einer Regatta von hier aus zu⸗</Unicode>
                </TextEquiv>
            </TextLine>
            <TextLine id="r14l10" primaryLanguage="German" custom="readingOrder {index:9;}">
                <Coords points="2299,661 2341,659 2341,659 3301,661 3324,671 3324,700 2299,698"/>
                <Baseline points="2299,690 2385,692 2466,692 2564,693 2660,693 2741,693 2810,692 2890,692 2948,692 3016,692 3076,695 3325,692"/>
                <TextEquiv>
                    <Unicode>ſahen, aus einer Höhe von 40 Fuß in den Fluß. Vierzig</Unicode>
                </TextEquiv>
            </TextLine>
            <TextLine id="r14l11" primaryLanguage="German" custom="readingOrder {index:10;}">
                <Coords points="2299,700 2474,698 3159,698 3159,698 3207,710 3216,725 3216,732 3203,740 2314,741 2299,737"/>
                <Baseline points="2298,733 2339,733 2543,731 2663,732 2964,731 3097,731 3216,732"/>
                <TextEquiv>
                    <Unicode>Perſonen wurden verletzt, darunter mehrere ſchwer.</Unicode>
                </TextEquiv>
            </TextLine>
            <TextLine id="r14l12" primaryLanguage="German" custom="readingOrder {index:11;}">
                <Coords points="2370,751 3330,750 3330,787 2374,789"/>
                <Baseline points="2374,783 2398,783 2570,782 2667,782 2730,783 2794,783 3142,781 3208,782 3280,783 3326,781"/>
                <TextEquiv>
                    <Unicode>London, 5. Juli. Im Unterhauſe erklärte der Unter⸗</Unicode>
                </TextEquiv>
            </TextLine>
            <TextLine id="r14l13" primaryLanguage="German" custom="readingOrder {index:12;}">
                <Coords points="2299,789 2427,787 3327,789 3327,830 2298,827"/>
                <Baseline points="2299,820 2426,819 2492,820 2701,821 2827,821 2873,822 2902,821 2927,820 2955,822 2975,821 3018,821 3087,820 3271,822 3327,822"/>
                <TextEquiv>
                    <Unicode>Secretär des Auswärtigen Amtes, Curzon, der Regierung ſei</Unicode>
                </TextEquiv>
                <TextStyle fontFamily="Times New Roman" fontSize="6.5"/>
            </TextLine>
            <TextLine id="r14l14" primaryLanguage="German" custom="readingOrder {index:13;}">
                <Coords points="2297,836 2299,828 3268,830 3298,829 3327,832 3326,867 2299,866"/>
                <Baseline points="2299,858 2366,858 2507,858 2581,859 2713,859 2749,859 2839,860 3126,859 3204,859 3266,859 3325,860"/>
                <TextEquiv>
                    <Unicode>nicht bekannt, daß zwiſchen dem Transvaal und dem König⸗</Unicode>
                </TextEquiv>
            </TextLine>
            <TextLine id="r14l15" primaryLanguage="German" custom="readingOrder {index:14;}">
                <Coords points="2299,876 2326,867 2433,865 2433,865 3319,868 3327,873 3327,907 2299,904"/>
                <Baseline points="2299,896 2312,896 2434,899 2849,898 2912,898 3030,898 3116,897 3269,899 3327,899"/>
                <TextEquiv>
                    <Unicode>reiche Portugal Verhandlungen im Gange ſeien bezüglich des</Unicode>
                </TextEquiv>
            </TextLine>
            <TextLine id="r14l16" primaryLanguage="German" custom="readingOrder {index:15;}">
                <Coords points="2299,905 2390,903 3326,909 3325,945 2299,944"/>
                <Baseline points="2299,936 2438,935 2474,936 2705,937 2726,937 2763,937 3139,937 3261,937 3325,937"/>
                <TextEquiv>
                    <Unicode>Erwerbes der Delagoa⸗Eiſenbahnen. Dies würde der</Unicode>
                </TextEquiv>
            </TextLine>
            <TextLine id="r14l17" primaryLanguage="German" custom="readingOrder {index:16;}">
                <Coords points="2299,950 2382,944 2412,943 2412,943 3258,944 3327,954 3327,984 2299,982"/>
                <Baseline points="2299,974 2349,974 2518,975 2689,975 2916,975 3149,976 3235,975 3327,976"/>
                <TextEquiv>
                    <Unicode>von Portugal gegebenen Verſicherung widerſprechen, bis zum</Unicode>
                </TextEquiv>
                <TextStyle fontFamily="Times New Roman" fontSize="6.5"/>
            </TextLine>
            <TextLine id="r14l18" primaryLanguage="German" custom="readingOrder {index:17;}">
                <Coords points="2299,983 2539,981 3299,986 3325,994 3325,1022 2299,1022"/>
                <Baseline points="2299,1014 2518,1013 2583,1014 2842,1014 2982,1013 3114,1013 3262,1014 3325,1014"/>
                <TextEquiv>
                    <Unicode>Urtheilsſpruche des Schiedsgerichtes keinerlei Schritte bezüglich der</Unicode>
                </TextEquiv>
                <TextStyle fontFamily="Times New Roman" fontSize="6.5"/>
            </TextLine>
            <TextLine id="r14l19" primaryLanguage="German" custom="readingOrder {index:18;}">
                <Coords points="2298,1021 2440,1021 3275,1020 3309,1022 3324,1032 3324,1053 3296,1060 2298,1057"/>
                <Baseline points="2301,1052 2419,1052 2490,1052 2701,1053 2763,1053 2988,1052 3148,1054 3263,1053 3324,1053"/>
                <TextEquiv>
                    <Unicode>Zukunft der Eiſenbahnen zu unternehmen. Hierauf wurde die</Unicode>
                </TextEquiv>
                <TextStyle fontFamily="Times New Roman" fontSize="6.5"/>
            </TextLine>
            <TextLine id="r14l20" primaryLanguage="German" custom="readingOrder {index:19;}">
                <Coords points="2292,1060 2318,1058 3195,1059 3253,1070 3253,1092 3227,1100 2324,1098 2295,1095"/>
                <Baseline points="2299,1090 2374,1090 2491,1089 2527,1090 2697,1091 3246,1092"/>
                <TextEquiv>
                    <Unicode>dritte Leſung der Auslieferungs⸗Bill angenommen.</Unicode>
                </TextEquiv>
            </TextLine>
            <TextLine id="r14l21" primaryLanguage="German" custom="readingOrder {index:20;}">
                <Coords points="2385,1107 3331,1112 3329,1155 2389,1152"/>
                <Baseline points="2389,1148 2429,1148 2601,1145 2706,1145 2798,1146 2834,1145 3120,1146 3199,1146 3239,1146 3270,1146 3296,1146 3312,1145 3328,1144"/>
                <TextEquiv>
                    <Unicode>Boſton, 5. Juli. Bei einem Aufzug der anti⸗</Unicode>
                </TextEquiv>
            </TextLine>
            <TextLine id="r14l22" primaryLanguage="German" custom="readingOrder {index:21;}">
                <Coords points="2300,1155 2469,1153 2469,1153 3184,1155 3240,1157 3327,1167 3327,1198 2300,1195"/>
                <Baseline points="2300,1187 2591,1188 2644,1189 3003,1188 3058,1188 3189,1188 3272,1189 3327,1190"/>
                <TextEquiv>
                    <Unicode>katholiſchen Vereinigung kam es geſtern hier zu</Unicode>
                </TextEquiv>
            </TextLine>
            <TextLine id="r14l23" primaryLanguage="German" custom="readingOrder {index:22;}">
                <Coords points="2299,1208 2314,1199 2314,1199 2345,1199 3276,1200 3292,1201 3327,1210 3327,1232 3322,1240 2299,1238"/>
                <Baseline points="2299,1230 2390,1231 2456,1230 2681,1231 3134,1232 3327,1232"/>
                <TextEquiv>
                    <Unicode>einem ernſthaften Zuſammenſtoße; ein Abzeichen</Unicode>
                </TextEquiv>
            </TextLine>
            <TextLine id="r14l24" primaryLanguage="German" custom="readingOrder {index:23;}">
                <Coords points="2298,1242 3330,1245 3329,1283 2299,1281"/>
                <Baseline points="2300,1274 2405,1273 2480,1274 2584,1274 2657,1274 2854,1274 2980,1274 3096,1274 3243,1275 3276,1273 3326,1275"/>
                <TextEquiv>
                    <Unicode>erregte den Zorn der Zuſchauer, welche einen Wagen an⸗</Unicode>
                </TextEquiv>
                <TextStyle fontFamily="Times New Roman" fontSize="7.0"/>
            </TextLine>
            <TextLine id="r14l25" primaryLanguage="German" custom="readingOrder {index:24;}">
                <Coords points="2299,1294 2325,1285 2432,1283 2432,1283 3041,1283 3297,1286 3328,1287 3328,1327 2299,1326"/>
                <Baseline points="2301,1318 2407,1316 2468,1317 2617,1317 2759,1317 2877,1318 2961,1318 3093,1317 3204,1318 3328,1319"/>
                <TextEquiv>
                    <Unicode>griffen, in welchem Frauen ſaßen. Die Polizei griff helfend</Unicode>
                </TextEquiv>
                <TextStyle fontFamily="Times New Roman" fontSize="7.0"/>
            </TextLine>
            <TextLine id="r14l26" primaryLanguage="German" custom="readingOrder {index:25;}">
                <Coords points="2299,1328 3270,1326 3270,1326 3298,1329 3325,1338 3325,1365 2299,1367"/>
                <Baseline points="2299,1359 2353,1359 2468,1360 2626,1360 2778,1361 2858,1360 2891,1360 3104,1361 3325,1357"/>
                <TextEquiv>
                    <Unicode>ein. Beide Parteien machten von ihren Revolvern Ge⸗</Unicode>
                </TextEquiv>
            </TextLine>
            <TextLine id="r14l27" primaryLanguage="German" custom="readingOrder {index:26;}">
                <Coords points="2300,1372 2679,1371 2679,1371 3274,1372 3328,1381 3328,1413 2300,1410"/>
                <Baseline points="2300,1402 2408,1403 2495,1403 2672,1403 2752,1404 2831,1403 2885,1404 3132,1403 3328,1405"/>
                <TextEquiv>
                    <Unicode>brauch und bewarfen ſich mit Steinen. Eine Perſon</Unicode>
                </TextEquiv>
            </TextLine>
            <TextLine id="r14l28" primaryLanguage="German" custom="readingOrder {index:27;}">
                <Coords points="2299,1420 2373,1412 3102,1414 3155,1415 3327,1418 3328,1449 3311,1457 2321,1454 2299,1446"/>
                <Baseline points="2299,1446 2395,1447 2432,1448 2484,1446 2513,1446 2543,1446 2699,1446 2851,1446 2879,1446 3328,1449"/>
                <TextEquiv>
                    <Unicode>wurde getödtet und mehrere erlitten Verletzungen.</Unicode>
                </TextEquiv>
            </TextLine>
            <TextLine id="r14l29" primaryLanguage="German" custom="readingOrder {index:28;}">
                <Coords points="2376,1466 3328,1468 3330,1509 2378,1511"/>
                <Baseline points="2383,1505 2418,1505 2756,1502 2859,1502 2952,1502 3159,1502 3253,1502 3291,1502 3326,1502"/>
                <TextEquiv>
                    <Unicode>Konſtantinopel, 5. Juli. Den Meldungen über an⸗</Unicode>
                </TextEquiv>
            </TextLine>
            <TextLine id="r14l30" primaryLanguage="German" custom="readingOrder {index:29;}">
                <Coords points="2299,1522 2314,1513 2632,1512 2632,1512 3297,1513 3299,1514 3328,1523 3328,1555 2299,1552"/>
                <Baseline points="2300,1544 2358,1544 2466,1545 2772,1545 2959,1545 3025,1545 3324,1545"/>
                <TextEquiv>
                    <Unicode>gebliche Gefechte ernſteren Charakters bei Egri⸗Palanka,</Unicode>
                </TextEquiv>
            </TextLine>
            <TextLine id="r14l31" primaryLanguage="German" custom="readingOrder {index:30;}">
                <Coords points="2298,1556 2499,1554 2499,1554 3080,1554 3301,1557 3326,1565 3326,1597 2298,1597"/>
                <Baseline points="2298,1589 2324,1589 2570,1588 2786,1588 2906,1589 2988,1588 3027,1588 3251,1590 3326,1589"/>
                <TextEquiv>
                    <Unicode>Kratovo und anderwärts wird, wie die Agence de</Unicode>
                </TextEquiv>
            </TextLine>
            <TextLine id="r14l32" primaryLanguage="German" custom="readingOrder {index:31;}">
                <Coords points="2298,1599 2623,1597 2623,1597 3328,1600 3328,1642 2298,1639"/>
                <Baseline points="2298,1631 2323,1631 2799,1632 2858,1630 3103,1634 3245,1632 3326,1634"/>
                <TextEquiv>
                    <Unicode>Conſtantinople feſtſtellt, in maßgebenden Kreiſen auf</Unicode>
                </TextEquiv>
            </TextLine>
            <TextLine id="r14l33" primaryLanguage="German" custom="readingOrder {index:32;}">
                <Coords points="2299,1643 2840,1642 2840,1642 3146,1642 3261,1643 3326,1646 3326,1683 2299,1682"/>
                <Baseline points="2299,1674 2352,1673 2400,1673 2632,1674 3191,1674 3261,1674 3326,1675"/>
                <TextEquiv>
                    <Unicode>das beſtimmteſte widerſprochen. Insbeſondere ſei es</Unicode>
                </TextEquiv>
            </TextLine>
            <TextLine id="r14l34" primaryLanguage="German" custom="readingOrder {index:33;}">
                <Coords points="2299,1685 3329,1685 3327,1725 2299,1726"/>
                <Baseline points="2298,1717 2355,1717 2608,1717 2704,1718 2748,1718 3052,1716 3091,1717 3272,1717 3324,1718"/>
                <TextEquiv>
                    <Unicode>ganz unrichtig, daß Köpfungen oder andere Grau⸗</Unicode>
                </TextEquiv>
            </TextLine>
            <TextLine id="r14l35" primaryLanguage="German" custom="readingOrder {index:34;}">
                <Coords points="2297,1729 2379,1728 3168,1728 3303,1729 3327,1738 3327,1767 3283,1769 2297,1767"/>
                <Baseline points="2300,1760 2339,1758 2760,1760 2866,1760 2964,1760 3063,1760 3183,1760 3248,1761 3327,1761"/>
                <TextEquiv>
                    <Unicode>ſamkeiten vorgekommen ſeien und eine Kirche in ein</Unicode>
                </TextEquiv>
            </TextLine>
            <TextLine id="r14l36" primaryLanguage="German" custom="readingOrder {index:35;}">
                <Coords points="2297,1771 2667,1770 2779,1770 2862,1775 2886,1778 2886,1811 2325,1811 2297,1808"/>
                <Baseline points="2300,1803 2405,1802 2638,1803 2777,1803 2886,1803"/>
                <TextEquiv>
                    <Unicode>Spital umgewandelt worden wäre.</Unicode>
                </TextEquiv>
                <TextStyle fontFamily="Times New Roman" fontSize="7.0"/>
            </TextLine>
            <TextLine id="r14l37" primaryLanguage="German" custom="readingOrder {index:36;}">
                <Coords points="2385,1814 2510,1813 2510,1813 3329,1813 3329,1855 2385,1855"/>
                <Baseline points="2385,1847 2495,1846 2552,1847 2615,1846 2749,1846 2804,1846 3066,1846 3265,1847 3329,1847"/>
                <TextEquiv>
                    <Unicode>Ebenſo iſt die Agence de Conſtantinople ermächtigt, die</Unicode>
                </TextEquiv>
                <TextStyle fontFamily="Times New Roman" fontSize="7.0"/>
            </TextLine>
            <TextLine id="r14l38" primaryLanguage="German" custom="readingOrder {index:37;}">
                <Coords points="2299,1857 2548,1855 2548,1855 2726,1855 3328,1858 3328,1898 2299,1897"/>
                <Baseline points="2299,1889 2462,1891 2549,1890 2579,1889 2680,1891 2891,1890 2921,1889 2952,1888 2977,1888 3005,1889 3033,1889 3062,1889 3094,1889 3125,1890 3210,1889 3328,1890"/>
                <TextEquiv>
                    <Unicode>Nachricht, daß im Bezirke Apokorona der Inſel</Unicode>
                </TextEquiv>
            </TextLine>
            <TextLine id="r14l39" primaryLanguage="German" custom="readingOrder {index:38;}">
                <Coords points="2300,1899 3330,1899 3329,1942 2299,1939"/>
                <Baseline points="2299,1932 2420,1932 2484,1932 2891,1932 3044,1932 3131,1932 3217,1934 3294,1933 3325,1933"/>
                <TextEquiv>
                    <Unicode>Kreta Unruhen ausgebrochen wären, mit der Ver⸗</Unicode>
                </TextEquiv>
            </TextLine>
            <TextLine id="r14l40" primaryLanguage="German" custom="readingOrder {index:39;}">
                <Coords points="2299,1945 2309,1943 2780,1942 3149,1944 3325,1947 3329,1984 3297,1984 2299,1985"/>
                <Baseline points="2299,1977 2437,1974 2480,1975 2553,1975 2783,1976 2948,1975 3035,1978 3114,1977 3182,1975 3326,1976"/>
                <TextEquiv>
                    <Unicode>ſicherung als unrichtig zu erklären, daß auf der ganzen</Unicode>
                </TextEquiv>
            </TextLine>
            <TextLine id="r14l41" primaryLanguage="German" custom="readingOrder {index:40;}">
                <Coords points="2298,1987 2571,1986 2582,1986 2646,1987 2677,1992 2685,2013 2671,2026 2302,2026 2298,2025"/>
                <Baseline points="2299,2018 2340,2018 2438,2019 2671,2018"/>
                <TextEquiv>
                    <Unicode>Inſel Ruhe herrſche.</Unicode>
                </TextEquiv>
            </TextLine>
            <TextLine id="r14l42" primaryLanguage="German" custom="readingOrder {index:41;}">
                <Coords points="2375,2036 3248,2034 3248,2034 3327,2036 3327,2074 2375,2076"/>
                <Baseline points="2375,2068 2409,2068 2566,2065 2672,2065 2743,2067 2835,2068 3092,2066 3230,2066 3327,2066"/>
                <TextEquiv>
                    <Unicode>Athen, 5. Juli. Die Kammer hält täglich zwei</Unicode>
                </TextEquiv>
            </TextLine>
            <TextLine id="r14l43" primaryLanguage="German" custom="readingOrder {index:42;}">
                <Coords points="2301,2074 3330,2076 3330,2112 2300,2113"/>
                <Baseline points="2300,2106 2445,2104 2512,2102 2576,2105 2612,2105 2695,2106 2899,2104 2996,2104 3073,2104 3217,2104 3269,2105 3297,2104 3326,2103"/>
                <TextEquiv>
                    <Unicode>Sitzungen ab, um das Budget vor Ende des Monats zu er⸗</Unicode>
                </TextEquiv>
            </TextLine>
            <TextLine id="r14l44" primaryLanguage="German" custom="readingOrder {index:43;}">
                <Coords points="2298,2115 3162,2112 3162,2112 3267,2113 3328,2122 3328,2149 2298,2152"/>
                <Baseline points="2298,2144 2406,2143 2502,2143 2709,2144 2783,2144 2927,2143 3022,2143 3093,2143 3329,2141"/>
                <TextEquiv>
                    <Unicode>ledigen. Die Verwerfung der Vorlage über die Zurückhaltung</Unicode>
                </TextEquiv>
                <TextStyle fontFamily="Times New Roman" fontSize="6.5"/>
            </TextLine>
            <TextLine id="r14l45" primaryLanguage="German" custom="readingOrder {index:44;}">
                <Coords points="2299,2162 2313,2153 2410,2151 2410,2151 3327,2151 3327,2190 2299,2190"/>
                <Baseline points="2299,2182 2369,2182 2498,2182 2562,2182 2826,2183 2929,2182 2977,2181 3046,2181 3220,2184 3327,2182"/>
                <TextEquiv>
                    <Unicode>eines Theiles der Korinthen⸗Ernte erregt in den Provinzen, welche</Unicode>
                </TextEquiv>
                <TextStyle fontFamily="Times New Roman" fontSize="6.5"/>
            </TextLine>
            <TextLine id="r14l46" primaryLanguage="German" custom="readingOrder {index:45;}">
                <Coords points="2300,2192 2336,2191 2407,2189 3310,2190 3330,2193 3331,2230 3300,2230 2300,2229"/>
                <Baseline points="2300,2221 2360,2220 2527,2221 2667,2222 2792,2221 2864,2221 2984,2221 3243,2221 3327,2222"/>
                <TextEquiv>
                    <Unicode>dieſe Maßregel verlangt hatten, eine gewiſſe Unzufriedenheit. In</Unicode>
                </TextEquiv>
                <TextStyle fontFamily="Times New Roman" fontSize="6.5"/>
            </TextLine>
            <TextLine id="r14l47" primaryLanguage="German" custom="readingOrder {index:46;}">
                <Coords points="2299,2230 3090,2228 3090,2228 3116,2229 3148,2239 3158,2254 3158,2259 3136,2267 2307,2269 2299,2267"/>
                <Baseline points="2298,2261 2322,2259 2352,2260 2373,2260 2397,2261 2425,2260 2451,2260 2559,2260 2621,2260 2665,2260 2693,2260 2718,2260 2740,2260 2762,2260 2797,2259 2831,2260 2853,2260 2876,2260 2897,2259 2918,2260 2946,2260 2979,2259 3158,2259"/>
                <TextEquiv>
                    <Unicode>Patras wurde ein Proteſtmeeting abgehalten.</Unicode>
                </TextEquiv>
                <TextStyle fontFamily="Times New Roman" fontSize="6.5"/>
            </TextLine>
            <TextLine id="r14l48" primaryLanguage="German" custom="readingOrder {index:47;}">
                <Coords points="2382,2273 3328,2276 3328,2317 2384,2317"/>
                <Baseline points="2388,2313 2427,2313 2803,2309 2909,2309 2988,2310 3136,2309 3328,2311"/>
                <TextEquiv>
                    <Unicode>Dar⸗es⸗Salaam, 5. Juli. Die Unruhen im</Unicode>
                </TextEquiv>
            </TextLine>
            <TextLine id="r14l49" primaryLanguage="German" custom="readingOrder {index:48;}">
                <Coords points="2295,2326 2354,2322 2363,2321 2521,2319 3237,2319 3264,2321 3334,2332 3334,2362 2296,2361"/>
                <Baseline points="2300,2353 2453,2353 2595,2353 2661,2353 2726,2352 2753,2353 2794,2353 2822,2353 2851,2352 2875,2352 2899,2352 3044,2353 3165,2353 3328,2354"/>
                <TextEquiv>
                    <Unicode>engliſchen Gebiete bei Mombaſa nehmen einen größeren</Unicode>
                </TextEquiv>
                <TextStyle fontFamily="Times New Roman" fontSize="7.0"/>
            </TextLine>
            <TextLine id="r14l50" primaryLanguage="German" custom="readingOrder {index:49;}">
                <Coords points="2295,2364 3328,2364 3339,2404 2294,2404"/>
                <Baseline points="2299,2396 2430,2398 2502,2396 2618,2395 2742,2398 2970,2396 3037,2396 3110,2397 3198,2395 3267,2396 3328,2396"/>
                <TextEquiv>
                    <Unicode>Umfang an. Das Schiff „See⸗Adler“ hat ſich zur Recog⸗</Unicode>
                </TextEquiv>
                <TextStyle fontFamily="Times New Roman" fontSize="7.0"/>
            </TextLine>
            <TextLine id="r14l51" primaryLanguage="German" custom="readingOrder {index:50;}">
                <Coords points="2300,2418 2340,2411 2360,2408 2574,2407 2574,2407 3110,2407 3294,2408 3306,2409 3328,2418 3328,2448 2300,2447"/>
                <Baseline points="2300,2439 2463,2441 2544,2441 2669,2440 2828,2440 2916,2439 3060,2441 3225,2439 3328,2440"/>
                <TextEquiv>
                    <Unicode>noscirung nach Moa, nördlich von Tanga, begeben. Ein</Unicode>
                </TextEquiv>
                <TextStyle fontFamily="Times New Roman" fontSize="7.0"/>
            </TextLine>
            <TextLine id="r14l52" primaryLanguage="German" custom="readingOrder {index:51;}">
                <Coords points="2299,2451 2583,2449 3101,2449 3229,2450 3284,2451 3331,2450 3333,2492 3165,2491 2299,2491"/>
                <Baseline points="2299,2483 2326,2483 2690,2483 2848,2483 2889,2483 3163,2482 3328,2484"/>
                <TextEquiv>
                    <Unicode>Uebergreifen der Unruhen auf deutſches Gebiet</Unicode>
                </TextEquiv>
            </TextLine>
            <TextLine id="r14l53" primaryLanguage="German" custom="readingOrder {index:52;}">
                <Coords points="2300,2494 2761,2493 2814,2501 2814,2535 2309,2536 2300,2526"/>
                <Baseline points="2300,2526 2333,2528 2440,2526 2563,2526 2620,2526 2814,2525"/>
                <TextEquiv>
                    <Unicode>iſt jedoch nicht zu befürchten.</Unicode>
                </TextEquiv>
                <TextStyle fontFamily="Times New Roman" fontSize="7.0"/>
            </TextLine>
            <TextLine id="r14l54" primaryLanguage="German" custom="readingOrder {index:53;}">
                <Coords points="2378,2539 3327,2543 3327,2585 2384,2586"/>
                <Baseline points="2384,2580 2424,2580 2649,2576 2754,2576 2879,2576 3007,2576 3236,2577 3327,2578"/>
                <TextEquiv>
                    <Unicode>Newyork, 5. Juli. Nach einem Telegramme aus</Unicode>
                </TextEquiv>
            </TextLine>
            <TextLine id="r14l55" primaryLanguage="German" custom="readingOrder {index:54;}">
                <Coords points="2298,2587 2780,2586 2780,2586 3280,2588 3327,2597 3327,2629 2298,2629"/>
                <Baseline points="2298,2623 2337,2620 2590,2619 2762,2620 2850,2619 3091,2619 3226,2620 3327,2621"/>
                <TextEquiv>
                    <Unicode>Havana fand zwiſchen 80 Freiwilligen unter dem</Unicode>
                </TextEquiv>
            </TextLine>
            <TextLine id="r14l56" primaryLanguage="German" custom="readingOrder {index:55;}">
                <Coords points="2298,2632 3328,2630 3337,2672 2298,2671"/>
                <Baseline points="2300,2664 2508,2662 2549,2664 2578,2662 2604,2662 2632,2662 2661,2663 2691,2663 2775,2662 2870,2662 2923,2662 3266,2663 3328,2663"/>
                <TextEquiv>
                    <Unicode>Hauptmanne Loeras und 400 berittenen Aufſtändi⸗</Unicode>
                </TextEquiv>
            </TextLine>
            <TextLine id="r14l57" primaryLanguage="German" custom="readingOrder {index:56;}">
                <Coords points="2299,2672 2330,2672 3114,2673 3328,2674 3328,2714 2299,2714"/>
                <Baseline points="2306,2706 2358,2706 2537,2705 2590,2706 2622,2705 2648,2704 2676,2706 2704,2705 2763,2705 2935,2705 2989,2705 3207,2707 3328,2706"/>
                <TextEquiv>
                    <Unicode>ſchen unter Guerra's Führung ein Gefecht bei</Unicode>
                </TextEquiv>
            </TextLine>
            <TextLine id="r14l58" primaryLanguage="German" custom="readingOrder {index:57;}">
                <Coords points="2298,2717 2938,2716 2938,2716 3038,2716 3268,2717 3328,2719 3328,2757 2298,2758"/>
                <Baseline points="2298,2750 2330,2750 2361,2749 2383,2749 2425,2748 2456,2748 2483,2748 2509,2748 2532,2749 2553,2747 2584,2748 2681,2750 2750,2748 2848,2748 2912,2747 2993,2748 3328,2749"/>
                <TextEquiv>
                    <Unicode>Salmaſalta ſtatt, in dem 17 Freiwillige getödtet</Unicode>
                </TextEquiv>
            </TextLine>
            <TextLine id="r14l59" primaryLanguage="German" custom="readingOrder {index:58;}">
                <Coords points="2300,2769 2343,2760 2365,2758 3007,2758 3007,2758 3268,2760 3327,2769 3327,2800 2300,2801"/>
                <Baseline points="2300,2793 2359,2791 2424,2791 2463,2791 2789,2792 2884,2790 2924,2790 3327,2792"/>
                <TextEquiv>
                    <Unicode>und 19 verwundet, auf Seite der Aufſtändiſchen</Unicode>
                </TextEquiv>
            </TextLine>
            <TextLine id="r14l60" primaryLanguage="German" custom="readingOrder {index:59;}">
                <Coords points="2297,2803 3189,2802 3332,2804 3329,2845 2300,2845"/>
                <Baseline points="2300,2837 2435,2835 2490,2835 2522,2834 2549,2835 2576,2834 2604,2834 2653,2834 2756,2834 2919,2834 3024,2834 3104,2834 3233,2834 3276,2835 3326,2836"/>
                <TextEquiv>
                    <Unicode>hingegen Guerra, zwei Officiere und 60 Mann ge⸗</Unicode>
                </TextEquiv>
                <TextStyle fontFamily="Times New Roman" fontSize="7.0"/>
            </TextLine>
            <TextLine id="r14l61" primaryLanguage="German" custom="readingOrder {index:60;}">
                <Coords points="2300,2849 2353,2847 2466,2846 2549,2846 2603,2856 2602,2884 2299,2884"/>
                <Baseline points="2300,2878 2311,2878 2595,2878"/>
                <TextEquiv>
                    <Unicode>tödtet wurden.</Unicode>
                </TextEquiv>
            </TextLine>
        </TextRegion>
        <TextRegion type="heading" id="r15" custom="readingOrder {index:14;} structure {type:heading;}">
            <Coords points="2282,2902 3365,2904 3367,3001 2283,2997"/>
            <TextLine id="r15l1" primaryLanguage="German" custom="readingOrder {index:0;}">
                <Coords points="2292,2918 2576,2916 3312,2923 3333,2926 3334,2992 2368,2990 2290,2990"/>
                <Baseline points="2297,2982 2599,2980 2700,2981 2910,2979 3102,2978 3328,2981"/>
                <TextEquiv>
                    <Unicode>Telegramme der „Neuen Freien Preſſe“.</Unicode>
                </TextEquiv>
                <TextStyle fontFamily="Times New Roman" fontSize="13.0" bold="true"/>
            </TextLine>
        </TextRegion>
        <TextRegion type="paragraph" id="r16" custom="readingOrder {index:15;}">
            <Coords points="2284,3001 3392,3004 3393,3496 3394,4772 3389,5021 3389,5257 2292,5265 2290,5013 2284,3473"/>
            <TextLine id="r16l1" primaryLanguage="German" custom="readingOrder {index:0;}">
                <Coords points="2377,3007 2401,3006 2452,3006 3118,3006 3331,3007 3331,3046 2374,3047"/>
                <Baseline points="2376,3039 2478,3037 2533,3037 2628,3037 2745,3039 2842,3037 3050,3039 3090,3037 3328,3038"/>
                <TextEquiv>
                    <Unicode>Prag, 5. Juli. Nach einer Mittheilung der Narodni</Unicode>
                </TextEquiv>
            </TextLine>
            <TextLine id="r16l2" primaryLanguage="German" custom="readingOrder {index:1;}">
                <Coords points="2294,3046 3337,3045 3338,3083 2295,3085"/>
                <Baseline points="2299,3078 2313,3077 2335,3076 2367,3077 2399,3075 2459,3075 2491,3076 2811,3076 2874,3076 2925,3075 2994,3075 3219,3075 3279,3077 3328,3077"/>
                <TextEquiv>
                    <Unicode>Liſty hat eine Deputation der in Paris lebenden czechi⸗</Unicode>
                </TextEquiv>
            </TextLine>
            <TextLine id="r16l3" primaryLanguage="German" custom="readingOrder {index:2;}">
                <Coords points="2296,3086 2327,3084 3311,3083 3332,3089 3332,3123 2296,3124"/>
                <Baseline points="2301,3117 2366,3115 2418,3117 2443,3115 2466,3115 2491,3115 2514,3114 2533,3114 2563,3115 2585,3114 2614,3114 2664,3115 2736,3114 2880,3115 2947,3114 3073,3113 3237,3115 3328,3115"/>
                <TextEquiv>
                    <Unicode>ſchen Sokoliſten in St. Mandé, wo dieſelbe anläßlich eines</Unicode>
                </TextEquiv>
                <TextStyle fontFamily="Times New Roman" fontSize="6.5"/>
            </TextLine>
            <TextLine id="r16l4" primaryLanguage="German" custom="readingOrder {index:3;}">
                <Coords points="2298,3125 2445,3121 3273,3121 3305,3123 3332,3133 3332,3161 2298,3161"/>
                <Baseline points="2301,3154 2359,3154 2564,3153 2767,3152 2890,3154 2969,3152 3040,3153 3207,3153 3270,3153 3329,3153"/>
                <TextEquiv>
                    <Unicode>dort ſtattgehabten Turnerfeſtes weilte, auf dem Denkmale der im</Unicode>
                </TextEquiv>
                <TextStyle fontFamily="Times New Roman" fontSize="6.5"/>
            </TextLine>
            <TextLine id="r16l5" primaryLanguage="German" custom="readingOrder {index:4;}">
                <Coords points="2299,3165 3331,3162 3331,3199 2299,3202"/>
                <Baseline points="2299,3196 2385,3192 2483,3191 2658,3192 2874,3192 3013,3191 3120,3191 3246,3192 3329,3192"/>
                <TextEquiv>
                    <Unicode>Jahre 1870 gefallenen franzöſiſchen Krieger einen Kranz mit</Unicode>
                </TextEquiv>
                <TextStyle fontFamily="Times New Roman" fontSize="6.5"/>
            </TextLine>
            <TextLine id="r16l6" primaryLanguage="German" custom="readingOrder {index:5;}">
                <Coords points="2299,3203 3329,3201 3329,3237 2299,3240"/>
                <Baseline points="2300,3233 2435,3231 2498,3231 2578,3230 2757,3231 3019,3230 3228,3231 3329,3230"/>
                <TextEquiv>
                    <Unicode>Schleifen in den czechiſchen Nationalfarben niedergelegt. Der</Unicode>
                </TextEquiv>
                <TextStyle fontFamily="Times New Roman" fontSize="6.5"/>
            </TextLine>
            <TextLine id="r16l7" primaryLanguage="German" custom="readingOrder {index:6;}">
                <Coords points="2296,3241 3334,3239 3334,3278 2298,3278"/>
                <Baseline points="2300,3271 2460,3269 2754,3270 2802,3271 2831,3272 2858,3269 2887,3269 2908,3269 2930,3268 2968,3268 2995,3269 3024,3268 3143,3268 3208,3269 3250,3270 3329,3271"/>
                <TextEquiv>
                    <Unicode>franzöſiſche Colonial⸗Miniſter Chautemps ſprach der Depu⸗</Unicode>
                </TextEquiv>
                <TextStyle fontFamily="Times New Roman" fontSize="6.5"/>
            </TextLine>
            <TextLine id="r16l8" primaryLanguage="German" custom="readingOrder {index:7;}">
                <Coords points="2299,3282 2328,3279 2346,3278 3138,3277 3138,3277 3278,3278 3329,3282 3329,3316 2299,3317"/>
                <Baseline points="2299,3309 2384,3308 2490,3307 2558,3308 2659,3308 2732,3308 2807,3308 2982,3306 3129,3307 3192,3308 3329,3308"/>
                <TextEquiv>
                    <Unicode>tation hiefür den Dank aus und überreichte derſelben ein Bouquet</Unicode>
                </TextEquiv>
                <TextStyle fontFamily="Times New Roman" fontSize="6.5"/>
            </TextLine>
            <TextLine id="r16l9" primaryLanguage="German" custom="readingOrder {index:8;}">
                <Coords points="2298,3327 2300,3317 3267,3315 3330,3316 3334,3355 2300,3356"/>
                <Baseline points="2300,3348 2347,3348 2437,3347 2639,3347 2809,3346 2909,3346 3060,3345 3131,3346 3186,3346 3316,3345 3330,3339"/>
                <TextEquiv>
                    <Unicode>mit einer franzöſiſchen Tricolore. Der Miniſter bat die Deputa⸗</Unicode>
                </TextEquiv>
                <TextStyle fontFamily="Times New Roman" fontSize="6.5"/>
            </TextLine>
            <TextLine id="r16l10" primaryLanguage="German" custom="readingOrder {index:9;}">
                <Coords points="2295,3356 3331,3354 3337,3391 2293,3393"/>
                <Baseline points="2299,3386 2367,3386 2434,3386 2536,3385 2562,3386 2639,3386 2678,3385 2765,3386 2982,3384 3253,3385 3296,3387 3330,3384"/>
                <TextEquiv>
                    <Unicode>tion, den Brüdern in Böhmen ſein freundſchaftliches Ge⸗</Unicode>
                </TextEquiv>
            </TextLine>
            <TextLine id="r16l11" primaryLanguage="German" custom="readingOrder {index:10;}">
                <Coords points="2295,3396 2319,3395 2783,3393 2837,3393 3272,3394 3287,3395 3329,3403 3329,3425 3287,3432 3272,3433 2295,3433"/>
                <Baseline points="2300,3425 2390,3425 2441,3425 2665,3425 2761,3424 2829,3424 2961,3424 3036,3425 3071,3423 3329,3425"/>
                <TextEquiv>
                    <Unicode>denken zu verdolmetſchen ſowie den Sokolen und dem czechiſchen</Unicode>
                </TextEquiv>
            </TextLine>
            <TextLine id="r16l12" primaryLanguage="German" custom="readingOrder {index:11;}">
                <Coords points="2296,3432 2807,3433 2840,3434 2867,3441 2878,3456 2877,3472 2670,3471 2542,3471 2437,3471 2297,3472"/>
                <Baseline points="2300,3465 2326,3465 2501,3463 2619,3462 2671,3463 2867,3462"/>
                <TextEquiv>
                    <Unicode>Volke ſeine Grüße zu übermitteln.</Unicode>
                </TextEquiv>
            </TextLine>
            <TextLine id="r16l13" primaryLanguage="German" custom="readingOrder {index:12;}">
                <Coords points="2373,3490 3227,3488 3315,3489 3329,3498 3329,3528 2377,3529"/>
                <Baseline points="2377,3522 2507,3519 2558,3519 2654,3519 2817,3519 2862,3520 2909,3521 2939,3519 2977,3519 3015,3520 3038,3519 3063,3519 3095,3519 3115,3519 3137,3519 3165,3518 3280,3520 3329,3520"/>
                <TextEquiv>
                    <Unicode>Berlin, 5. Juli. Freiherr v. Hammerſtein erklärt in</Unicode>
                </TextEquiv>
                <TextStyle fontFamily="Times New Roman" fontSize="6.5"/>
            </TextLine>
            <TextLine id="r16l14" primaryLanguage="German" custom="readingOrder {index:13;}">
                <Coords points="2300,3529 2938,3526 3261,3526 3261,3526 3316,3528 3329,3538 3329,3565 2300,3567"/>
                <Baseline points="2300,3559 2342,3559 2560,3558 2612,3557 2773,3559 2850,3557 2979,3558 3119,3556 3216,3558 3260,3557 3329,3557"/>
                <TextEquiv>
                    <Unicode>der Kreuzzeitung die Meldung des Pariſer Temps, daß er die</Unicode>
                </TextEquiv>
                <TextStyle fontFamily="Times New Roman" fontSize="6.5"/>
            </TextLine>
            <TextLine id="r16l15" primaryLanguage="German" custom="readingOrder {index:14;}">
                <Coords points="2300,3567 3221,3564 3221,3564 3317,3567 3329,3571 3329,3597 3325,3605 2300,3608"/>
                <Baseline points="2300,3600 2505,3597 2564,3596 2708,3597 2773,3597 2999,3597 3101,3596 3258,3597 3329,3597"/>
                <TextEquiv>
                    <Unicode>Aufforderung des Comités der Kreuzzeitung, ſeine Stellung als</Unicode>
                </TextEquiv>
                <TextStyle fontFamily="Times New Roman" fontSize="6.5"/>
            </TextLine>
            <TextLine id="r16l16" primaryLanguage="German" custom="readingOrder {index:15;}">
                <Coords points="2301,3606 3270,3604 3270,3604 3304,3606 3317,3615 3327,3630 3327,3643 2301,3645"/>
                <Baseline points="2301,3637 2532,3636 2757,3636 2823,3635 2887,3635 3048,3635 3234,3636 3328,3635"/>
                <TextEquiv>
                    <Unicode>Chef⸗Redacteur niederzulegen, mit der Drohung beantwortet habe,</Unicode>
                </TextEquiv>
                <TextStyle fontFamily="Times New Roman" fontSize="6.5"/>
            </TextLine>
            <TextLine id="r16l17" primaryLanguage="German" custom="readingOrder {index:16;}">
                <Coords points="2297,3645 3328,3644 3331,3681 2301,3682"/>
                <Baseline points="2301,3675 2329,3675 2448,3674 2582,3674 2763,3674 2875,3673 2954,3674 3127,3674 3176,3675 3255,3675 3325,3675"/>
                <TextEquiv>
                    <Unicode>in ſeinen Händen befindliche Briefe des Freiherrn v. Man⸗</Unicode>
                </TextEquiv>
            </TextLine>
            <TextLine id="r16l18" primaryLanguage="German" custom="readingOrder {index:17;}">
                <Coords points="2300,3687 2359,3684 2759,3682 2759,3682 3253,3682 3278,3683 3328,3691 3328,3722 2300,3722"/>
                <Baseline points="2300,3714 2311,3714 2362,3714 2384,3713 2405,3714 2427,3713 2448,3713 2499,3713 2740,3715 2845,3712 2946,3712 2997,3713 3087,3713 3328,3714"/>
                <TextEquiv>
                    <Unicode>teuffel zu veröffentlichen; welche dieſen in einer reſpectwidrigen</Unicode>
                </TextEquiv>
            </TextLine>
            <TextLine id="r16l19" primaryLanguage="German" custom="readingOrder {index:18;}">
                <Coords points="2300,3722 2333,3721 3293,3720 3293,3720 3329,3726 3329,3760 2300,3761"/>
                <Baseline points="2298,3753 2426,3751 2585,3751 2663,3751 2778,3751 2937,3751 3055,3751 3136,3751 3256,3753 3329,3752"/>
                <TextEquiv>
                    <Unicode>Haltung gegenüber dem Kaiſer erſcheinen ließen, für völlig aus</Unicode>
                </TextEquiv>
                <TextStyle fontFamily="Times New Roman" fontSize="6.5"/>
            </TextLine>
            <TextLine id="r16l20" primaryLanguage="German" custom="readingOrder {index:19;}">
                <Coords points="2302,3759 3251,3759 3329,3761 3329,3799 2302,3799"/>
                <Baseline points="2302,3791 2344,3791 2425,3791 2578,3789 2661,3790 2715,3792 2887,3789 3155,3790 3329,3791"/>
                <TextEquiv>
                    <Unicode>der Luft gegriffen. Er habe keine derartigen Briefe</Unicode>
                </TextEquiv>
            </TextLine>
            <TextLine id="r16l21" primaryLanguage="German" custom="readingOrder {index:20;}">
                <Coords points="2298,3798 3331,3798 3333,3835 2302,3837"/>
                <Baseline points="2302,3830 2366,3830 2605,3828 2651,3828 2929,3828 2994,3828 3067,3829 3266,3830 3329,3830"/>
                <TextEquiv>
                    <Unicode>des Freiherrn v. Manteuffel in Händen; außer⸗</Unicode>
                </TextEquiv>
            </TextLine>
            <TextLine id="r16l22" primaryLanguage="German" custom="readingOrder {index:21;}">
                <Coords points="2295,3837 2319,3837 3293,3836 3333,3847 3333,3874 2302,3877"/>
                <Baseline points="2302,3869 2358,3868 2412,3868 2459,3868 2527,3868 2615,3868 2665,3868 2725,3867 2811,3867 2998,3867 3075,3867 3173,3867 3329,3867"/>
                <TextEquiv>
                    <Unicode>dem ſei er gar nicht in die Lage gekommen, eine ſolche Drohung</Unicode>
                </TextEquiv>
                <TextStyle fontFamily="Times New Roman" fontSize="6.5"/>
            </TextLine>
            <TextLine id="r16l23" primaryLanguage="German" custom="readingOrder {index:22;}">
                <Coords points="2299,3887 2329,3882 2389,3878 2446,3877 2539,3876 3333,3877 3333,3917 2299,3916"/>
                <Baseline points="2302,3908 2513,3907 2591,3907 2693,3906 2733,3907 2823,3907 2939,3906 3169,3906 3330,3909"/>
                <TextEquiv>
                    <Unicode>auszuſprechen, auch wenn er einer ſolchen unanſtändigen Handlung</Unicode>
                </TextEquiv>
                <TextStyle fontFamily="Times New Roman" fontSize="6.5"/>
            </TextLine>
            <TextLine id="r16l24" primaryLanguage="German" custom="readingOrder {index:23;}">
                <Coords points="2298,3916 2349,3915 3334,3916 3333,3954 2298,3953"/>
                <Baseline points="2302,3945 2369,3947 2467,3947 2576,3945 2647,3945 2694,3947 2720,3945 2759,3946 2779,3945 2801,3946 2823,3945 2919,3945 2975,3946 2999,3944 3023,3945 3052,3945 3078,3947 3140,3945 3162,3945 3190,3945 3219,3945 3246,3946 3329,3946"/>
                <TextEquiv>
                    <Unicode>fähig wäre, denn das Comité der Kreuzzeitung habe</Unicode>
                </TextEquiv>
                <TextStyle fontFamily="Times New Roman" fontSize="6.5"/>
            </TextLine>
            <TextLine id="r16l25" primaryLanguage="German" custom="readingOrder {index:24;}">
                <Coords points="2297,3962 2372,3953 3219,3953 3233,3954 3245,3955 3329,3963 3329,3994 2297,3993"/>
                <Baseline points="2301,3985 2352,3984 2428,3984 2464,3984 2734,3983 2935,3983 3097,3984 3333,3986"/>
                <TextEquiv>
                    <Unicode>von ihm die endgiltige Aufgabe ſeiner Stellung</Unicode>
                </TextEquiv>
            </TextLine>
            <TextLine id="r16l26" primaryLanguage="German" custom="readingOrder {index:25;}">
                <Coords points="2302,4002 2329,3994 2377,3993 2465,3992 2589,3991 3333,3994 3336,4032 2302,4031"/>
                <Baseline points="2302,4023 2364,4023 2408,4023 2909,4023 2945,4023 3128,4023 3328,4023"/>
                <TextEquiv>
                    <Unicode>als Chef⸗Redacteur überhaupt nicht verlangt. Das</Unicode>
                </TextEquiv>
            </TextLine>
            <TextLine id="r16l27" primaryLanguage="German" custom="readingOrder {index:26;}">
                <Coords points="2302,4033 3330,4031 3330,4031 3330,4069 2302,4070"/>
                <Baseline points="2302,4065 2586,4061 2679,4061 2778,4061 2906,4061 3020,4060 3166,4061 3330,4062"/>
                <TextEquiv>
                    <Unicode>Vertragsverhältniß aus dem Jahre 1881 beſtehe vielmehr</Unicode>
                </TextEquiv>
                <TextStyle fontFamily="Times New Roman" fontSize="6.5"/>
            </TextLine>
            <TextLine id="r16l28" primaryLanguage="German" custom="readingOrder {index:27;}">
                <Coords points="2298,4080 2340,4071 2391,4069 3333,4071 3335,4109 2298,4108"/>
                <Baseline points="2301,4100 2371,4101 2598,4102 2855,4098 2965,4099 3188,4100 3330,4104"/>
                <TextEquiv>
                    <Unicode>nach gegenſeitiger Vereinbarung fort. Gleichzeitig erläßt</Unicode>
                </TextEquiv>
                <TextStyle fontFamily="Times New Roman" fontSize="6.5"/>
            </TextLine>
            <TextLine id="r16l29" primaryLanguage="German" custom="readingOrder {index:28;}">
                <Coords points="2300,4110 2410,4107 3307,4107 3330,4118 3330,4148 2300,4148"/>
                <Baseline points="2304,4140 2423,4138 2486,4138 2711,4138 2796,4139 2897,4139 3326,4140"/>
                <TextEquiv>
                    <Unicode>Freiherr v. Hammerſtein eine geſchäftsmäßige Erklärung,</Unicode>
                </TextEquiv>
            </TextLine>
            <TextLine id="r16l30" primaryLanguage="German" custom="readingOrder {index:29;}">
                <Coords points="2305,4155 2347,4148 2497,4147 2666,4146 2666,4146 3319,4146 3328,4170 3328,4186 2305,4186"/>
                <Baseline points="2305,4178 2390,4178 2456,4177 2612,4177 2693,4178 2769,4177 2829,4177 2988,4179 3330,4178"/>
                <TextEquiv>
                    <Unicode>worin er erſucht, da er eine Ferienreiſe antrete,</Unicode>
                </TextEquiv>
            </TextLine>
            <TextLine id="r16l31" primaryLanguage="German" custom="readingOrder {index:30;}">
                <Coords points="2299,4187 2572,4184 2694,4184 3163,4186 3329,4187 3329,4225 2299,4226"/>
                <Baseline points="2302,4217 2393,4217 2472,4217 2544,4216 2768,4217 2802,4218 2880,4216 2962,4216 3058,4218 3194,4217 3256,4217 3329,4217"/>
                <TextEquiv>
                    <Unicode>Briefe für die Kreuzzeitung nicht an ihn, ſondern an die</Unicode>
                </TextEquiv>
                <TextStyle fontFamily="Times New Roman" fontSize="6.5"/>
            </TextLine>
            <TextLine id="r16l32" primaryLanguage="German" custom="readingOrder {index:31;}">
                <Coords points="2302,4225 2587,4223 2587,4223 3205,4223 3315,4225 3330,4235 3330,4265 2302,4264"/>
                <Baseline points="2302,4256 2450,4255 2501,4255 2620,4254 2721,4255 2824,4255 2921,4255 3046,4255 3110,4254 3281,4256 3330,4257"/>
                <TextEquiv>
                    <Unicode>Redaction zu ſenden. Seit heute Früh zeichnet als Redacteur in</Unicode>
                </TextEquiv>
                <TextStyle fontFamily="Times New Roman" fontSize="6.5"/>
            </TextLine>
            <TextLine id="r16l33" primaryLanguage="German" custom="readingOrder {index:32;}">
                <Coords points="2303,4264 2433,4262 2433,4262 3230,4262 3330,4265 3330,4303 2303,4302"/>
                <Baseline points="2302,4294 2466,4291 2549,4293 2591,4293 2622,4294 2647,4295 2672,4294 2693,4294 2726,4293 2888,4293 3017,4294 3123,4294 3261,4295 3330,4295"/>
                <TextEquiv>
                    <Unicode>Vertretung Dr. Heßter. Dagegen meldet heute Abends die</Unicode>
                </TextEquiv>
                <TextStyle fontFamily="Times New Roman" fontSize="6.5"/>
            </TextLine>
            <TextLine id="r16l34" primaryLanguage="German" custom="readingOrder {index:33;}">
                <Coords points="2302,4303 2434,4301 2434,4301 3308,4302 3318,4302 3330,4308 3330,4342 2302,4341"/>
                <Baseline points="2302,4333 2605,4333 2695,4335 2766,4333 2986,4333 3058,4332 3330,4334"/>
                <TextEquiv>
                    <Unicode>Volkszeitung, daß der Austritt Hammerſtein's</Unicode>
                </TextEquiv>
                <TextStyle fontFamily="Times New Roman" fontSize="6.5"/>
            </TextLine>
            <TextLine id="r16l35" primaryLanguage="German" custom="readingOrder {index:34;}">
                <Coords points="2302,4349 2331,4346 3118,4341 3264,4342 3321,4343 3333,4356 3337,4379 2302,4380"/>
                <Baseline points="2304,4374 2374,4372 2456,4371 2703,4371 2781,4372 2840,4374 2864,4371 2887,4370 2917,4372 2941,4374 2961,4372 2983,4371 3004,4371 3025,4372 3054,4371 3083,4371 3116,4371 3160,4371 3194,4373 3213,4372 3234,4372 3255,4373 3281,4372 3331,4373"/>
                <TextEquiv>
                    <Unicode>aus der Redaction der Kreuzzeitung thatſäch⸗</Unicode>
                </TextEquiv>
                <TextStyle fontFamily="Times New Roman" fontSize="6.5"/>
            </TextLine>
            <TextLine id="r16l36" primaryLanguage="German" custom="readingOrder {index:35;}">
                <Coords points="2297,4378 3336,4378 3338,4416 2300,4417"/>
                <Baseline points="2303,4409 2368,4410 2404,4410 2659,4409 2804,4410 2850,4410 2908,4410 2979,4410 3019,4409 3061,4411 3330,4409"/>
                <TextEquiv>
                    <Unicode>lich vollzogen ſei. Derſelbe ſei ſeit dem 1. Juli ſuspendirt,</Unicode>
                </TextEquiv>
            </TextLine>
            <TextLine id="r16l37" primaryLanguage="German" custom="readingOrder {index:36;}">
                <Coords points="2299,4425 2343,4419 2377,4417 3280,4418 3292,4419 3302,4420 3336,4424 3336,4458 2299,4456"/>
                <Baseline points="2302,4449 2505,4448 2585,4448 2670,4449 2732,4448 2835,4449 2917,4449 2986,4448 3110,4448 3201,4448 3329,4450"/>
                <TextEquiv>
                    <Unicode>wahrſcheinlich aber noch für einige Zeit im Bezuge eines Theiles</Unicode>
                </TextEquiv>
                <TextStyle fontFamily="Times New Roman" fontSize="6.5"/>
            </TextLine>
            <TextLine id="r16l38" primaryLanguage="German" custom="readingOrder {index:37;}">
                <Coords points="2299,4456 3327,4456 3337,4496 2299,4496"/>
                <Baseline points="2303,4485 2381,4486 2532,4487 2672,4487 2760,4488 2908,4487 2994,4487 3046,4487 3110,4488 3231,4487 3284,4486 3327,4489"/>
                <TextEquiv>
                    <Unicode>ſeines Gehaltes belaſſen. Seit Dienſtag Früh ſei der frühere Mit⸗</Unicode>
                </TextEquiv>
                <TextStyle fontFamily="Times New Roman" fontSize="6.5"/>
            </TextLine>
            <TextLine id="r16l39" primaryLanguage="German" custom="readingOrder {index:38;}">
                <Coords points="2302,4506 2324,4498 3191,4494 3316,4497 3332,4510 3332,4531 2302,4534"/>
                <Baseline points="2302,4526 2436,4525 2523,4525 2582,4526 2606,4525 2632,4525 2664,4528 2687,4525 2709,4525 2735,4526 2767,4525 2787,4525 2809,4525 2934,4525 2996,4525 3065,4525 3240,4526 3286,4526 3327,4526"/>
                <TextEquiv>
                    <Unicode>redacteur Dr. Kropatſchek wieder in die Redaction ein⸗</Unicode>
                </TextEquiv>
                <TextStyle fontFamily="Times New Roman" fontSize="6.5"/>
            </TextLine>
            <TextLine id="r16l40" primaryLanguage="German" custom="readingOrder {index:39;}">
                <Coords points="2302,4543 2319,4534 3300,4533 3337,4545 3337,4571 2301,4574"/>
                <Baseline points="2304,4565 2422,4562 2502,4563 2589,4563 2654,4564 2914,4565 2969,4563 3045,4565 3089,4565 3164,4564 3253,4567 3291,4565 3328,4564"/>
                <TextEquiv>
                    <Unicode>getreten, aber nicht als Chef⸗Redacteur, ſo daß er alſo nicht ver⸗</Unicode>
                </TextEquiv>
                <TextStyle fontFamily="Times New Roman" fontSize="6.5"/>
            </TextLine>
            <TextLine id="r16l41" primaryLanguage="German" custom="readingOrder {index:40;}">
                <Coords points="2301,4573 3332,4571 3335,4611 2300,4610"/>
                <Baseline points="2302,4603 2465,4604 2605,4604 2769,4603 2864,4603 3074,4603 3174,4605 3328,4604"/>
                <TextEquiv>
                    <Unicode>antwortlich zeichne, während ihm andererſeits auch niemand</Unicode>
                </TextEquiv>
                <TextStyle fontFamily="Times New Roman" fontSize="6.5"/>
            </TextLine>
            <TextLine id="r16l42" primaryLanguage="German" custom="readingOrder {index:41;}">
                <Coords points="2302,4611 2483,4609 2483,4609 3256,4609 3329,4622 3329,4650 2302,4650"/>
                <Baseline points="2302,4642 2418,4641 2477,4641 2729,4641 2869,4641 2921,4641 3164,4642 3245,4642 3329,4642"/>
                <TextEquiv>
                    <Unicode>Anderer als Chef⸗Redacteur vorgeſetzt ſei. Wahrſcheinlich wolle man</Unicode>
                </TextEquiv>
                <TextStyle fontFamily="Times New Roman" fontSize="6.5"/>
            </TextLine>
            <TextLine id="r16l43" primaryLanguage="German" custom="readingOrder {index:42;}">
                <Coords points="2302,4658 2319,4650 2549,4648 2549,4648 3328,4651 3328,4691 2302,4688"/>
                <Baseline points="2302,4680 2393,4681 2500,4679 2647,4680 2724,4680 2989,4679 3146,4680 3230,4681 3329,4683"/>
                <TextEquiv>
                    <Unicode>wieder einen Adeligen als Chef⸗Redacteur einſetzen. Es muß</Unicode>
                </TextEquiv>
                <TextStyle fontFamily="Times New Roman" fontSize="6.5"/>
            </TextLine>
            <TextLine id="r16l44" primaryLanguage="German" custom="readingOrder {index:43;}">
                <Coords points="2302,4698 2317,4689 2380,4687 3334,4689 3333,4728 3239,4727 2302,4727"/>
                <Baseline points="2302,4719 2457,4718 2601,4720 2722,4718 2807,4718 2887,4718 3009,4718 3249,4719 3327,4720"/>
                <TextEquiv>
                    <Unicode>abgewartet werden, welche von den beiden Darſtellungen die</Unicode>
                </TextEquiv>
                <TextStyle fontFamily="Times New Roman" fontSize="6.5"/>
            </TextLine>
            <TextLine id="r16l45" primaryLanguage="German" custom="readingOrder {index:44;}">
                <Coords points="2294,4737 2317,4727 2331,4728 2376,4728 2457,4727 2470,4742 2470,4764 2314,4768 2294,4761"/>
                <Baseline points="2302,4757 2404,4756 2463,4756"/>
                <TextEquiv>
                    <Unicode>richtige iſt.</Unicode>
                </TextEquiv>
                <TextStyle fontFamily="Times New Roman" fontSize="6.5"/>
            </TextLine>
            <TextLine id="r16l46" primaryLanguage="German" custom="readingOrder {index:45;}">
                <Coords points="2374,4773 3330,4773 3330,4809 2374,4810"/>
                <Baseline points="2377,4805 2411,4805 2531,4803 2617,4803 2699,4804 2897,4805 2958,4804 3019,4803 3181,4804 3329,4805"/>
                <TextEquiv>
                    <Unicode>Bern, 5. Juli. Der Bundesrath hat die Schweizer Geſandt⸗</Unicode>
                </TextEquiv>
            </TextLine>
            <TextLine id="r16l47" primaryLanguage="German" custom="readingOrder {index:46;}">
                <Coords points="2301,4813 2332,4811 2404,4810 3275,4814 3328,4822 3328,4852 2301,4852"/>
                <Baseline points="2301,4844 2377,4842 2425,4842 2521,4843 2699,4842 2745,4843 3074,4843 3326,4844"/>
                <TextEquiv>
                    <Unicode>ſchaft in Rom beauftragt, der italieniſchen Regierung</Unicode>
                </TextEquiv>
            </TextLine>
            <TextLine id="r16l48" primaryLanguage="German" custom="readingOrder {index:47;}">
                <Coords points="2301,4852 3328,4850 3328,4850 3328,4888 2301,4890"/>
                <Baseline points="2301,4883 2339,4882 2490,4882 2621,4882 2799,4882 2879,4881 3001,4882 3328,4881"/>
                <TextEquiv>
                    <Unicode>die möglichſt baldige Eröffnung von diplomatiſchen Verhand⸗</Unicode>
                </TextEquiv>
            </TextLine>
            <TextLine id="r16l49" primaryLanguage="German" custom="readingOrder {index:48;}">
                <Coords points="2301,4891 2386,4888 3307,4890 3328,4892 3333,4928 2301,4928"/>
                <Baseline points="2301,4920 2311,4920 2541,4920 2674,4920 2751,4920 2991,4922 3067,4920 3149,4922 3243,4922 3329,4923"/>
                <TextEquiv>
                    <Unicode>lungen zum Zwecke der Vereinbarung des den Bau und</Unicode>
                </TextEquiv>
            </TextLine>
            <TextLine id="r16l50" primaryLanguage="German" custom="readingOrder {index:49;}">
                <Coords points="2301,4929 2374,4927 3252,4928 3274,4929 3328,4939 3328,4962 3310,4970 2301,4965"/>
                <Baseline points="2301,4960 2408,4958 2472,4960 2895,4959 3021,4958 3058,4959 3328,4962"/>
                <TextEquiv>
                    <Unicode>Betrieb der projectirten Eiſenbahn durch den Simplou</Unicode>
                </TextEquiv>
            </TextLine>
            <TextLine id="r16l51" primaryLanguage="German" custom="readingOrder {index:50;}">
                <Coords points="2300,4978 2345,4968 2379,4966 3248,4968 3276,4977 3286,4981 3286,5007 2321,5006 2300,4998"/>
                <Baseline points="2300,4998 2313,4998 2813,4998 2865,4998 3282,4999"/>
                <TextEquiv>
                    <Unicode>regelnden internationalen Vertrages vorzuſchlagen.</Unicode>
                </TextEquiv>
            </TextLine>
            <TextLine id="r16l52" primaryLanguage="German" custom="readingOrder {index:51;}">
                <Coords points="2378,5016 2422,5015 2490,5013 2997,5013 2997,5013 3300,5015 3327,5026 3327,5053 2378,5054"/>
                <Baseline points="2378,5046 2411,5046 2572,5044 2668,5044 2735,5044 2799,5045 2841,5047 2870,5045 2908,5045 2947,5045 2970,5044 2996,5045 3030,5045 3178,5046 3329,5045"/>
                <TextEquiv>
                    <Unicode>Brüſſel, 5. Juli. In der Kammer brachte der Miniſter</Unicode>
                </TextEquiv>
            </TextLine>
            <TextLine id="r16l53" primaryLanguage="German" custom="readingOrder {index:52;}">
                <Coords points="2298,5053 3326,5053 3328,5092 2299,5093"/>
                <Baseline points="2302,5085 2345,5083 2475,5084 2567,5083 2635,5083 2760,5083 2849,5083 2914,5083 2952,5086 2977,5084 3016,5083 3054,5085 3084,5085 3112,5084 3139,5085 3161,5085 3196,5085 3233,5084 3277,5084 3323,5086"/>
                <TextEquiv>
                    <Unicode>des Innern heute den zweiten Theil des Communalwahlen⸗</Unicode>
                </TextEquiv>
            </TextLine>
            <TextLine id="r16l54" primaryLanguage="German" custom="readingOrder {index:53;}">
                <Coords points="2297,5092 3331,5093 3333,5133 2299,5131"/>
                <Baseline points="2302,5125 2331,5125 2565,5123 2671,5122 2881,5122 3014,5123 3196,5124 3281,5123 3326,5125"/>
                <TextEquiv>
                    <Unicode>Geſetzes ein, deſſen Hauptbeſtimmung die verhältniß⸗</Unicode>
                </TextEquiv>
            </TextLine>
            <TextLine id="r16l55" primaryLanguage="German" custom="readingOrder {index:54;}">
                <Coords points="2301,5141 2321,5132 3327,5132 3328,5170 2301,5170"/>
                <Baseline points="2301,5162 2454,5162 2667,5161 2759,5161 2951,5163 3020,5162 3224,5164 3267,5163 3326,5162"/>
                <TextEquiv>
                    <Unicode>mäßige Vertretung dort einführt, wo Stichwahlen erfor⸗</Unicode>
                </TextEquiv>
            </TextLine>
            <TextLine id="r16l56" primaryLanguage="German" custom="readingOrder {index:55;}">
                <Coords points="2301,5171 2412,5168 3310,5168 3337,5181 3337,5205 3312,5213 2357,5210 2299,5213"/>
                <Baseline points="2301,5203 2397,5203 2477,5201 2615,5199 2697,5201 2762,5201 2886,5202 2948,5201 2999,5203 3325,5203"/>
                <TextEquiv>
                    <Unicode>derlich ſind. Hierauf legte der Führer der Rechten, Staatsminiſter</Unicode>
                </TextEquiv>
            </TextLine>
        </TextRegion>
        <SeparatorRegion id="r_13" custom="readingOrder {index:16;}">
            <Coords points="1200,0 1700,0 1700,14 1200,14"/>
        </SeparatorRegion>
        <SeparatorRegion id="r_14" custom="readingOrder {index:17;}">
            <Coords points="1828,0 3454,0 3454,19 1828,19"/>
        </SeparatorRegion>
        <SeparatorRegion id="r_15" custom="readingOrder {index:18;}">
            <Coords points="1188,246 3322,246 3322,258 1188,258"/>
        </SeparatorRegion>
        <SeparatorRegion id="r_16" custom="readingOrder {index:19;}">
            <Coords points="160,251 1100,251 1100,260 160,260"/>
        </SeparatorRegion>
        <SeparatorRegion id="r_17" custom="readingOrder {index:20;}">
            <Coords points="1231,595 2255,595 2255,608 1231,608"/>
        </SeparatorRegion>
        <SeparatorRegion id="r_18" custom="readingOrder {index:21;}">
            <Coords points="1237,605 2253,605 2253,614 1237,614"/>
        </SeparatorRegion>
        <SeparatorRegion id="r_19" custom="readingOrder {index:22;}">
            <Coords points="567,1881 775,1881 775,1887 567,1887"/>
        </SeparatorRegion>
        <SeparatorRegion id="r_20" custom="readingOrder {index:23;}">
            <Coords points="2664,2894 2970,2894 2970,2900 2664,2900"/>
        </SeparatorRegion>
        <SeparatorRegion id="r_21" custom="readingOrder {index:24;}">
            <Coords points="517,3471 827,3471 827,3475 517,3475"/>
        </SeparatorRegion>
        <SeparatorRegion id="r_22" custom="readingOrder {index:25;}">
            <Coords points="559,4881 841,4881 841,4885 559,4885"/>
        </SeparatorRegion>
        <SeparatorRegion id="r_23" custom="readingOrder {index:26;}">
            <Coords points="0,0 27,0 27,5345 0,5345"/>
        </SeparatorRegion>
        <SeparatorRegion id="r_24" custom="readingOrder {index:27;}">
            <Coords points="1202,282 1214,282 1214,5210 1202,5210"/>
        </SeparatorRegion>
        <SeparatorRegion id="r_25" custom="readingOrder {index:28;}">
            <Coords points="2271,279 2285,279 2285,5207 2271,5207"/>
        </SeparatorRegion>
        <SeparatorRegion id="r_26" custom="readingOrder {index:29;}">
            <Coords points="3448,0 3488,0 3488,5345 3448,5345"/>
        </SeparatorRegion>
    </Page>
</PcGts>
