3488 5353
208 190 380 236 Seite 14
778 196 1054 241 Wien, Samstag
1508 195 2079 236 Neue Freie Presse.
2492 175 2744 235 1. Juli 1911
3100 175 3311 221 Nr. 16830
175 270 1199 317 ganz eigener Art geſchaffen hat, die namentlich in den
170 316 1205 363 ſogenannten Schnitterſtreiks zum deutlichen Ausdrucke
177 358 1201 407 gelangten. Auch wurde in letzter Zeit die Beobachtung
169 404 1202 450 gemacht, daß in ſpeziell magyariſchen Bezirken vom
170 448 1206 494 nationalen Standpunkt aus die Auswanderung für die
176 487 1201 540 ungariſche Regierung zu unwillkommenen Konſequenzen
174 533 283 575 führte.
259 580 1200 628 Die Parzellierungs⸗ und innere Koloniſationsarbeit
176 625 1196 672 ſoll nun unter der Aegide des Ackerbauminiſteriums ein⸗
173 672 1199 719 ſetzen. Es gilt zunächſt, durch Ankäufe in Gebieten, in
174 712 1202 763 welchen die Auswanderung in ſtarker Weiſe zugenommen
171 758 1201 804 hat, ein gewiſſes Reſervoir an kleinen ländlichen Gütern
169 801 1205 847 zu ſchaffen, um den Landhunger der bäuerlichen Bevöl⸗
174 843 1202 890 kerung befriedigen und die Auswanderung hemmen zu
167 886 1204 932 können. Hiemit iſt aber die Hauptaufgabe lange noch nicht
174 928 1200 976 erfüllt. Es muß die Möglichkeit geſichert werden, daß die
175 973 1200 1020 neuen Beſitzer die Parzellen zu Preiſen erwerben, welche
174 1016 1197 1064 mit den tatſächlichen Wertverhältniſſen im Einklang ſtehen.
174 1059 1196 1105 Außerdem iſt dafür Zu ſorgen, daß die Käufer nicht das
171 1104 1198 1149 geſamte ihnen zur Verfügung ſtehende Kapital durch den An⸗
176 1148 1196 1192 kauf ſelbſt konſumieren, ſondern ihnen noch ein entſprechen⸗
170 1190 1200 1237 der Betriebsfonds zur Verfügung bleibt. Der weitere auf
172 1235 1197 1280 dem Grund noch haftende Kaufſchillingsreſt muß niedrig
172 1277 1197 1323 verzinsbar ſein und in den Rückzahlungsmodalitäten der
175 1321 1196 1367 Natur des landwirtſchaftlichen Betriebes angepaßt werden,
171 1364 1199 1407 ſonſt wird er zu einer Laſt des neuen Grundbeſitzers, die
172 1408 1195 1451 ihn erdrückt. Es muß ferner die Möglichkeit offen bleiben,
172 1450 1199 1492 daß der Erſteher die Einnahmen, welche über die Er⸗
169 1494 1194 1536 forderniſſe für Erhaltung des Gutes und Zahlung der
172 1538 1195 1583 Steuern hinausgehen, nicht durch die Zinſen und Kapitals⸗
162 1580 1199 1623 rückzahlungen aufzehrt, ſondern daß ihm auch die Mittel
167 1624 1197 1670 für eine rationelle Betriebsführung übrig bleiben. Aller⸗
165 1666 1202 1713 dings iſt hiemit die Aufgabe der Regierung noch
172 1711 1198 1753 lange nicht erſchöpft. Es ſollen ja nicht bloß
171 1752 1195 1801 kleinere und mittlere Grundbeſitzer geſchaffen werden, die
170 1796 1194 1842 eine halbwegs erträgliche Exiſtenz führen, ſondern durch
171 1840 1195 1885 dieſe neuen Betriebsformen ſoll auch die Ertragsfähigkeit
171 1881 1195 1929 der ungariſchen Landwirtſchaft erhöht werden. Der
170 1926 1195 1972 Ungariſche Boden iſt noch lange nicht entſprechend kulti⸗
171 1971 1195 2016 viert. Die neuen Erfahrungen, welche die landwirtſchaft⸗
170 2014 1196 2058 liche Wiſſenſchaft und Praxis in andern Ländern ge⸗
171 2058 1197 2104 wonnen haben, ſind in Ungarn noch wenig verwertet. Die
170 2100 1194 2145 Tieferpflügung, die Fortſchritte der Be⸗ und Ent⸗
171 2146 1196 2191 wäſſerungsanlagen, die Verbeſſerung der Erträge durch
170 2189 1198 2234 rationelle Düngung, die Züchtung beſtimmter widerſtands⸗
172 2232 1193 2279 fähiger und erträgnisreicher Getreidearten, alles dies ſind
168 2277 1197 2318 Fragen hochwichtiger Art. Die Vereinigung wiſſenſchaft⸗
159 2319 1192 2364 licher Forſchung und praktiſcher Arbeit hat in Deutſch⸗
168 2364 1194 2407 land großer Erfolge erzielt, und die Durchſchnittserträge
172 2406 1193 2451 auf dem gewiß minder fruchtbaren Boden Deutſchlands
168 2446 1194 2494 haben eine gewaltige Steigerung erfahren und übertreffen
171 2493 1193 2537 die Ergebniſſe in Ungarn bei weitem. Die Viehzucht
170 2537 1193 2581 hat in Deutſchland ebenfalls eine große Entwicklung
170 2581 1197 2625 genommen. Die Züchtung entſprechender Vieharten, wobei
171 2621 1194 2669 auf die frühzeitige Schlachtreife großes Gewicht gelegt
164 2667 1198 2711 wird, iſt von Bedeutung. Verſorgt doch heute Deutſchland
170 2709 1194 2757 den inländiſchen Konſum an Schweinen und Fettſchafen
167 2752 1195 2798 faſt vollkommen, während früher ſtarke Einfuhr not⸗
170 2797 1192 2840 wendig war. Auch der Rindviehſtand hat in Deutſchland
167 2840 1193 2884 ſehr zugenommen. Hiebei hat ſich auch dort der kleinere
169 2883 1193 2929 und mittlere Grundbeſitz als die überlegene Betriebsform
168 2925 966 2973 zur Ermöglichung von Fortſchritten erwieſen.
251 2976 1194 3022 Es iſt daher begreiflich, daß das ungariſche Acker⸗
170 3019 1192 3065 bauminiſterium beſtrebt iſt, auf eine angemeſſene Grund⸗
167 3065 1193 3110 beſitzverteilung und auf eine vernünftige innere
168 3107 1193 3153 Koloniſation Einfluß zu gewinnen. Es iſt weiter
170 3151 1192 3199 richtig, daß der Staat hier eingreift, um der privaten
168 3195 1192 3240 Spekulation den Boden zu entziehen und dafür zu ſorgen,
170 3239 1192 3284 daß die wirtſchaftlichen Ziele nie aus dem Auge gelaſſen
167 3282 1197 3329 werden. Die neue Agrarbank ſoll nun die entſprechenden
170 3326 1194 3372 Mittel für dieſe Arbeit liefern. Damit wäre viel, aber
171 3369 1192 3414 allerdings noch lange nicht alles geſchehen, es wäre
170 3413 1192 3459 vielmehr nur die Grundlage geſchaffen, auf welcher dann
171 3458 1193 3501 eine vernünftige Agrarpolitik weiterbauen kann. Eine
162 3500 1191 3545 Hauptaufgabe fiele der Ausdehnung und Vertiefung des
170 3543 1194 3594 landwirtſchaftlichen Unterrichtes zu. Mittlere Ackerbau⸗
169 3586 1192 3632 ſchulen müßten im ganzen Lande errichtet werden, an
161 3631 1195 3679 welche Verſuchländereien anzugliedern wären. Auch
162 3676 1197 3721 müßten, ähnlich wie in Preußen, die ſtaatlichen Domänen
172 3717 1192 3764 nicht allein vom Standpunkt der Ertragsfähigkeit be⸗
168 3761 1197 3806 wirtſchaftet werden, ſondern gewiſſermaßen die Laboratorien
169 3806 1192 3850 bilden, in welchen alle landwirtſchaftlichen Neuerungen
165 3850 1194 3893 zur Erprobung gelangen. Wird die Aktion, die mit der
167 3893 1191 3937 Schaffung der Parzellierungsbank begonnen hat, nicht in
162 3940 1192 3984 dieſer Weiſe ihre Ergänzung finden, ſo würde durch eine
162 3979 1192 4026 Veränderung der Beſitzverhältniſſe der Bauernſtand nur
165 4024 1194 4074 ergänzt, aber weder die allgemeine Volkswirtſchaft Ungarns
166 4067 1203 4113 daraus Vorteile ziehen noch auch das Ziel der Hemmung
165 4112 1195 4160 der Auswanderung dauernd erreicht werden. Uebrigens
161 4156 1195 4203 würde auch die induſtrielle Entwicklung Ungarns aus
168 4199 1191 4247 einer vernünftigen Agrarpolitik Vorteile erlangen, denn
168 4240 1190 4287 ebenſo wie eine Not an landwirtſchaftlichen Arbeitern
167 4286 1192 4331 beſteht, iſt die Induſtrie auch in ihrer Entwicklung haupt⸗
166 4325 1195 4373 ſächlich durch den Mangel an entſprechenden Arbeitern
169 4373 1195 4417 gehemmt, und viele künſtlich gezüchtete Induſtriegründungen
163 4415 1191 4460 ſcheitern ſchließlich an der Arbeiterfrage. Die ungariſche
162 4459 1190 4504 Landwirtſchaft iſt nicht wie in anderen Staaten das
163 4503 1192 4545 Reſervoir, aus welchem die Induſtrie ihre Arbeiter
167 4546 1193 4594 ſchöpfen kann, denn dieſes Reſervoir iſt gegenwärtig
159 4584 1191 4637 leer und muß erſt wieder durch eine geſunde Agrarpolitik
168 4635 425 4686 gefüllt werden.
255 4685 1195 4732 Die Beſſerung der ungariſchen landwirtſchaftlichen
163 4726 1192 4774 Verhältniſſe iſt übrigens auch ein geſamtſtaatliches Intereſſe.
167 4770 1196 4821 Die Geſtaltung unſerer Handelsbilanz wird in der Zukunft
172 4816 1198 4869 davon abhängig ſein, ob es einer modernen ungariſchen
171 4863 1196 4910 Landwirtſchaft gelingt, in ſteigendem Maße den Inlands⸗
174 4899 1200 4952 bedarf an Getreide und Vieh zu decken. Gerade die
172 4946 1195 4998 Ergebniſſe des Vorjahres und die Ausſichten für die
170 4992 1193 5041 kommende Campagne zeigen deutlich, daß ohne Steigerung
168 5034 1197 5086 der Ertragsfähigkeit der ungariſchen Landwirtſchaft
165 5078 1196 5129 Oeſterreich⸗Ungarn ein Getreide⸗Importland werden muß,
166 5122 1202 5172 während die natürlichen Vorausſetzungen bei entſprechender
165 5162 1203 5220 Bodenbearbeitung die Möglichkeit bieten würden dieſe
1250 274 2265 316 Eventualität zumindeſt noch auf lange Zeit hinauszu⸗
1250 316 2266 360 ſchieben. Die ſtaatliche Unterſtützung der Parzellierung der
1251 359 2265 404 großen Güter iſt ein geſunder Gedanke, aber die Aus⸗
1248 405 2259 449 führungsarbeit bleibt der wichtigere Teil. Latifundien
1247 448 2260 496 haben Rom zu Grunde gerichtet, ſagt Salluſt, die Lati⸗
1249 491 2266 537 fundien hemmen in Ungarn die Entwicklung der Land⸗
1247 535 2260 579 wirtſchaft. Es genügt aber nicht, Latifundien zu zer⸗
1250 578 2265 626 trümmern, man muß auf den Trümmern, eine neue
1249 621 2264 668 Bauernſchaft anſiedeln, mit landwirtſchaftlicher Bildung
1250 664 2263 713 und Tatkraft, und man muß es ihr ermöglichen, dann
1249 709 2099 755 unter rationellen Kreditverhältniſſen zu arbeiten.
1561 797 1944 847 Wien, 30. Juni.
1313 855 2262 899 [Der Abſchluß der Verhandlungen über
1235 895 2271 936 das Arrangement der Südbahn.] Die Verhand⸗
1242 933 2261 972 lungen zwiſchen der Südbahn und Herrn Lacombe als
1242 971 2265 1015 Vertreter des franzöſiſchen Komitees ſind heute noch nicht zum
1242 1008 2264 1051 formellen Abſchluß gelangt, doch wird ihre Perfektionie⸗
1241 1048 2263 1089 rung für den morgigen Tag mit Beſtimmt⸗
1237 1086 2264 1129 heit erwartet. Herr Lacombe hat heute die Inſtruk⸗
1244 1123 2270 1165 tionen aus Paris erhalten, mit denen er in die letzten Ver⸗
1243 1163 2266 1207 handlungen eingetreten iſt. Vormittags hatte er eine Be⸗
1244 1202 2266 1245 ſprechung mit den Kuratoren. Nachmittags fand eine mehr⸗
1244 1242 2264 1282 ſtündige Konferenz im Finanzkomitee der Südbahn ſtatt,
1237 1281 2264 1322 welche bis in die Abendſtunden dauerte. Gegenſtand der Er⸗
1244 1320 2265 1363 örterung bildete, da über alle anderen Materien eine voll⸗
1242 1356 2265 1399 ſtändige Einigung bereits erzielt war, ausſchließlich die Frage
1243 1396 2265 1438 der Kotierung der Prioritäten an der Pariſer Börſe. Die
1243 1432 2265 1478 Angelegenheit bot, wie aus der Debatte hervorging, größere
1241 1474 2264 1514 Schwierigkeiten, da es ſich um die Kotierung der vierprozen⸗
1241 1512 2265 1555 tigen Südbahnanleihe ſowie der neuen dreiprozentigen auf der
1242 1549 2265 1595 italieniſchen Annuität baſierten Schuld handelt. Die Verhand⸗
1239 1588 2263 1636 lungen wurden ſehr langſam und zähe geführt. In einzelnen
1233 1629 2265 1673 Punkten wurde eine Verſtändigung erzielt, während andere
1239 1665 2263 1708 Fragen noch offen blieben. Große Hinderniſſe bot auch der
1241 1707 2264 1747 Umſtand, daß verſchiedene Geſetzgebungen in Betracht kommen,
1240 1745 2265 1789 deren gebührenrechtliche Konſequenzen eingehend erörtert werden
1240 1784 2262 1827 mußten. Die Verhandlungen wurden auf morgen vertagt.
1241 1822 2263 1865 Man hofft, morgen zum Abſchluſſe zu ge⸗
1240 1861 2264 1902 langen. Dafür ſpricht auch der Umſtand, daß Herr
1241 1899 2263 1942 Lacombe morgen im Finanzminiſterium beim Chef der Kredit⸗
1232 1936 2271 1980 ſektion Dr. Wimmer vorſprechen wird, um ihm über die
1236 1977 2264 2017 Verhandlungen zu berichten. Nach den beſtehenden Dispoſi⸗
1239 2015 2264 2059 tionen gedenkt Herr Lacombe, wenn die Verhandlungen
1236 2052 2263 2100 morgen zum Abſchluſſe gelangen, Sonntag Wien zu verlaſſen.
1235 2089 2270 2138 In dieſem Falle würde Samstag abends die Paraphierung des
1241 2131 2263 2173 aufzunehmenden Protokolls erfolgen. Die noch zu treffenden
1238 2171 2263 2211 Detailarbeiten, namentlich die Ausarbeitung der Tilgungs⸗
1239 2208 2263 2251 pläne, die Textierung der Verträge ꝛc. werden dann bei der
1238 2248 2264 2288 Südbahn durchgeführt und es werden etwa noch erforderliche
1239 2284 2264 2328 Verhandlungen mit Paris in ſchriftlichem Wege angebahnt
1238 2324 2263 2363 werden. — Die Generaldirektion der Südbahn teilt folgendes
1235 2363 2263 2403 mit: In den heutigen Beratungen der Vertreter der
1233 2401 2262 2448 Obligationäre mit dem engeren Komitee des Verwaltungsrates
1240 2439 2264 2481 der Südbahn wurde ein großer Teil des Entwurfes für den
1236 2478 2263 2524 Sanierungsplan definitiv formuliert; doch ſind noch immer
1239 2517 2264 2561 einige Fragen offen geblieben. Die Verhandlungen werden
1240 2560 1531 2598 morgen fortgeſetzt.
1313 2598 2261 2647 [Die Annahme der Bankvorlage in
1240 2639 2261 2682 Ungarn.] Nachdem das ungariſche Abgeordnetenhaus
1241 2677 2260 2722 bereits vor längerer Zeit die Vorlage über die Verlängerung
1245 2716 2265 2760 des Bankprivilegiums genehmigt hatte, iſt heute die parla⸗
1241 2756 2261 2799 mentariſche Beratung im Magnatenhauſe durchgeführt worden.
1240 2791 2261 2839 Eine Debatte hat nicht ſtattgefunden, vielmehr wurde die
1240 2832 2258 2875 Bankvorlage einſtimmig genehmigt. Das Geſetz über die Er⸗
1239 2870 2261 2915 neuerung des Privilegiums der Oeſterreichiſch⸗ungariſchen Bank
1241 2909 2260 2954 iſt ſomit in Ungarn in beiden Häuſern des Reichsrats verab⸗
1240 2949 2260 2989 ſchiedet worden, während es im öſterreichiſchen Reichsrat noch
1239 2987 2260 3033 der Erledigung harrt. Die Vorverhandlungen, die im Abge⸗
1242 3025 2261 3068 ordnetenhauſe in den Monaten Dezember und Januar durch⸗
1240 3061 2261 3110 geführt wurden, namentlich die Ausſchußberatung, die bis zur
1238 3102 2259 3148 Spezialdebatte gediehen war, ſind durch die Auflöſung des
1240 3143 2260 3185 Reichsrates gegenſtandslos geworden. Die Vorlage muß
1240 3182 2260 3224 neuerlich eingebracht und zum zweitenmal der Verhandlung
1241 3221 2260 3261 im Abgeordnetenhauſe und im Herrenhauſe unterzogen werden.
1239 3259 2259 3301 Die kurze Spanne Zeit, welche für die Juliſeſſion in Ausſicht
1236 3297 2259 3340 genommen wurde, iſt für die parlamentariſche Behandlung
1240 3337 2259 3377 einer ſo wichtigen Vorlage ganz unzureichend. Die Bank⸗
1241 3375 2259 3417 vorlage dürſte zwar im Juli neuerlich in unveränderter Form
1242 3412 2266 3454 vorgelegt werden, die Verhandlung im Abgeordnetenhauſe
1241 3451 2260 3495 wird aber wahrſcheinlich erſt im Herbſte ſtattfinden. Durch
1239 3488 2260 3533 Vereinbarung der beiden Regierungen iſt die proviſoriſche
1241 3527 2260 3571 Bankakte bis 15. November verlängert worden. Es iſt aber
1240 3567 2259 3609 ſehr die Frage, ob bis zu dieſem Termin die Beratung in
1239 3607 2259 3647 beiden Häuſern des öſterreichiſchen Reichsrates vollſtändig
1241 3644 2261 3687 abgeſchloſſen ſein oder ob nicht vielmehr ein neues Proviſorium
1240 3683 2262 3725 notwendig ſein wird. Die Sanktionierung des vom unga⸗
1241 3722 2265 3765 riſchen Reichstage beſchloſſenen Geſetzes wird inſolange hinaus⸗
1241 3762 2260 3803 geſchoben werden, als nicht auch ein Beſchluß des öſter⸗
1235 3798 2262 3840 reichiſchen Parlaments vorliegt, da ſelbſtverſtändlich die beiden
1240 3837 2259 3879 Willensakte der Legislative, durch welche die Erteilung des
1240 3874 2260 3919 Privilegiums an die Oeſterreichiſch⸗ungariſche Bank erfolgt,
1240 3913 2265 3956 nur gleichzeitig durch die Sanktion den definitiven Abſchluß
1241 3954 1503 3994 erhalten können.
1313 3998 2266 4043 [Die Erſchwerungsmaßnahmen der
1240 4038 2264 4082 Deutſchen Reichsbank zum Ultimo.] Mit dem
1240 4076 2263 4122 heutigen Tage ſind die verſchärften Vorſchriften im Lombard,
1240 4116 2266 4156 welche die Deutſche Reichsbank zur Abwehr der maßloſen An⸗
1240 4152 2266 4195 ſprüche an den Quartalsterminen eingeführt hat, in Wirkſam⸗
1241 4193 2265 4235 keit getreten. Die Verfügungen haben ſich, wie in der heutigen
1240 4232 2265 4274 Sitzung des Zentralausſchuſſes mitgeteilt wurde, als wirkſam
1240 4271 2268 4313 erwieſen. Schon in der dritten Aprilwoche haben die An⸗
1242 4310 2262 4353 forderungen im Lombard, welche an die Reichsbank geſtellt
1239 4349 2264 4389 wurden, abgenommen und für den Monatsſchluß iſt ein erheb⸗
1240 4386 2265 4428 licher weiterer Rückgang des Lombards zu erwarten, da nam⸗
1239 4425 2264 4466 hafte Summen zum Monatsſchluß fällig werden, neue Kredit⸗
1236 4465 2266 4505 anſprüche im Lombard aber wegen der außerordentlichen Ver⸗
1240 4503 2265 4545 teuerung der Koſten nicht zu gewärtigen ſind. Selbſtverſtänd⸗
1236 4539 2261 4583 lich wird aber dafür das Wechſelportefeuille der Reichsbank
1240 4576 2263 4622 eine ungewöhnliche Anſchwellung aufweiſen, da die Geld⸗
1240 4619 2265 4662 erforderniſſe doch in irgend einer Weiſe gedeckt werden müſſen
1238 4658 2264 4701 und ſchließlich im Portefeuille der Reichsbank ausmünden.
1238 4695 2265 4740 Der Effekt der drakoniſchen Maßregel, welche die Reichsbank
1239 4735 2262 4778 verfügt hat, beſteht in einer ſtarken Verteuerung des Geldes
1237 4772 2263 4817 zum Ultimo. Für kurzfriſtige Effektendarlehen forderten die
1239 4808 2262 4855 Geldgeber zu dieſem Termin Sätze, die ſich zwiſchen 10 und
1241 4849 2266 4893 15 Prozent bewegen. Die Knappheit hat einen ſelbſt in Berlin
1239 4889 2262 4936 ungeheuren Umfang erreicht, und da das Tor der Reichs⸗
1239 4925 2266 4970 bank dem Effektenmärkte zugeſchlagen worden iſt, ſtaut ſich der
1243 4961 2266 5009 Geldbedarf bei den großen Banken, welche, inſoweit ſie flüſſige
1239 5004 2268 5047 Mittel zur Verfügung haben, dieſelben zu ſehr lukrativen Be⸗
1240 5042 2266 5088 dingungen verwenden können. Für die nächſte Woche, wo der
1238 5081 2269 5125 Ultimo vorüber iſt, wird eine raſche Verbilligung der Geldſätze
1239 5121 2265 5164 erwartet, da die Banken nach dem Ultimo große Beſtände
1240 5160 2266 5206 übrig behalten werden, die ſie als Geld vorausſichtlich nur zu
2308 255 3338 310 ſehr niedrigen Sätzen werden verwenden können. Wir erhalten
2308 297 3337 356 über die heutige Reichsbankſitzung das folgende Telegramm :
2382 338 3338 397 Berlin, 30. Juni. In der heutigen Sitzung des
2306 384 3345 436 Zentralausſchuſſes der Reichsbank führte Vizepräſident von
2304 420 3344 473 Glaſenapp, der an Stelle des noch nicht wiederhergeſtellten
2307 458 3343 511 Präſidenten Havenſtein die Sitzung leitete, aus: Die
2307 507 3346 555 Situation habe ſich in der dritten Juniwoche (vom 15. bis
2304 545 3333 588 23.) im ganzen günſtig geſtaltet. Die Lombardanſprüche, die
2308 581 3329 630 ſonſt immer um dieſe Zeit nahezu unverändert blieben, ſeien
2309 623 3330 669 geſunken. Gleichzeitig ſeien die Wechſel geſtiegen. Dies könne
2306 656 3334 704 wohl mit den neuen Lombardbeſtimmungen zuſammenhängen,
2312 699 3342 744 doch ſei die Wirkung dieſer Maßnahmen noch nicht zu über⸗
2308 738 3332 783 ſehen. Jedenfalls müſſe man, um das zu können erſt dem
2308 778 3329 821 Ultimo abwarten. Zu einer Aenderung des Diskontſatzes liege
2309 817 3331 860 zur Zeit kein Anlaß vor. Im Laufe der letzten Woche waren
2311 852 3338 897 verſchiedentliche Goldimporte zu verzeichnen, die einen
2311 891 3335 937 Ueberſchuß der Einfuhr über die Ausfuhr von etwa 7˙3 Mil⸗
2309 931 3335 975 lionen Mark ergeben haben. Nach einem Zwiſchenſtatus vom
2308 971 3330 1013 27. d. hat ſich der Metallbeſtand um 8 (im Vorjahre um
2308 1008 3331 1052 38) Millionen Mark vermindert. Die Anlagen haben um
2310 1045 3344 1089 131 (gegen 236 im Vorjahre) Millionen Mark zugenommen,
2308 1084 3328 1131 ebenſo die fremden Gelder um 59 (gegen 136 im Vorjahre)
2309 1122 3332 1168 Millionen Mark. Die ſteuerfreie Notenreſerve ſtellte ſich auf
2308 1162 3332 1206 325 (im Vorjahre 160) Millionen Mark, ſo daß unter der
2306 1201 3336 1247 Berückſichtigung der bankgeſetzlichen Neubeſtimmungen eine
2309 1237 3331 1286 abſolute Beſſerung gegenüber dem Vorjahre um zirka 88 Mil⸗
2308 1285 2678 1323 lionen Mark reſultiert.
2387 1336 3334 1381 [Große Ultimoanſprüche bei der Oeſter⸗
2307 1377 3334 1420 reichiſch⸗ungariſchen Bank.] In der letzten General⸗
2309 1416 3333 1458 ratsſitzung hat der Generalſekretär der Bank Hofrat vom
2309 1454 3335 1494 Pranger bei der Beſprechung des Geldmarktes darauf hin⸗
2306 1494 3332 1534 wieſen, daß die Anſprüche des bevorſtehenden Ultimos der⸗
2310 1530 3331 1573 artige ſein dürften, daß im nächſten Bankausweis, wieder
2307 1571 3331 1612 ſteuerpflichtige Noten, und zwar im Betrage von etwa
2305 1603 3327 1649 150 Millionen Kronen, in Erſcheinung treten dürften. Tat⸗
2309 1646 3333 1690 ſächlich waren in den letzten Tagen die Einreichungen bei dem
2311 1685 3333 1727 Noteninſtitut ſehr bedeutend und heute wurden in Wien und
2300 1725 3328 1765 Budapeſt allein 80 Millionen Kronen Wechſel zum Eskompte
2307 1763 3328 1807 gebracht. Der Bankausweis vom 23. Juni hatte eine ſteuer⸗
2301 1797 3327 1843 freie Notenreſerve von rund 46 Millionen Kronen ausge⸗
2309 1839 3333 1883 wieſen, die nunmehr, wie der Generalſekretär angekündigt hat.
2309 1876 3333 1919 einem bedeutenden ſteuerpflichtigen Notenumlauf Platz machen
2310 1911 3333 1958 wird. In der letzten Woche des Juni 1910 hatte die Bank
2310 1951 3333 2000 einen ſteuerpflichtigen Banknotenumlauf von rund 19 Mil⸗
2304 1993 2547 2031 lionen Kronen.
2387 2045 3331 2092 [Die Differenzen im Maſchinenkartell]
2312 2085 3330 2133 Aus Prag wird uns telegraphiert: Heute waren Gerüchte
2310 2125 3329 2169 verbreitet, daß das Maſchinenkartell ſeiner Auflöſung entgegen⸗
2314 2164 3331 2209 gehe, da es nicht gelungen ſei, die aufgetauchten Schwierig⸗
2313 2203 3331 2246 keiten zu beſeitigen. Von informierter Seite erfahren wir über
2311 2242 3331 2287 den Stand dieſer Angelegenheit folgendes: Die Differenzen im
2313 2282 3331 2323 Maſchinenkartell ſind bis zum heutigen Tage nicht behoben
2310 2320 3329 2363 worden, worauf ſchon der Umſtand hindeutet, daß der
2310 2360 3330 2400 Vertreter der erſten Brünner Maſchinenfabrik den Sitzungen
2310 2396 3330 2440 der Zuteilungskommiſſion des Kartells fernbleibt. Die von der
2310 2435 3331 2479 Daniekſchen Maſchinenfabrik vor etwa zehn Tagen abgegebene
2307 2471 3330 2514 Erklärung in der Turbinenfrage wurde von der Erſten
2309 2510 3329 2556 Brünner Maſchinenfabriksgeſellſchaft dahin beantwortet, daß
2309 2551 3330 2594 ſie das Kartell für gebrochen erachte. Die Brünner Fabrik
2311 2590 3330 2632 verlangte, daß die Maſchinenbau⸗Aktiengeſellſchaft vormals
2305 2630 3330 2671 Breitfeld, Daniek & Comp. die erwähnte Erklärung zunächſt
2310 2668 3329 2711 zurückziehe, worauf erſt die Verhandlungen über die ſtrittigen
2309 2705 3330 2750 Fragen zu eröffnen wären. Aus der Antwort der Daniek⸗
2303 2744 3338 2789 ſchen Maſchinenfabriksgeſellſchaft — ſo wird erklärt — ging
2311 2787 3331 2827 aber nicht hervor, ob ſie die angefochtene Erklärung zurück⸗
2306 2821 3331 2865 zieht oder aufrechterhält. Die Brünn⸗Königsfelder Maſchinen⸗
2306 2859 3329 2900 fabrik ſucht nun, zwiſchen den beiden genannten Firmen ver⸗
2309 2902 3330 2942 mittelnd einzugreifen und die beſtehenden Gegenſätze zu be⸗
2309 2941 3330 2982 ſeitigen. Ob ihr dies gelingen wird, läßt ſich nicht voraus⸗
2310 2976 3335 3017 ſagen. Bis ſich die Meinungen in der angedeuteten Richtung
2303 3012 3330 3057 geklärt haben werden, dürfte eine Beratung erfolgen oder
2310 3055 3344 3098 eine Plenarverſammlung des Kartells einberufen werden, was
2310 3096 3043 3137 wohl in der nächſten Woche geſchehen wird.
2387 3148 3331 3189 [Neuerliche Zunahme der paſſiven
2308 3185 3332 3231 Handelsbilanz.] Die Handelsbilanz der Monarchie
2312 3225 3332 3264 hat im Monate Mai eine weitere Verſchlechterung erfahren.
2309 3264 3330 3306 In dieſem Monate bezifferte ſich die Einfuhr auf 281 Mil⸗
2308 3302 3333 3343 lionen Kronen, was gegenüber der korreſpondierenden Periode
2308 3341 3329 3383 des Vorjahres eine Zunahme um 46 Millionen Kronen be⸗
2308 3379 3331 3421 deutet. Die Steigerung der Ausfuhr iſt weſentlich geringer
2309 3418 3331 3458 geweſen und betrug bloß 3 Millionen Kronen, ſo daß die
2307 3456 3329 3496 Geſamtausfuhr in dieſem Monate 198 Millionen Kronen
2315 3493 3332 3535 umfaßt. Die Handelsbilanz für die Monate Januar bis ein⸗
2316 3533 3333 3575 ſchließlich Mai weiſt ſomit ein Paſſivum von 340 Millionen
2306 3568 3330 3614 Kronen auf, während ſie in der gleichen Periode des Jahres
2309 3611 3330 3654 1910 mit einem ſolchen von 263 Millionen Kronen abge⸗
2305 3649 3329 3693 lchloſſen hat. Die Verſchlechterung der Handelsbilanz iſt auf
2306 3688 3330 3732 die ſtarke Zunahme der Einfuhr zurückzuführen, der eine nur
2302 3725 3334 3770 ganz geringe Vermehrung des Exportes gegenüberſteht. Eine
2307 3766 3332 3808 Steigerung wies die Einfuhr von Fellen und Häuten um
2306 3805 3330 3849 10 Millionen, von Schlacht⸗ und Zugvieh um 9 Millionen
2304 3844 3333 3884 Kronen auf. Der Import von Kolonialwaren, im Betrage
2309 3882 3330 3925 von 36 Millionen Kronen erfuhr eine Wertſteigerung um
2306 3924 3336 3962 7·7 Millionen Kronen bei einem gleichzeitigen Mengenrück⸗
2309 3955 3333 4000 gang um 13.130 Meterzentner, was auf die weſentliche Er⸗
2315 3998 3334 4039 höhung der Kaffeepreiſe zurückzuführen iſt. Der Getreide⸗Import
2306 4037 3328 4077 hat in den erſten fünf Monaten einen Rückgang um rund
2307 4071 3330 4115 35 Millionen Kronen aufzuweiſen. Die Mehrzahl der
2308 4114 3334 4158 wichtigeren Induſtrieartikel gelangte in größeren Mengen zur
2309 4149 3337 4197 Einfuhr. Bei der Ausfuhr iſt in erſter Linie der bedeutende
2308 4189 3333 4232 Rückgang des Exportes von Schlacht⸗ und Zugvieh um
2308 4228 3333 4272 21 Millionen Kronen zu erwähnen. Bemerkenswert iſt ferner
2308 4268 3333 4309 die Abnahme der Zuckerausfuhr um 13 Millionen Kronen,
2309 4304 3332 4347 die aber nicht durch einen Rückgang der Exportmengen,
2308 4340 3332 4386 ſondern durch das Sinken der Zuckerpreiſe zu erklären iſt.
2308 4383 3335 4423 Nach den vom Handelsminiſterium veröffentlichten ſtatiſtiſchen
2310 4419 3335 4462 Ausweiſen über den Zwiſchenhandel beziffert ſich im
2309 4458 3333 4504 Monate Mai die Einfuhr aus Ungarn auf 93·4 Millionen
2307 4496 3334 4542 Kronen, die Ausfuhr nach Ungarn auf 121 Millionen
2308 4532 3334 4581 Kronen. Die proviſoriſche Handelsbilanz für die erſten fünf
2308 4571 3336 4617 Monate ergibt ſomit für Oeſterreich ein Aktivum von
2309 4609 3332 4659 124·5 Millionen Kronen, gegenüber einem, ſolchen von rund
2308 4650 3333 4695 97 Millionen Kronen in der gleichen Periode des Vorjahres.
2388 4710 3333 4755 [Rückgang der Eiſenpreiſe.] Aus Düſſel⸗
2313 4749 3334 4793 dorf wird uns telegraphiert: Auf dem deutſchen Eiſenmarkte
2312 4788 3333 4831 ſind unter dem Einfluſſe der ungünſtigen Marktverhältniſſe
2311 4827 3333 4868 weitere Preisreduzierungen eingetreten. So wurde der Preis
2312 4863 3332 4909 für Flußſtabeiſen von 100 bis 105 Mark auf 98 bis 103
2315 4904 3333 4946 Mark reduziert und für Grobbleche von 122 bis 124 Mark
2313 4947 2823 4987 auf 120 bis 124 Mark gekürzt.
2388 4998 3336 5041 [Antrag auf Verlegung des Ultimo⸗
2311 5036 3334 5079 termins in Berlin.] Aus Berlin wird uns telegra⸗
2311 5078 3335 5119 phiert: Morgen vormittags wird die Stempelvereinigung zu
2312 5116 3332 5158 dem Antrag des Vereines für die Intereſſen der Fondsbörſe,
2310 5155 3340 5201 betreffend die Verlegung der Ultimozahltage, Stellung nehmen
