3488 5372
162 192 373 241 Nr. 16830
696 198 975 246 Wien, Samstag
1415 198 2017 248 Neue Freie Presse.
2452 201 2709 251 1. Juli 1911
3115 205 3261 247 Seite 5
222 280 1053 330 Touriſtenunglück in der Hohen Tatra.
364 331 897 365 (Telegramm der „Neuen Freien Preſſe“.)
197 367 1146 412 Lemberg, 1. Juli. Zwei Touriſten, Jenne und Ludwig
118 407 1147 448 Koziczynski, die von Oberſchleſien aus einen Ausflug in
119 446 1146 489 die Hohe Tatra unternommen haben, ſind von der Scharfen
117 485 1145 529 Rohaczſpitze, welche ſie aneinandergeſeilt beſtiegen, abgeſtürzt.
118 524 1146 567 Von der Rettungsexpedition wurde Koziczynski mit zertrümmerter
119 562 1087 611 Schädeldecke tot aufgefunden. Nach Jenne wird noch geſucht.
197 638 1068 686 Das militäriſche Flugweſen in Rußland.
206 689 1146 736 Petersburg, 30. Juni. Der Miniſterrat beſchloß,
118 733 1146 776 für die Fliegerabteilung der Armee einen Kredit
118 776 1145 822 von 277.188 Rubeln für 1912 zu fordern. Im Jahre
117 818 1031 863 1912 ſollen acht ſolche Abteilungen gebildet werden.
308 898 954 946 Staatseinnahmen in England.
200 951 1144 997 London, 30. Juni. Die Staatseinnahmen
114 995 1137 1042 betrugen im vergangenen Vierteljahre 38,808.673 Pfund
117 1040 1141 1084 Sterling, um 18,574.504 Pfund Sterling weniger als im
114 1083 1141 1127 gleichen Zeitraume des Vorjahres. Der Unterſchied iſt
116 1128 1143 1170 hauptſächlich zurückzuführen auf die Steigerung der Staats⸗
117 1171 1143 1215 einnahmen im zweiten Quartal 1910 durch Einhebung
118 1215 1143 1258 der Steuern, die im vorhergehenden Jahre infolge der
114 1259 1140 1302 Nichtbewilligung des Budgets durch das Oberhaus nicht
103 1303 575 1348 eingehoben worden waren.
265 1380 985 1423 Zollunterſchlagungen in Amerika.
185 1430 1146 1468 Newyork, 1. Juli. Zollbeamte durchſuchten die Nieder⸗
117 1468 1144 1508 lage der Firma Karl Weinſchecker & Comp. und be⸗
114 1509 1141 1547 ſchlagnahmten Pelze im Werte von 150.000 Dollars unter
115 1547 1140 1586 der Anſchuldigung, daß zwei Mitglieder der Firma, Jakob
114 1587 1143 1625 Weinſchecker und Max Tamarkin, deren Haupt⸗
114 1624 1141 1666 geſchäft in Leipzig iſt, zu geringe Wertangaben gemacht hätten.
281 1703 988 1754 Wiener Börſe vom 1. Juli.
200 1763 1138 1799 Die allgemeine Luſtloſigkeit, die im Hinblick auf die Unſicherheit
117 1799 1138 1836 über die weitere Entwicklung der parlamentariſchen Lage und mit
116 1834 1136 1869 Rückſicht auf die Bedenken über die Situation in Albanien bereits
114 1869 1138 1906 im geſtrigen Verkehre vorgeherrſcht hatte, hat ſich an der heutigen
114 1903 1137 1940 Vorbörſe noch empfindlicher akzentuiert, da der ſtarke Geld⸗
115 1939 1136 1975 bedarf bei der Oeſterreichiſch⸗ungariſchen Bank und die neuerliche
114 1974 1136 2009 Verſchlechterung der Handelsbilanz die beſtehende Reſerve ver⸗
114 2006 1136 2045 ſchärften und auch die unbefriedigenderen Berichte von den Aus⸗
114 2044 1140 2083 landsplätzen zur Zurückhaltung beitrugen. Allerdings hat das Kurs⸗
113 2080 1135 2116 niveau nach den geſtrigen Abſchwächungen wieder eine größere
111 2115 1136 2153 Widerſtandsfähigkeit gegenüber dem drückenden Einfluſſe der
111 2150 1136 2185 Geſchäftsſtille bekundet, und die leitenden Couliſſepapiere blieben, da
112 2185 1135 2221 ſich auch die Abgaben des Budapeſter Platzes nicht wieder
112 2221 1134 2256 erneuerten, zunächſt relativ behauptet. Nur Alpine Montanaktien, auf
111 2255 1135 2292 welch die weiteren Ermäßigungen der deutſchen Eiſenpreiſe ein⸗
101 2292 1135 2327 wirkten, hatten unter Realiſationen zu leiden. Da aber ſchließlich
111 2326 1134 2361 auch Kreditaktien und Staatsbahnaktien, bei welch letzteren der rech⸗
110 2360 1133 2398 nungsmäßige Couponabſchlag von 8 K. 39 H. erfolgte, infolge der
110 2397 1134 2432 andauernden Geſchäftsloſigkeit einem Abbröckelungsprozeſſe unter⸗
110 2432 1132 2468 lagen, vollzog ſich das Ende der Vorbörſe bei ununterbrochen ſehr
109 2467 1132 2503 luſtloſem Verkehre in durchwegs ſchwächerer Haltung. Südbahnwerte
101 2503 1133 2538 lagen gleichfalls ruhig, wobei Lombarden der matteren Richtung zu⸗
108 2536 1132 2573 neigten, während dreiprozentige Südbahnprioritäten ohne weſentliche
107 2572 1132 2606 Veränderung blieben. Schrankenwerte blieben von der unfreund⸗
101 2607 1130 2643 licheren Geſamttendenz bei allerdings geringen Umſätzen abermals
108 2641 1131 2676 unberührt und einzelne derſelben, wie Buſchtiehrader Aktien Lit. B,
108 2677 1136 2714 Ungariſche Allgemeine Kohlenaktien und die Aktien der Simmeringer
108 2711 1132 2747 Maſchinenfabrik wieſen Beſſerungen auf. Renten und Valuten waren
100 2748 251 2784 umſatzlos.
191 2781 1134 2815 Es notierten: Kreditaktien 657.75 bis 657, Ungariſche
102 2816 1131 2853 Kreditbank 831.50, Anglobank 323.50, Unionbank 626.50 bis 625,
100 2849 1133 2886 Bankverein 548 bis 548.90, Länderbank 532.25 bis 531.60,
99 2884 1132 2920 Staatsbahn 751 bis 749.50 (ex Couponabſchlag 8 K. 39 H.),
99 2919 1136 2955 Lombarden 123.50 bis 122.75, Buſchtiehrader Lit. B 1019 bis
99 2954 1135 2989 1019.50, Dampfſchiff 1157 bis 1158, Alpine 811.75 bis 810.
99 2989 1134 3024 Rima 677.50 bis 678, Berg⸗ und Hüttenwerke 973, Skoda 652.50
99 3023 1132 3059 bis 651, Poldi⸗Hütte 628 bis 628.50, Ungariſche allgemeine
99 3057 1131 3094 Kohlen 764, Salgo⸗Kohlen 673, Brünner Maſchinenfabrik 614
102 3092 1133 3130 (ex Couponabſchlag 24 K.), Siglſche Lokomotivfabrik 324.50,
99 3127 1129 3163 Simmeringer 385 bis 386, Waffenfabrik 760.50, Karpathen 783,
99 3162 1131 3197 Wiener Waggonleih 183, A. E. G. Union⸗Elektrizitätsgeſellſchaft
99 3196 1131 3232 609. Clotilde 293, Weſtböhmiſche Caolin 680.75 bis 681, Elbemühl
98 3229 1126 3265 245.50, Unionbaumaterialien 267, Holzhandelsgeſellſchaft 251, Jung⸗
99 3265 1126 3304 bunzlauer Spiritus 520 bis 523, dreiprozentige Südbahnprioritäten
99 3302 389 3339 278.75 bis 279.50.
187 3334 1132 3369 Um 11 Uhr blieben: Kreditaktien 657, Ungariſche Kredit⸗
98 3370 1130 3408 bank 801.50, Staatsbahn 750, Lombarden 122.75, Alpine 810.75,
99 3403 1087 3440 Rima 677.75, Skoda 652, Türkenloſe 248.25, Marknoten 117.55.
190 3439 1132 3475 Die Mittagsbörſe eröffnete bei andauernd luſtloſem Ver⸗
102 3473 1131 3512 kehr mit wenig veränderten Kurſen. Um 12 Uhr 45 Minuten
102 3508 1130 3544 notierten: Kreditaktien 657.25, Ungariſche Kreditbank 831.50,
99 3543 1128 3581 Länderbank 531.75, Unionbank 625, Anglobank 323.50, Bankverein
102 3578 1131 3616 548.25, Staatsbahn 750.25, Lombarden 123.25, Alpine Montan⸗
102 3612 1128 3649 aktien 810.50, Rima⸗Muranyer 677.50, Mai⸗Rente 92.20, unga⸗
102 3647 1129 3684 riſche Kronenrente 91.15, Türkenloſe 248.50, Marknoten 117.55,
98 3684 370 3719 Skoda⸗Aktien 652.
188 3715 1134 3755 Im weiteren Verlaufe erfuhren Kreditaktien infolge Buda⸗
104 3751 1127 3789 peſter Abgaben eine Abſchwächung. Der übrige Markt blieb ruhig.
101 3787 898 3827 Berlin meldete mattere Tendenz ſeiner Montanwerte.
179 3830 1124 3867 Kurſe der Wiener Börſe um 1 Uhr 15 Minuten:
101 3868 1129 3906 Kreditaktien 656.—, Ungariſche Kreditbank 832.—, Anglobank
101 3907 1136 3948 323.50, Bankverein 548.25, Bodenkreditanſtalt 1302, Länder⸗
101 3946 1127 3986 bank 531.75, Unionbank 625.—, Ungariſche Hypothekenbank
103 3985 1135 4025 488.—, Staatsbahn 750.—, Lombarden 123.—, Buſchtie⸗
99 4025 1126 4066 hrader Lit. B 1018.—, Dampfſchiffahrtsaktien 1157.—, Alpine
101 4063 1126 4103 Montan 810.25, Prager Eiſeninduſtrie —.—, Rima⸗Muxanyer
101 4101 1134 4143 677.50, Brüxer Kohlenaktien —.—, ruſſiſche Rente 104.—,
101 4141 1126 4181 Türkenloſe 248.50, Skoda⸗Aktien 652.—, dreiprozentige Süd⸗
97 4183 467 4223 bahnprioritäten 279.25.
178 4229 1125 4269 Kurſe der Wiener Börſe um 1 Uhr 45 Minuten:
102 4269 1125 4307 Kreditaktien 656.—, Ungariſche Kreditbank 832.—, Anglo⸗
97 4307 1123 4347 bank 323.50, Unionbank 625.50, Länderbank 531 75, Bankverein
98 4346 1125 4386 548.25, Staatsbahn 749.75, Lombarden 123.—, Prager
101 4387 1124 4424 Eiſeninduſtrie 2710, Alpine Montan 810.50, Mai⸗Rente 92.20,
102 4424 1125 4466 öſterreichiſche Goldrente 116.20, öſterreichiſche Kronenrente
102 4464 1125 4504 92.10, ungariſche Goldrente 111.25, ungariſche Kronenrente
103 4503 1124 4543 91.15, Türkenloſe 248.50, Reichsmark 117.55, London 240.25,
106 4541 1124 4582 Paris 94.95, Zwanzigfrancsſtücke 19.—, Rubel 2.54,
105 4580 753 4622 Skoda⸗Aktien 650.—. Andauernd luſtlos.
179 4628 1126 4670 Schluß der Wiener Börſe um 2 Uhr — Minuten:
102 4670 1125 4707 Kreditaktien 656.—, Ungariſche Kreditbank 832.—, Anglobank
100 4707 1125 4747 323.50, Unionbank 625.50, Länderbank 531.50, Bankverein
99 4747 1125 4787 548.25, Niederöſterreichiſche Eskomptegeſellſchaft 775.—, Unga⸗
99 4784 1126 4827 riſche Hypothekenbank 488.—, Staatsbahn 749.75, Lom⸗
100 4822 1126 4865 barden 123.—, Buſchtiehrader Bahn Lit. B 1020, Ferdi⸗
99 4865 1126 4905 nands ⸗ Nordbahn 5080.—, Dampfſchiffahrtsaktien 1160.—,
99 4904 1126 4943 Lloyd 580.50, Alpine Montangeſellſchaft 810.25, Rima⸗
99 4942 1127 4982 Muranyer 677.50, Prager Eiſeninduſtrie 2710.—, Brüxer
100 4982 1126 5022 Kohlen 768.—, Salgo⸗Tarjaner Kohlen 671.50, Weſtböhmiſche
102 5021 1127 5060 Kohlen 683.—, Ungariſche Allgemeine Kohlen 765.—, Skoda⸗
101 5059 1126 5099 Aktien 650.—, Karpathen⸗Petroleum 784.—, Mai⸗Rente 92.20,
103 5095 1126 5140 öſterreichiſche Kronenrente 92.10, ungariſche Kronenrente 91.15,
102 5137 1128 5180 dreiprozentige Südbahnprioritäten 279.25, ruſſiſche Rente
95 5178 1134 5222 104.—, Türkenloſe 248.50. Reichsmark 117.55, Depoſitenbank
1187 285 2208 326 531.—, Orientbahnen 717.—. Unverändert ſchwächer. Budapeſt
1189 324 2212 364 andauernd luſtlos. Paris ſchwächer. Rio 1765, Debeers 471.—.
1438 396 1959 435 Die heutigen Kurſe in Berlin.
1437 441 1975 473 (Telegramm der „Neuen Freien Preſſe“.)
1893 479 2191 514 Berlin, 1. Juli.
1259 519 2217 564 Die neuerlichen Eiſenpreisermäßigungen und die Schwierig⸗
1194 559 2212 601 keiten im Roheiſenverbande gaben zu weiteren Realiſationen
1192 598 2210 641 in den Montanwerten Anlaß. Hingegen bewahrte der übrige
1191 638 2216 678 Markt eine feſtere Haltung und ſpeziell Elektrizitätswerte be⸗
1190 677 2209 716 gegneten neuerlicher Nachfrage. Es notierten: Laura⸗Hütte
1191 715 2210 756 175.50, Bochumer 236.62, Gelſenkirchener 198.75, Harpener
1192 755 2207 796 187.25, Phönix 247.87, Deutſche Bank 266, Ediſon 277.25,
1188 794 1839 835 Siemens 253.75, Straßenbahn 203.25.
1546 879 1849 925 Wien, 1. Juli.
1270 940 2212 979 [Internationale Ernteſchätzungen.] Aus
1191 979 2210 1020 Rom wird telegraphiert: Das Internationale wirtſchaftliche
1192 1021 2208 1059 Inſtitut veröffentlicht heute folgende Einheitsziffern in Pro⸗
1191 1060 2209 1099 zenten über die Ernteflächen im Vergleiche zum Vor⸗
1190 1100 2207 1139 jahre: Frankreich: Weizen 95˙9, Roggen 90˙8, Gerſte 103˙7
1191 1139 2208 1179 und Hafer 101˙9 Prozent; Kanada: Weizen 113, Hafer
1193 1178 2208 1218 104˙2 Prozent. Der Saatenſtand iſt in Frankreich be⸗
1191 1218 2208 1259 friedigend, in Ungarn mittelmäßig und in Italien, den
1191 1258 2208 1298 Niederlanden, Schweden und Serbien gut. Die Weizen⸗
1190 1297 2207 1336 produktion der Vereinigten Staaten wird auf 109˙9 Prozent,
1190 1337 2214 1376 die Gerſtenernte auf 108 Prozent und das Hafererträgnis
1191 1375 1651 1417 auf 86˙7 Prozent geſchätzt.
1263 1425 2207 1465 [Der Saatenſtand in Amerika.] Man tele⸗
1187 1465 2206 1504 graphiert uns aus Newyork: Nach dem offiziellen Be⸗
1185 1504 2211 1542 richte des Staates Oklahoma beträgt der Durchſchnittsſtand
1182 1542 2214 1581 von Winterweizen 45 Prozent, das Durchſchnittserträg⸗
1183 1581 2203 1622 nis per Acre 8˙6 Prozent. Der Statiſtiker Snow ſchätzt den
1185 1620 2204 1660 Durchſchnittsſtand des Winterweizens in Oklahoma auf 50˙9
1184 1658 2202 1698 Prozent. Nach dem offiziellen Berichte des Staates Oklahoma
1186 1698 2204 1738 beträgt der Durchſchnittsſtand von Baumwolle 78˙9
1186 1736 2211 1776 Prozent. Miß Giles (Newyork) ſchätzt den Durchſchnittsſtand
1185 1777 1742 1817 von Baumwolle auf 89 Prozent.
1258 1820 2207 1861 [Neue Aktiengeſellſchaften.] Das Miniſterium
1186 1861 2208 1900 des Innern hat im Einvernehmen mit dem Handels⸗
1184 1899 2209 1939 miniſterium der Zivnoſtenska Banka in Prag im Vereine mit
1185 1939 2201 1980 der Firma Novak & Jahn in Prag VII die Bewilligung
1183 1977 2203 2017 zur Errichtung einer Aktiengeſellſchaft unter der Firma
1185 2019 2207 2056 „Novak & Jahn, Maſchinenfabrik, Aktiengeſellſchaft in Prag“,
1184 2055 2200 2094 mit dem Sitze in Prag erteilt und deren Statuten genehmigt.
1182 2093 2202 2136 Das Aktienkapital beträgt 2 Millionen Kronen, zerlegt in
1181 2134 2199 2173 5000 Stück Aktien von 400 K. Nominale. Hievon wurde eine
1182 2172 2198 2213 Million Kronen bar und der Reſt in Apports eingebracht.
1181 2210 2202 2253 Das Kapital iſt ohne beſondere ſtatliche Genehmigung auf
1181 2251 2202 2292 5 Millionen Kronen erhöhbar. — Das Miniſterium des
1180 2291 2201 2330 Innern hat ferner im Einvernehmen mit den Miniſterien für
1181 2329 2200 2369 öffentliche Arbeiten, der Eiſenbahnen, der Finanzen, des
1178 2368 2198 2408 Handels und der Juſtiz der Firma „Sokolnicki & Wisniewski,
1184 2407 2202 2447 Elektrotechniſche Fabrik und Inſtallationsanſtalt in Lemberg,“
1181 2446 2198 2487 im Vereine mit der Induſtriebank für Galizien in Lemberg
1181 2485 2201 2525 und der Oeſterreichiſchen Brown⸗Boveri⸗Werke A. G. in Wien
1181 2523 2200 2565 die Bewilligung zur Errichtung einer Aktiengeſellſchaft unter
1180 2563 2201 2605 der Firma „Elektrizitäts⸗Aktiengeſellſchaft vormals Sokolnicki &
1180 2603 2200 2642 Wisniewski“ mit dem Sitze im Lemaerg erteilt und deren
1179 2641 2198 2679 Statuten genehmigt. Das Aktienkapital beträgt 600.000 K.
1178 2678 2197 2719 in 3000 Stück Aktien von 200 K. Nominale und iſt auf
1179 2719 2198 2759 1˙2 Millionen Kronen erhöhbar. Die Geſellſchaft erwirbt die
1179 2757 2205 2798 elektrotechniſche Fabrik der Firma Sokolnicki & Wisniewski
1176 2797 1370 2837 in Lemberg.
1250 2842 2206 2885 [Harpener Bergbaugeſellſchaft.] Aus Dort⸗
1178 2884 2197 2925 mund wird telegraphiert: Die Harpener Bergbau⸗Aktien⸗
1179 2923 2197 2963 geſellſchaft teilt mit, daß nach dem Ergebniſſe des abge⸗
1178 2962 2196 3002 laufenen Geſchäftsjahres die Dividende auf 8 Prozent zu
1177 3001 1483 3040 ſchätzen ſein dürfte.
1258 3056 2195 3089 [Allgemeine Penſionsanſtalt für Ange⸗
1173 3089 2199 3127 ſtellte!] Am 28. d. fand unter dem Vorſitze des Präſidenten Leo⸗
1173 3125 2196 3163 pold Grafen Auersperg die dritte ordentliche Generalverſamm⸗
1175 3160 2198 3197 lung der Allgemeinen Penſionsanſtalt für Angeſtellte ſtatt, bei der
1176 3194 2199 3231 der Rechenſchaftsbericht über die zweite Gebarungsperiode vom
1172 3229 2196 3267 1. Januar bis 31. Dezember 1910 und anderes in Verhandlung
1170 3263 2195 3301 ſtand. An Prämien wurden 21,271.250 K. vorgeſchrieben, an
1173 3295 2199 3336 Prämienreſerveanteilen für den Einkauf von Dienſtjahren wurden
1171 3332 2193 3370 infolge Uebertrittes aus einem Erſatzinſtitut 245.570 K. eingezahlt.
1172 3367 2193 3404 Das Erträgnis der Kapitalsanlage belief ſich auf 747.880 K., das
1171 3401 2195 3439 iſt eine durchſchnittliche Verzinſung von 4·35 Prozent der geſamten
1174 3436 2197 3473 Kapitalien. Die Auszahlungen für Invaliden⸗ und Witwenpenſionen,
1173 3469 2197 3508 für Erziehungsbeiträge und Abfertigungen beliefen ſich auf 364.936
1169 3505 2194 3542 Kronen, jene für Prämien⸗ und Reſerverückerſtattungen auf 289.775
1170 3539 2195 3577 Kronen; im ganzen wurden während der zwei Jahre des Beſtandes
1171 3574 2193 3611 der Anſtalt den Verſicherten 901.355 K. ausbezahlt. Außerdem
1169 3610 2194 3646 mußten für ſchwebende Schäden, Rückerſtattungen und liquide Pen⸗
1168 3644 2192 3680 ſionen 144.209 K. reſerviert werden; die Prämienreſerve ſtieg von
1171 3678 2195 3716 16,504.594 K. auf 34,886.343 K., wozu noch ein Sicherheitsfonds
1170 3711 2200 3749 zur Dotierung dieſer Reſerve für im Laufe der Wartezeit zu ge⸗
1169 3747 2194 3783 wärtigenden Gehaltsſteigerungen von 945.677 K. kommt. Die Ver⸗
1168 3782 2197 3821 waltungskoſten beliefen ſich auf 1,093.729 K. oder 5·14 Prozent der
1170 3817 2196 3853 vorgeſchriebenen Prämien. Das Berichtsjahr ſchloß mit einem
1169 3852 2192 3888 Ueberſchuß von 239.730 K. Die Generalverſammlung nahm den
1171 3886 2194 3921 Bericht des Vorſtandes zur Kenntnis und erteilte ihm und dem
1170 3919 2193 3958 Verwaltungsausſchuſſe einſtimmig die Entlaſtung. Schließlich ſei noch
1172 3956 2195 3991 darauf hingewieſen, daß ſich die Anſtaltsleitung im abgelaufenen
1171 3989 2194 4028 Jahre eingehend mit der Frage der Novellierung des Penſions⸗
1169 4024 2199 4063 verſicherungsgeſetzes befaßte und die Reſultate der Studien ver⸗
1170 4060 1321 4093 öffentlichte.
1259 4101 2192 4138 [Inſolvenzen.] Der Wiener Kreditorenverein meldet die
1175 4139 2192 4176 folgenden Fallimente: Angela Krahl, Modiſtin in Teplitz, Bahn⸗
1174 4175 2193 4211 hofſtraße 23; Waſſerlueger Holzpappenfabrik Alfred Feldmann
1176 4208 2192 4244 in Kleinzell bei Hainfeld; Jonas Singer, nichtprotokollierter
1175 4244 2193 4279 Modewarenhändler in Przemysl; Ehrler & Kouba, Firma in
1175 4279 2192 4315 Prag⸗Smichow; Maximilian Zecchi in Rovigno; Michael Hoff⸗
1176 4315 2192 4351 mann & Markus Scherer, Firma in Krakau, Florianigaſſe 32;
1175 4350 2190 4388 Joſefine Doppelmayer, Modiſtin in, Graz, Sporgaſſe 8;
1174 4386 2205 4424 Hugo Friedrich Schatten, Maſchinenfabrikant in Nieder⸗Hanichen;
1177 4421 1905 4459 Franz Kilian, Handelsmann in Hwozdan 11.
1430 4509 1932 4564 Warenberichte.
1248 4575 2198 4616 Wien, 1. Juli. [Orig.⸗Ber.] (Spiritus.)
1168 4615 2194 4656 Bei fortgeſetztem Mangel an Ausgebot und Nachfrage notiert
1168 4655 2192 4695 prompter Kontingentſpiritus in gleicher Höhe mit dem Schluſſe
1169 4694 2198 4734 der Vorwoche K. 50 bis K. 50.50; dagegen herrſcht für Triplo⸗
1170 4733 2195 4773 und denaturierten Spiritus lebhafte Nachfrage, welcher nur
1169 4772 2197 4812 geringes Ausgebot gegenüberſteht. Die Durchſchnittspreiſe der
1167 4812 2190 4851 Woche ſind: Für Frucht⸗ und Kartoffelſpiritus K. 50 bis
1174 4852 2196 4889 K. 50.50, ferner caiſſonsweiſe für Triplo K. 144 bis K. 144.50.
1176 4889 2198 4930 für denaturierten Spiritus K. 39.50 bis K. 40, faßweiſe um
1170 4930 2109 4968 K. 3 bis K. 4, beziehungsweiſe um K. 2 bis K. 3 höher.
1248 4976 2194 5014 — (Börſe für landwirtſchaftliche Pro⸗
1177 5017 2194 5057 dukte.) An der heutigen Wochenbörſe behält die Tendenz
1175 5056 2191 5096 ihren luſtloſen und matten Charakter, denn das anhaltend
1175 5096 2193 5135 gute Erntewetter hält die Kaufluſt unter Druck. Verkäufer
1180 5136 2198 5174 ſind entſchieden abgabswilliger, die Anerbietungen in Unter⸗
1177 5175 2199 5213 länder⸗Weizen beſſer als ſonſt. Soweit es ſich vorerſt eruieren
2264 282 3285 324 läßt, iſt Weizen um 30 bis 35 H., Roggen um 10 H.
2269 323 3291 364 billiger als vor acht Tagen, während Prompthafer ziemlich
2267 362 3291 405 unverändert iſt. Mais ſpricht ſich feſter aus, doch reſultiert
2267 404 3132 445 noch immer ein Wochenrückgang von 10 bis 15 H.
2315 483 3235 535 Telegramme der „Neuen Freien Preſſe“.
2665 546 2891 584 Baumwolle.
2333 590 3289 631 Liverpool, 30. Juni. Aegyptiſche Baumwolle (Fully
2261 628 3289 670 Good Fair) per Juli 10·06 d., per November 10·05 d., per
2259 669 2854 707 Januar 10·01 d. Umſatz 300 Ballen.
2673 710 2887 754 Fettwaren.
2328 757 3284 799 London, 30. Juni. Butter ruhig, däniſche 115 sh. bis
2259 798 3284 840 116 sh., Friesland Dairies 110 sh. bis 12 sh. Schmalz ruhig,
2258 838 3285 878 amerikaniſches loko 42 sh. 9 d., prompte Abladung 43 sh. 9 d.,
2258 877 3288 917 raffiniertes Londoner Baumwollöl in Fäſſern loko 28 sh. 6 d.,
2258 915 3312 956 Londoner helles Leinöl 40 sh. 6 d., Talg ruhig, auſtraliſcher Mutton
2257 955 3284 994 Dull 31 sh. bis 33 sh., auſtraliſcher Mutton Good
2256 994 3301 1034 35 sh. bis 36 sh., auſtraliſcher Beef Dull. 29 sh. 6 d.
2258 1032 3289 1072 bis 31 sh. 6 d., auſtraliſcher Beef Good 33 sh. 6 d. bis
2260 1071 2453 1110 34 sh. 6 d.
2330 1119 3283 1159 Liverpool, 30. Juni. Schmalz, amerikaniſches Prime
2261 1158 3282 1199 Weſtern Steam loko 41 sh. 6 d. bis 42 sh., raffiniertes Liver,
2257 1197 3280 1235 pooler Baumwollöl Lokopreis 28 sh. 9 d., Palmöl, Lagos, tranſit
2255 1234 3283 1278 30 Pfd. St. 15 sh., Bonny old Calabar Cameroon 30 Pfd. St.
2260 1275 2862 1314 5 sh., Accra Addah 29 Pfd. St. 5 d.
2679 1320 2850 1357 Getreide,
2327 1366 3278 1407 Budapeſt, 1. Juli. Effektiver Weizen bei einigen
2252 1404 3278 1445 tauſend Meterzentnern Umſatz um 5 H billiger. Oktober⸗
2254 1445 3279 1485 Weizen K. 11.63, Oktober⸗Roggen K. 9.33, Oktober⸗Hafer
2252 1483 3279 1523 K. 8.01, Juli⸗Mais K. 7.28, Auguſt⸗Mais K. 7.44. Mai⸗
2251 1522 3279 1563 Mais K. 6.68. Roggen und Mais feſt, übriges behauptet.
2252 1562 3009 1602 Gekündigt wurden 87.000 Meterzentner Mais.
2334 1609 3283 1648 Berlin, 1. Juli. Weizen ruhig, per Juli 208.50,
2252 1647 3282 1689 per September 198.75, per Oktober 198.75 Mark. Roggen
2251 1687 3283 1727 ruhig, per Juli 171.50, per September 167 ½ per Oktober
2256 1724 2713 1765 167 ½ Mark. Regendrohend.
2705 1762 2841 1804 Kaffee.
2327 1809 3280 1848 Trieſt, 1. Juli. (Eröffnung.) Santos Good
2252 1846 3276 1888 Average feſt, per September K. 69.25, per Dezember K. 68.75,
2251 1885 3278 1926 per März K. 68.75, per Mai K. 68.75. — Rio Good
2249 1926 3288 1968 feſt, per September K. —.—, per Dezember K. 68.25, per
2250 1964 2837 2005 März K. 68.25, per Mai K. 68.25.
2326 2013 3287 2056 Hamburg, 1. Juli. Per September 57, per Dezember
2248 2051 3280 2096 56, per März 55 ¾, per Mai 55 ¾, Wert in Pfennigen per
2244 2091 2375 2130 Pfund.
2675 2126 2865 2170 Schweine.
2318 2174 3289 2214 Chicago, 30. Juni. Leichte Schweine notierten Dollars
2250 2213 3268 2258 6.20 bis Dollars 6.65, ſchwere Dollars 6.15 bis Dollars 6.62 ½.
2694 2263 2835 2301 Zucker.
2324 2305 3290 2345 Wien, 1. Juli. (Mitgeteilt von Friedrich Schönau in
2249 2345 3288 2387 Wien.) Der Markt hat ſich heute etwas ruhiger geſtaltet, und
2249 2384 3274 2426 gaben die Kurſe für neue Ernte 5 Pfennige bis 7 ½ Pfennige
2249 2425 3290 2464 ab, während ſich prompter Zucker auf ſeinem früheren Kurs⸗
2248 2463 3274 2505 niveau behaupten konnte. Dem Lichtſchen Bericht zufolge war
2248 2502 3273 2543 das Wetter in der abgelaufenen Woche im allgemeinen günſtig.
2247 2540 3272 2583 Der Durchſchnittsſtand der Felder iſt ein befriedigender, doch
2248 2579 3274 2622 wäre Regen nötig. Das Blatt iſt gegenüber dem Vorjahre um
2247 2618 3274 2660 zwei bis drei Wochen, die Wurzel um zirka acht Tage in der
2247 2658 3307 2700 Entwicklung zurück. Geſtern fand die Freigabe für den inländiſchen
2244 2697 3272 2739 Konſum pro Juli ſtatt, und zwar wurde 5 Prozent zu 50 H.
2244 2736 3288 2777 erhöhten Notierungen freigegeben. Trotz des höheren Verkaufs⸗
2246 2774 3270 2816 preiſes bleibt die Nachfrage eine recht befriedigende. Man
2244 2817 3266 2856 notiert derzeit K. 77.50 für Prima⸗Großbrote Frachtbaſis
2246 2852 3269 2895 Chropin, K. 79.— frachtfrei Wien, Würfelzucker in Kiſten
2245 2894 2476 2932 K. 3.50 höher.
2320 2939 3269 2982 Prag, 1. Juli. Rohzucker K. 24.10 prompt ab Auſſig,
2244 2979 2756 3024 per Oktober⸗Dezember K. 23.85.
2320 3027 3270 3068 Hamburg, 1. Juli. Rohzucker per Juli 11.03, per
2244 3068 3272 3108 Auguſt 11.10, per September 10.95, per Oktober 10.50, per
2244 3106 3273 3147 November 10.40, per Dezember 10 45, per Januar 10.52, per
2244 3145 3271 3185 Februar 10.57, per März 10.57, per April 10.67, per Mai
2245 3184 3274 3225 10.72, per Oktober⸗Dezember 10.42, per Januar⸗März 10.52
2237 3223 2598 3264 Mark. Regendrohend.
2644 3292 2861 3331 Baumwolle.
2330 3340 3280 3379 Alexandrien, 28. Juni. [Wochenbericht von Mohr
2241 3377 3282 3414 & Fenderl, mitgeteilt durch Adolf Mohr, Wien.]
2243 3412 3279 3447 Seit letztem Freitag fielen die Kontraktpreiſe auf der ganzen Linie
2243 3447 3273 3483 um ⅜ Dollars bei unbedeutenden Umſätzen. In effektiver Baum⸗
2243 3481 3273 3517 wolle wurde auch ſehr wenig umgeſetzt, da die Aufträge von ſeiten
2241 3516 3282 3552 der Spinnerei fehlen; andererſeits iſt aber im Angebot keine merk⸗
2243 3550 3271 3587 liche Beſſerung eingetreten. Ueber die neue Ernte iſt wenig zu be⸗
2242 3585 3189 3622 richten; die Witterung der letzten acht Tage war recht günſtig.
2243 3667 3272 3708 Meteorologiſche Beobachtungen an der k. k. Zentralanſtalt für Meteorologie
2510 3710 2997 3749 Hohe Warte, Seehöhe 202·5. Meter.
2243 3812 2335 3844 Datum
2358 3811 2450 3842 Stunde
2464 3780 2567 3810 Luftdruck
2471 3810 2555 3840 Milli⸗
2482 3839 2554 3866 meter
2587 3779 2786 3810 Temper. Celſius
2594 3823 2659 3848 beob⸗
2589 3848 2667 3875 achtete
2689 3837 2790 3865 normale
2813 3771 2891 3795 Feuch⸗
2799 3796 2897 3822 tigkeit in
2824 3822 2884 3846 Pro⸗
2811 3847 2890 3873 zenten
2928 3782 3051 3809 Windrich⸗
2932 3809 3042 3835 tung und
2937 3833 3042 3862 Stärke
3123 3785 3175 3820 Be⸗
3100 3821 3195 3849 wölkung
3242 3782 3281 3859 Ozon
2239 3900 2343 3931 30. Juni
2242 3930 2318 3954 30. „
2254 3953 2343 3983 1. Juli
2354 3895 2452 3927 2 U. uch.
2354 3927 2451 3952 9 U. abs.
2354 3954 2450 3982 7 U. mg.
2475 3897 2557 3929 743˙9
2473 3929 2559 3955 741˙5
2472 3956 2560 3982 741˙6
2605 3900 2662 3930 22˙9
2603 3928 2665 3954 18 2
2599 3953 2675 3984 17˙4
2709 3898 2786 3928 22 7
2710 3926 2780 3953 18˙5
2709 3955 2780 3984 17˙3
2821 3902 2877 3929 46
2830 3930 2874 3954 67
2828 3955 2876 3985 88
2912 3898 3064 3924 S 1
2912 3926 3065 3953 SE 1
2912 3952 3069 3983 — 0
3120 3900 3182 3926 heiter
3070 3923 3231 3953 halb bewölkt
3099 3952 3194 3981 bewölkt
3256 3905 3272 3927 0
3256 3930 3271 3952 0
3256 3956 3271 3979 9
2329 3997 3282 4034 Am 30. Juni: Höchſte Temperatur 23˙1 Grad, tiefſte
2240 4032 2964 4068 12˙4 Grad Celſius. Niederſchlag — Millimeter.
2326 4065 3270 4102 Maximum in der Sonne 48˙0 Grad, Minimum durch
2242 4102 2555 4136 Strahlung 8˙5 Grad.
2326 4135 3265 4171 Der Luftdruck iſt gefallen und 1˙7 Grad unter dem normalen.
2242 4170 3263 4206 Wind ſchwach aus Süd und Südoſt. Tagesmittel der Geſchwindig⸗
2239 4205 3075 4241 keit 10 Kilometer per Stunde. Tag meiſt heiter, warm.
2317 4240 3263 4276 Am 1. Juli, morgens: Temperatur 0˙1 Grad über der
2241 4272 3098 4310 normalen. bewölkt. Morgenminimum 14˙6 Grad Celſius.
2327 4308 3268 4345 Morgens 7 Uhr melden: Prag 18˙2 Grad, Krakau 18˙1 Grad,
2241 4344 3268 4379 Lemberg 20˙6 Grad, Feldkirch 26˙6 Grad, Iſchl 17˙2 Grad, Wien
2237 4378 3267 4414 17˙4 Grad, Graz 17˙6 Grad, Klagenfurt 18˙2 Grad, Budapeſt
2241 4412 3264 4448 19˙6 Grad, Hermannſtadt 17˙0 Grad, Szegedin 22˙2 Grad, Sara⸗
2243 4447 3265 4485 jewo 13˙0 Grad, Trieſt 20˙2 Grad, Leſina 22˙4 Grad, Riva 21˙1
2242 4481 3263 4519 Grad, Görz 20˙7 Grad, Sonnblick 1˙3 Grad, Schmittenhöhe
2240 4517 2871 4553 9˙2 Grad, Semmering 15˙0 Grad Celſius.
2292 4561 3213 4595 Prognoſe für die Zeit bis morgen abends:
2326 4602 3267 4639 Trüb, Regen, etwas kühler, weſtliche Winde mit zunehmender
2242 4639 2344 4673 Stärke.
2535 4699 2972 4753 Theater für heute.
2241 4760 3275 4796 Raimund⸗Theater: „Jägerblut.“ Anfang ½ 8 Uhr. Ende
2276 4798 2388 4831 10 Uhr.
2242 4827 3288 4866 Theater an der Wien (zum erſtenmal): „Die ſieben
2276 4865 3035 4901 Todſünden.“ Anfang ½ 8 Uhr. Ende nach 10 Uhr.
2243 4895 3264 4935 Wiener Bürgertheater: „Die ſchöne Millibäuerin.“ Anfang
2262 4935 2696 4971 ½ 8 Uhr. Ende vor 10 Uhr.
2237 4965 3274 5005 Theater in der Joſefſtadt: „Sommerſpuk.“ Anfang
2274 5004 2688 5042 8 Uhr. Ende nach 10 Uhr.
2241 5036 3273 5075 Luſtſpieltheater: „Die Frau Gretl.“ „König Oedipus“.
2277 5074 2852 5109 Anfang ½ 8 Uhr. Ende nach 10 Uhr.
2240 5108 3267 5145 Städtiſches Sommertheater in Kloſterneuburg:
2276 5142 2649 5179 „Die romantiſche Frau.“
2245 5175 3146 5221 Stadttheater in Baden: „Der unſterbliche Lump.“
