3168 4822
289 66 684 116 Seite 28. Nr. 148.
1373 81 1904 138 Innsbrucker Nachrichten
2441 101 2972 158 Samstag den 1. Juli 1911.
1302 454 1960 562 Todes⸗Anzeige.
770 593 2702 674 Vom tiefſten Schmerze gebeugt, geben wir allen Verwandten und Bekannten die traurige Nach⸗
553 644 2704 731 richt, daß es Gott dem Allmächtigen gefallen hat, unſern lieben Gatten, reſp. Vater, Schwiegerſohn, Neffen
559 698 1290 759 und Onkel, den wohlgebornen Herrn
656 795 2603 1110 Rudolf Müller
1054 1124 2247 1200 Hausbeſitzer und Leichenbeſtattungsinſtituts-Inhaber,
565 1189 2673 1278 Mitglied der Freiw. Feuerwehr Innsbruck (6. Komp., Wilten) und Mitglied der Erzherzog
1157 1258 2087 1323 Ludwig Viktor⸗Standſchützen⸗Kompagnie,
549 1353 2689 1431 nach langem, ſchweren Leiden, verſehen mit allen hl. Sterbſakramenten, im Alter von 47 Jahren in die
549 1403 970 1455 Ewigkeit abzuberufen.
757 1459 2691 1542 Die Beerdigung erfolgt am Montag, den 3. Juli um 4 Uhr nachm. vom Trauerhauſe, Heilig
549 1507 1959 1580 Geiſtſtraße Nr. 6, aus auf dem Wiltener Friedhofe ins eigene Grab.
754 1565 2683 1643 Der Seelengottesdienſt wird am Dienstag, den 4. Juli um halb 8 Uhr früh in der Wiltener
545 1614 985 1668 Pfarrkirche abgehalten.
756 1689 1420 1743 Innsbruck, am 1. Juli 1911.
962 1788 2267 1912 Rothburg Müller geb. Krapf
1489 1916 1717 1964 als Gattin
737 1984 2469 2058 im Namen der Kinder Rudolf, Anna, Olga, Hanſi und der übrigen Verwandten.
2563 1933 2637 1971 230
738 2489 2442 2791 Geschäfts-Veränderung.
631 2772 2762 2857 Mit Gegenwärtigem gebe ich meinen hochverehrten Kunden und einem
420 2831 2763 2918 P. T. Publikum höflichst bekannt, dass vom 1. Juli d. J. an Herr J. Petera
420 2894 2762 2982 in meinen bisherigen Geschäftslokalitäten Maria Theresienstrasse Nr. 18
421 2959 1053 3013 auf gleicher Basis ein
422 3022 2772 3188 Weisswaren-, Wirk-, Manufaktur- und Ausstattungs-Geschäft
417 3174 1651 3233 unter der Firma J. Petera führen wird.
628 3236 2754 3322 Indem ich für das mir durch so viele Jahre geschenkte Wohlwollen ver-
415 3294 2761 3384 bindlichst danke, ersuche ich meine sehr geehrten Kunden, dasselbe auch auf
415 3357 1839 3429 Herrn J. Petera gütigst übertragen zu wollen.
626 3432 2562 3515 Innsbruck, den 1. Juli 1911. Hochachtungsvoll
1901 3517 2694 3661 Josef Mayr
1862 3653 2755 3733 Inhaber der Firma Jakob Mayr.
411 3638 517 3674 J4084
617 3796 2747 3883 Anschliessend erkläre ich, dass ich das Geschäft in der bisherigen reellen
408 3856 2745 3942 Weise mit gut sortiertem Lager weiter führen werde und dass ich durch Bei-
405 3917 2746 4006 behaltung aller bisherigen Bezugsquellen die Garantie bieten kann, meinen Kunden
404 3982 2745 4071 nur Prima-Qualitäten liefern zu können, und werde ich alles aufbieten, das in
404 4044 1841 4115 mich gesetzte Vertrauen vollauf zu rechtfertigen.
615 4118 2677 4208 Innsbruck, den 1. Juli 1911. Hochachtungsvoll
2082 4216 2739 4316 J. Petera.
