3488 5363
235 157 373 196 Seite 2
792 165 1057 210 Wien, Samstag
1513 174 2084 223 Neue Freie Presse.
2536 191 2759 233 1. Juli 1911
3115 204 3315 244 Nr. 16830
209 233 1186 308 Die Friedensverhandlungen der türkiſchen
352 296 1063 366 Regierung mit den Albaneſen.
927 381 1176 422 Wien, 1. Juli.
259 427 1209 482 An dem ernſten Willen der Pforte, die Albaneſen zu
183 470 1209 526 verſöhnen, läßt ſich nach den Konzeſſionen, die den Auf⸗
183 515 1208 570 ſtändiſchen bereits gewährt worden ſind, nicht mehr
181 560 1202 613 zweifeln, und es bedarf, wie die Verhältniſſe heute liegen,
180 605 1204 657 wohl nur noch eines letzten Schrittes der türkiſchen Regie⸗
178 647 1205 699 rung in der Frage des Waffentragens, um eine Baſis zu
176 691 1202 745 ſchaffen, auf der ein dauernder, für beide Teile erſprieß⸗
176 734 1201 787 licher Friede geſchloſſen werden kann. Aber dieſer letzte
173 777 1198 833 Schritt darf nicht verzögert werden, denn jeder Tag, den
175 823 1200 879 dieſe gefahrvolle Situation fortdauert, kann eine Wendung
175 866 1197 921 zum Schlimmen bringen. Es iſt erfreulich, daß man am
173 911 1197 965 Bosporus eingeſehen hat, wie ſehr die Beachtung der
172 954 1199 1010 öſterreichiſch⸗ungariſchen Mahnungen im eigenen Intereſſe
170 999 1193 1052 der Türkei liegt, und es kann nur immer wieder der
171 1041 1193 1097 dringende Wunſch ausgeſprochen werden, die Pforte
167 1087 1189 1139 möchte jetzt im entſcheidenden Augenblick nicht verſagen,
168 1131 1191 1185 ſondern durch ganze Maßnahmen und durch ein raſches
169 1176 1192 1227 Zugreifen das Feuer erſticken, das ſich zu einem Balkan⸗
167 1219 1191 1272 brand entwickeln könnte. Die Türkei weiß, was
166 1260 1191 1311 auf dem Spiele ſteht; ſie weiß, daß die alba⸗
165 1305 1188 1356 neſiſche Frage, wenn ſie den 15. Juli überdauern
167 1350 1190 1405 ſollte, aufhören könnte, eine innertürkiſche Frage zu ſein.
161 1395 1187 1447 Es wird uns an hieſigen unterrichteten Stellen verſichert,
162 1438 1190 1494 daß die verſchiedenen Meldungen von einer Balkankonferenz
163 1482 1191 1531 durchaus gegenſtandslos ſind, aber daß eine Internatio⸗
158 1527 1189 1580 naliſierung der albaneſiſchen Frage droht, wenn es nicht
160 1570 1187 1622 gelingt, den Frieden in Albanien herzuſtellen, daran läßt
158 1616 1184 1665 ſich nicht mehr zweifeln. Sie wäre wahrſcheinlich bereits
157 1659 1184 1710 erfolgt, wenn Oeſterreich⸗Ungarn nicht dafür eingetreten
158 1705 1187 1754 wäre, der Türkei die nötige Zeit zu laſſen, die ſchwierige
156 1747 1182 1799 Frage zu löſen. Die türkiſche Regierung hat gezeigt, daß
156 1792 1182 1841 ſie dem Freundesrat Oeſterreich⸗Ungarns nachzukommen
149 1833 1179 1885 ſich beſtrebt, aber ſie muß den eingeſchlagenen Weg zu
156 1878 1181 1929 Ende gehen. Der innere Friede in der Türkei, der Friede
156 1922 1180 1973 auf dem Balkan iſt ſchon ein Nachgeben den Albaneſen
156 1967 1178 2018 gegenüber wert, auch wenn es, wie zugegeben werden mag,
157 2012 533 2056 nicht ganz leicht fällt.
241 2084 1107 2139 Miuſchkovic über ſeine Unterredung mit
571 2132 770 2172 Neratow.
890 2177 1143 2215 Wien, 1. Juli.
228 2226 1177 2275 Der montenegriniſche Spezialgeſandte Miuſchko⸗
147 2270 1173 2321 vic teilte dem Petersburger Vertreter des „Rußkoje
146 2315 1172 2364 Slowo“ über den Verlauf ſeiner Unterredung mit dem
146 2359 1173 2409 ruſſiſchen Vizeminiſter des Aeußern Neratow nach⸗
145 2403 618 2448 ſtehende Einzelheiten mit:
223 2447 1172 2494 „Ich habe Neratow auf die Montenegro drohende Ge⸗
144 2493 1172 2536 fahr aufmerkſam gemacht, die unvermeidlich iſt, wenn die
142 2536 1171 2580 Mächte nicht ſofort einſchreiten. Nach meinen In⸗
142 2580 1169 2626 formationen ſind Rußland, Oeſterreich⸗
141 2624 1167 2671 Ungarn und Italien mit der Lage der Dinge
140 2667 1167 2712 in Albanien unzufrieden und haben die Pforte davon
136 2707 1167 2758 bereits verſtändigt. Wirkſamer wäre es aber, wenn dieſe
135 2751 1164 2801 drei Mächte einen gemeinſamen Proteſt gegen
136 2800 1163 2843 das türkiſche Vorgehen in Albanien erheben wollten,
137 2844 1163 2889 ſonſt würden 300.000 Albaneſen ſich erheben und zu den
135 2886 1164 2934 Waffen greifen. Mangel an Geld iſt nicht vorhanden. Die
135 2932 1164 2975 ärmſten albaneſiſchen Familien zahlen beim Aufſtands⸗
135 2976 1161 3020 komitee ihre Beiträge pünktlich ein. Außerdem fließen
136 3019 1160 3065 Gelder auch aus England und Amerika. Ich habe Herrn
131 3062 1160 3107 Neratow darauf aufmerkſam gemacht, daß der Aufſtand
131 3106 1159 3151 organiſiert iſt. Ich habe Grund, anzunehmen, daß meine
128 3151 1158 3193 Mitteilungen die Aufmerkſamkeit des Leiters der aus⸗
131 3193 1052 3240 wärtigen Politik Rußlands auf ſich gelenkt haben.“
204 3268 1085 3318 Türkiſche Drohungen gegen Montenegro.
386 3321 897 3354 (Telegramm der „Neuen Freien Preſſe“.)
646 3355 1123 3396 Konſtantinopel, 1. Juli.
214 3400 1155 3449 „Zia“ ſchreibt heute, anſcheinend amtlich inſpiriert:
132 3445 1156 3490 Montenegro täuſcht ſich, wenn es glaubt, unter dem
131 3488 1155 3534 Schutz der Großmächte ungeſtraft provozieren zu
131 3534 1155 3576 können. Noch einen Schritt weiter, und wir
131 3576 1152 3622 fürchten, unſere Regierung könnte trotz ihrer Abneigung,
131 3619 1153 3666 einen ſchwächeren Staat anzugreifen, gezwungen
124 3662 1151 3706 ſein, die Ultima ratio anzuwenden, um
127 3704 1149 3752 ihr Preſtige zu wahren. Der Weltfriede braucht dadurch
127 3751 1150 3795 nicht geſtört zu werden, die Diplomatie würde einen
126 3792 876 3838 Konflikt zu lokaliſieren wiſſen.
146 3877 1121 3935 Der montenegriniſche Kronprinz über den
379 3931 899 3984 Aufſtand in Albanien.
377 3990 899 4022 (Telegramm der „Neuen Freien Preſſe“.)
817 4031 1113 4069 London, 1. Juli.
201 4071 1144 4120 Der Kronprinz von Montenegro hatte
117 4116 1143 4164 vor ſeiner Abreiſe aus London ein Geſpräch mit einem
117 4160 1141 4206 Vertreter der „Morning Poſt“. Der Kronprinz ſagte, er
115 4200 1139 4249 wiſſe nichts von einer montenegriniſchen Forderung, für
115 4248 1138 4293 die Koſten, welche die albaneſiſchen Flücht⸗
115 4290 1139 4338 linge in Montenegro verurſachen, entſchädigt zu
114 4336 246 4376 werden.
197 4376 1136 4424 „Es iſt nicht einmal zu erwarten,“ ſagte er, „daß
112 4420 1136 4467 dieſe 8000 armen Menſchen von den Türken raſch
112 4464 1135 4510 repatriiert werden können, da ihre Wohnſtätten und
111 4509 1134 4554 Felder zerſtört ſind. Man wird wenigſtens Hütten für ſie
111 4553 1131 4597 bauen und ſie längere Zeit vor Hunger ſchützen müſſen.
111 4594 1132 4641 Die Schwierigkeit der Beendigung des Aufſtandes liegt
111 4638 1132 4685 darin, daß die Albaneſen ihren Glauben an den ehrlichen
109 4682 1131 4727 Willen der Türken, ihre Verſprechen zu halten, verloren
110 4725 1130 4772 haben. Ihre Forderung der Garantie dieſer Zuſagen
110 4771 1130 4814 durch eine oder alle Mächte iſt nicht leicht durchſetzbar, da
109 4814 1129 4859 weder die Türken davon etwas wiſſen wollen noch auch
108 4854 1130 4903 die Mächte bereit ſind, eine ſolche Verantwortlichkeit
108 4899 537 4944 förmlich zu übernehmen.
182 4939 1126 4992 Montenegro wünſcht im Intereſſe der eigenen
106 4984 1128 5033 kulturellen Entwicklung die Erhaltung des Friedens. Es
106 5026 1127 5080 rüſtet nicht, denn es hält einen Krieg mit der Türkei nicht
106 5070 1126 5122 für wahrſcheinlich und iſt zur Verteidigung ſtets
106 5113 1128 5165 vollſtändig bereit. Das Volk allerdings iſt in
1261 249 2284 312 kriegeriſcher Aufregung, weil es ſich durch die
1258 292 2283 355 türkiſchen Truppenanhäufungen bedroht fühlt und die
1260 333 2284 397 befriedigenden Zuſicherungen, welche die Türkei dank der
1260 378 2283 443 Intervention Rußlands gab, nicht für ausreichend er⸗
1261 422 2283 486 achtet und energiſchere Maßnahmen der montenegriniſchen
1257 465 1619 518 Regierung verlangt.“
1492 546 2055 603 Ein Revoltierungsverſuch.
1863 617 2243 659 Salonichi, 30. Juni.
1335 656 2276 718 Wie in Erfahrung gebracht wird, hat ſich der alba⸗
1258 700 2275 765 neſiſche Arzt Beſſim Bey aus Goritza mit zwölf
1257 745 2274 807 Mann, ſieben chriſtlichen Albaneſen und fünf Mohamme⸗
1254 789 2273 849 danern in die Berge begeben, um die albaneſiſche Be⸗
1255 832 2270 896 völkerung, der er die Autonomie verſpricht, zu einer
1251 877 2269 940 Revolte aufzureizen. Er iſt bemüht, weiteren
1252 920 2270 984 Anhang zu gewinnen, und eine Verbindung mit
1251 966 2268 1027 griechiſchen und bulgariſchen Banden
1247 1010 2267 1072 herzuſtellen. Da ihm die nötigen Mittel fehlen, ſind ſeine
1250 1054 2265 1115 Leute beſtrebt, auf der Straße Goritza⸗Kaſtoria die Poſt
1246 1098 2263 1159 anzufallen und die Reiſenden zu berauben. Die Behörden
1246 1142 2262 1201 haben Truppen zur Verfolgung Beſſim Beys entſendet.
1242 1226 2268 1290 Angebliche Miſſion eines Adjutanten des Königs
1570 1277 1941 1328 von Montenegro.
1496 1323 2017 1363 (Telegramm der „Neuen Freien Preſſe“.)
1935 1365 2230 1402 London, 1. Juli.
1320 1393 2259 1455 Die „Times“ behauptet, daß General Popovic,
1236 1437 2258 1499 Flügeladjutant des Königs von Montenegro, ſich
1238 1482 2257 1542 in geheimer Miſſion in Wien befindet und
1237 1528 2215 1587 zum Schein als Patient in einem Sanatorium wohnt.
1266 1614 2229 1690 Türkiſche Beſtellung von Kriegsmaterial.
1488 1689 2008 1726 (Telegramm der „Neuen Freien Preſſe“.)
1934 1731 2222 1771 Berlin, 1. Juli.
1316 1762 2252 1821 Aus Konſtantinopel wird berichtet: Die
1231 1805 2252 1862 türkiſche Regierung beſtellte in England 100 Maxim⸗
1230 1851 2255 1905 kanonen, die ſchnellſtens zu liefern ſind, ferner bei
1230 1891 2255 1952 Schneider in Creuzot 36 Gebirgskanonen,
1229 1936 1998 1985 3 Schnellfeuerbatterien und 3500 Revolver.
1227 2015 2251 2085 Veränderungen im jungtürkiſchen Komitee.
1482 2087 1999 2123 (Telegramm der „Neuen Freien Preſſe“.)
1759 2124 2216 2164 Konſtantinopel, 1. Juli.
1298 2156 2243 2215 In Komiteekreiſen vollziehen ſich wichtige Ver⸗
1221 2200 2243 2261 änderungen. Der ehemalige Gouverneur von Bagdad,
1221 2244 2244 2298 Naſim Paſcha, ein bekannter Führer der liberalen
1221 2288 2243 2347 Agrarpartei, ſowie der frühere Direktor der Marineſchule,
1221 2331 2246 2389 Husni Paſcha, der Marineminiſter im Kabinett Kiamil
1219 2376 2242 2436 war, wurden in das jungtürkiſche Komitee aufgenommen,
1218 2419 2241 2478 letzterer ſogar zum Delegierten für den Komiteekongreß ge⸗
1217 2462 2243 2522 wählt. Die Diſſidentengruppe ſieht in Naſim
1217 2505 2240 2564 Paſcha neben Mahmud Schefket Paſcha den
1216 2551 2242 2607 kommenden Mann als Kriegsminiſter oder Groß⸗
1214 2593 1317 2638 vezier.
1345 2679 2115 2753 Die Verfaſſungskriſe in England.
1949 2767 2200 2808 Wien, 1. Juli.
1293 2810 2238 2868 Der Kampf um die engliſche Parlamentsbill iſt in
1214 2853 2238 2913 ſein letztes Stadium getreten; die Entſcheidung läßt ſich
1214 2898 2237 2956 kaum mehr verzögern, nachdem das Oberhaus ſelbſt durch
1212 2942 2236 3000 ſeine Taktik die Regierung zu dem letzten Schritt zwingen
1211 2988 2234 3044 zu wollen ſcheint. Die Lords haben ſich bekanntlich
1211 3031 2233 3087 darauf geeinigt, die Vetobill nicht etwa glatt abzulehnen,
1210 3074 2235 3130 ſondern derartig zu amendieren, daß ſie für die Re⸗
1209 3119 2234 3169 gierung unannehmbar wird. Die Amendements Lans⸗
1208 3164 2233 3216 downe und Cromer, die über das engliſche Parlament in
1209 3207 2236 3262 allen wichtigen Fragen eine Vierzehnmännerkonferenz und
1207 3251 2230 3305 außerdem als letzte Inſtanz das engliſche Volk ſetzen
1206 3295 2233 3348 wollen, ſind für die Regierung ſelbſtverſtändlich nicht
1205 3338 2232 3392 diskutabel, und wenn, was nach den bisherigen Ab⸗
1204 3382 2228 3434 ſtimmungen wahrſcheinlich iſt, die Lords an ihrer Taktik
1203 3426 2227 3479 feſthalten, bleiben nur die bekannten drei Möglichkeiten:
1202 3470 2224 3523 Rücktritt der Regierung, Neuwahlen oder der Pairsſchub.
1280 3515 2223 3565 Nun ſoll, wie heute ein Londoner Blatt meldet, das
1199 3558 2224 3610 Kabinett einſtimmig beſchloſſen haben, dem König die
1199 3601 2223 3651 Ernennung neuer Peers vorzuſchlagen, wenn das Ober⸗
1198 3646 2221 3696 haus ſeine Abänderungsanträge nicht fallen läßt. Um
1198 3689 2221 3741 im Oberhaus eine liberale Mehrheit, wie ſie zur Annahme
1195 3732 2217 3783 der Vetobill nötig iſt, zu ſchaffen, müßten 500 neue Peers
1195 3777 2219 3826 kreiert werden. Man iſt aber, wie unſer Londoner Korre⸗
1194 3819 2218 3873 ſpondent geſtern meldete, der Meinung, daß die Zahl der
1195 3863 2218 3912 Ernennungen dann viel geringer normiert werden
1194 3907 2217 3957 könnte, wenn man nur die jetzigen Frequenzziffern des
1192 3951 2214 3999 Oberhauſes in Betracht zu ziehen brauchte. Wenn die
1193 3994 2214 4046 Lords, die ihren prinzipiellen Widerſtand gegen die Veto⸗
1191 4036 2214 4089 bill nicht aufzugeben brauchen, zu den Abſtimmungen
1188 4079 2212 4132 nicht in größerer Zahl als bisher erſcheinen, genügen 120
1188 4123 2213 4176 bis 150 neue liberale Peers, um die Vetobill durchzu⸗
1189 4166 2212 4219 bringen. Für die Lords liege der Vorteil darin, daß die
1186 4211 2210 4263 Ernennung von 150 liberalen Peers die konſervative
1184 4253 2207 4305 Mehrheit des Oberhauſes nicht aufheben würde, und es
1184 4299 2207 4353 wäre taktiſch geſchickt, wenn ſie unter Berückſichtigung
1184 4341 2207 4396 dieſes Umſtandes durch eine geringere Beteiligung an den
1183 4383 2204 4439 Abſtimmungen retten wollten, was für ſie zu retten iſt.
1184 4428 2204 4482 Dieſe Taktik ſetzte allerdings ein ſtillſchweigendes Ueber⸗
1182 4473 1863 4519 einkommen mit der Regierung voraus.
1261 4516 2198 4570 Das ſind jedoch Kombinationen, die ſehr naheliegen,
1179 4560 2198 4614 aber nicht unbedingt richtig ſein müſſen. Man kann ſich
1180 4604 2199 4654 auch den anderen Fall denken, daß die Lords die Ueber⸗
1180 4648 2200 4702 zeugung haben, König Georg werde dem Anſuchen der
1178 4693 2198 4745 Regierung um den Pairsſchub nicht entſprechen. Das wäre
1177 4736 2197 4787 natürlich der Sturz des liberalen Kabinetts und die Not⸗
1175 4780 2194 4836 wendigkeit der Auflöſung des Unterhauſes. Wahrſcheinlich
1175 4822 2192 4879 iſt das freilich nicht, denn man kann kaum annehmen,
1175 4867 2196 4924 daß König Georg dem Verfaſſungskampf ſolange zuge⸗
1175 4911 2194 4968 ſehen hat, um im letzten Augenblick die Regierung fallen
1174 4956 2195 5008 zu laſſen. Jedenfalls iſt die Situation augenblicklich außer⸗
1174 5000 2191 5057 ordentlich kritiſch; die Entſcheidung, nach welcher Rich⸗
1173 5043 2190 5103 tung ſie fallen mag, läßt ſich nicht mehr hinauszögern.
2483 271 3208 327 Der Vorſchlag eines Pairsſchubs.
3023 334 3318 371 London, 1. Juli.
2415 365 3348 423 Den „Daily News“ zufolge hat das Kabinett,
2327 404 3347 469 wie in miniſteriellen Kreiſen gerüchtweiſe verlautet, ein⸗
2327 449 3346 511 ſtimmig beſchloſſen, dem Könige demnächſt den Rat zu
2327 494 3346 553 erteilen, ſeine Prärogative auszuüben und neue Peers
2325 538 3347 598 zu ernennen, wenn das Oberhaus ſeine Abänderungs⸗
2325 581 3115 637 anträge zur Vetobill nicht fallen laſſen ſollte.
2368 667 3301 740 Frauenſtimmrechtskongreß in Stockholm.
2510 733 3168 779 (Original⸗Korreſpondenz der „Neuen Freien Preſſe“.)
2941 788 3311 829 Stockholm, im Juni.
2402 821 3340 882 Vom 12. bis 17. Juni hat in Stockholm der Frauen⸗
2324 863 3342 927 ſtimmrechtskongreß, an dem ſich 1200 Perſonen beteiligt
2323 909 2564 956 hatten, getagt.
2401 953 3341 1013 Das Grand Hotel, in dem die Verhandlungen ſtatt⸗
2322 996 3338 1057 fanden, liegt an dem von kleinen und großen Dampfern
2321 1039 3341 1102 belebten Hafen, dem königlichen Schloß und dem Reichs⸗
2318 1084 3337 1147 tagsgebäude gegenüber. Der große Saal war reich deko⸗
2318 1128 3334 1190 riert in den ſchwediſchen Farben, blau und gelb; Frauen
2319 1172 3336 1234 aus allen Ländern vereinigten ſich da und man hörte alle
2317 1214 3338 1278 Sprachen durcheinanderſchwirren. Viele der Führerinnen
2316 1258 3333 1321 der Bewegung ſind allgemein bekannt, ſo die Vorſitzende,
2313 1300 3334 1365 Mrs. Chapman Catt, die ſchon in Wien für das Frauen⸗
2314 1344 3335 1407 ſtimmrecht geſprochen hat, Reverend Anna Shaw, die
2312 1390 3334 1452 amerikaniſche Predigerin, die in der Guſtav Waſa⸗Kirche
2311 1434 3332 1495 gepredigt hat. Schwediſche Blätter ſchreiben: „Noch nie
2311 1477 3332 1540 war die Kirche ſo voll.“ Die reizende Mrs. Snowdon, die
2310 1520 3332 1583 Gattin des bekannten engliſchen Sozialiſtenführers,
2307 1564 3332 1626 Phillip Snowdon, die eine hinreißende Beredſamkeit ent⸗
2305 1608 3331 1670 wickelt. Dr. jur. Anita Augsburg und Marie Stritt, die
2308 1652 3331 1714 Deutſchland in hervorragender Weiſe vertreten, weibliche
2306 1695 3330 1758 Parlamentsmitglieder aus Finnland und die offizielle
2306 1739 3328 1802 Delegierte aus Norwegen, Frau Quam. Viele große
2305 1783 3327 1845 Blätter aus England, Frankreich und Deutſchland haben
2304 1827 2802 1880 Korreſpondentinnen geſendet.
2378 1872 3328 1933 Mrs. Chapman⸗Catt eröffnete den Kongreß
2302 1914 3328 1974 mit einem Rückblick auf die Anfänge der „Internationalen
2300 1956 3327 2020 Stimmrechtsvereinigung“, die in Waſhington mit acht
2299 2001 3326 2062 Vereinen begonnen hat, heute ſind es 24 Länder, ver⸗
2297 2046 3325 2107 treten durch zirka 250 Delegierte und 6 Männerliguen
2297 2090 3323 2151 aus Newyork, London, Holland, Schweden und Ungarn,
2296 2131 3323 2195 die ſich zu dieſem Kongreß vereinigt haben, um einen
2295 2176 3322 2239 Ueberblick zu gewinnen über die Arbeit der letzten zwei
2295 2215 3323 2280 Jahre und um über neue Methoden zu beraten, um das
2294 2264 3324 2325 gemeinſame Ziel, das politiſche Bürgerrecht
2292 2306 3322 2368 der Frau, zu erreichen. Wenn man auch einwende, daß
2291 2350 3319 2413 nicht alle Frauen das Stimmrecht wollen, ſo ſei es doch
2291 2394 3318 2457 ſicher, daß ſie es alle brauchen zur Vertretung ihrer
2291 2438 3317 2500 Intereſſen. Und auf die Frage, was die Frauen damit
2289 2483 3317 2543 anfangen würden, gebe die Arbeit der Frauen in den
2287 2525 3319 2588 Ländern, wo ſie es ſchon beſitzen, in Amerika (5 Staaten),
2287 2568 3316 2629 Auſtralien, Finnland und Norwegen, die richtige Ant⸗
2286 2613 3314 2673 wort. Ueberall ſetzen ſie ſich für ſoziale Maßregeln, für
2285 2654 3311 2718 den Schutz der Frauen und Kinder ein. Sie ſchloß damit,
2284 2698 3311 2762 ſie ſei der feſten Ueberzeugung, daß das goldene Zeitalter
2284 2741 3309 2805 der Menſchheit nicht hinter uns, ſondern vor uns
2282 2785 3309 2850 liege, wenn Mann und Frau gemeinſam zum Wohle der
2282 2828 2771 2879 Geſamtheit arbeiten werden.
2362 2873 3307 2938 Bei dem offiziellen Diner des Kongreſſes ſprach als
2282 2916 3307 2982 erſter der Biſchof Scheele von Wisby für das Frauen⸗
2279 2959 3306 3024 ſtimmrecht, und Schwedens größte Dichterin Selma
2281 3004 3304 3070 Lagerlöf hielt einen Vortrag in der Oper; ſie las
2280 3047 3304 3113 einen Eſſay, den ſie eigens zu dieſem Zwecke verfaßt
2277 3092 3303 3156 hatte, mit vor Erregung bebender Stimme, und ihre
2277 3134 3160 3194 Ergriffenheit teilte ſich dem ganzen Publikum mit.
2354 3181 3301 3243 Eine Rundfahrt führte die Delegierten in einer end⸗
2275 3223 3300 3289 loſen Wagenreihe durch die ſchönſten Straßen Stockholms,
2274 3265 3299 3333 jeder Wagen mit Fahnen geſchmückt, auf denen zu leſen
2273 3310 3299 3375 war: „Das Stimmrecht für die Frau !“ Das Publikum
2272 3353 3299 3420 bildete Spalier, jubelte den Frauen zu und grüßte durch
2272 3398 2704 3449 Schwenken von Tüchern.
2348 3444 3296 3507 Von der Großartigkeit der ſchwediſchen Gaſtfreund⸗
2270 3486 3295 3550 ſchaft kann man ſich keine Vorſtellung machen, wenn man
2269 3531 3295 3595 ſie nicht miterlebt hat; alle Kongreßteilnehmer werden ſich
2269 3574 3293 3637 ihrer ſtets freudig und dankbar erinnern. Die Gemeinde
2267 3616 3293 3681 Stockholm gab jedem Delegierten ein reizendes kleines
2266 3660 3291 3724 Buch über Stockholm und ſpendete 3000 Kronen für den
2266 3705 3290 3771 Kongreß ſowie die Fahnen, die von dem Grand Hotel
2267 3749 3290 3813 herab die Abhaltung des Kongreſſes verkündigten. Wir
2263 3792 3289 3857 bekamen die berühmte Galerie Thiel zu ſehen, die Meiſter⸗
2264 3836 3287 3901 werke von Larſon, Lilienfors und Zorn enthält, und eine
2264 3881 3285 3945 Anzahl von ſchwediſchen Künſtlerinnen hatte eine kleine,
2262 3925 3286 3987 aber ausgeſuchte Ausſtellung ihrer Werke veranſtaltet;
2261 3969 3285 4032 ein Ausflug führte uns nach Upſala, der alten Univerſi⸗
2259 4012 3284 4076 tätsſtadt, dem Gehirn Schwedens; in der Bibliothek
2258 4055 3283 4121 wird der Codex argenteus, die erſte Bibelüberſetzung
2258 4100 3281 4163 von Biſchof Ulfilas aus dem vierten Jahrhundert nach
2257 4143 3283 4208 Chriſti, aufbewahrt. Unvergeßlich wird wohl jedem
2256 4187 3282 4251 Kongreßmitglied der Aufenthalt auf Wisby bleiben, der
2257 4231 3280 4295 ehemaligen Hanſaſtadt, deren großartige Ruinen von
2253 4275 3278 4337 Kirchen und Stadtmauern, die von Efeu überwuchert ſind,
2255 4319 3277 4382 als ſchöne, ernſte Zeugen einer großen, aber düſteren
2252 4364 3277 4427 Vergangenheit hereinragen; dahin wurden die Delegierten
2251 4410 3275 4470 von der Bildhauerin Frau Bruce auf ihren entzückenden
2251 4451 3276 4514 Landſitz am Meeresſtrand eingeladen. Der Kongreß iſt
2250 4496 3272 4559 vorüber, aber für alle, die ihn mitgemacht haben, wird es
2251 4538 3274 4603 ein unverlierbarer Gewinn bleiben, in Fühlung getreten
2248 4582 3271 4647 zu ſein, mit ſo viel bedeutenden Frauen und ſo viele
2249 4627 3269 4691 große und ſchöne Eindrücke mit nach Hauſe genommen
2246 4674 2418 4718 zu haben.
2897 4685 3234 4729 Daiſy Minor.
2339 4750 3192 4823 Ein Kinderſpielplatz bei Schönbrunn.
2981 4831 3234 4872 Wien, 1. Juli.
2318 4871 3273 4931 Das Hofärar hat mit Genehmigung des Kaiſers der
2245 4910 3272 4968 Schulbehörde einen größeren Platz vor dem Schönbrunner
2244 4950 3272 5008 Schloſſe eingeräumt, der als Spielplatz für die Kinder der
2242 4988 3272 5047 weſtlichen Bezirke verwendet werden ſoll. Es handelt ſich um
2241 5029 3267 5086 die große Raſenfläche zwiſchen der Schönbrunner Brücke und
2242 5069 3268 5126 dem Exerzierplatz. Die Fläche iſt bereits eingezäunt und wird
2241 5105 3269 5167 ſchon in den nächſten Tagen ihrer neuen Beſtimmung über⸗
2241 5145 2469 5188 geben werden.
