3488 5351
203 148 346 191 Seite 8
752 147 1021 192 Wien, Samstag
1434 146 2012 186 Neue Freie Presse.
2456 140 2691 182 1. Juli 1911
3067 130 3271 177 Nr. 16830
160 227 1182 271 Handelswerte, als welches er den Titel Kommerzialrat führte.
163 266 1184 307 Weiter gehörte er dem Staatseiſenbahnrate als Erſatzmann
162 306 1186 350 an, ebenſo war er eine Zeitlang auch Mitglied des Arbeits⸗
159 345 1184 392 beirates. Der Brauerei Maffersdorf und der Reichenberger
161 384 1183 428 Automobilfabrik gehörte er als Verwaltungsratsmitglied an.
159 424 1184 469 Im Jahre 1906, nach der Deutſchböhmiſchen Aus⸗
158 466 1183 509 ſtellung, an der er erfolgreich mitgearbeitet, wurde ihm
156 503 1185 546 der Orden der Eiſernen Krone dritter Klaſſe verliehen. In
157 540 1183 587 ſeiner Heimatsgemeinde Maffersdorff, für die er gemeinſam
154 579 1181 627 mit ſeinem Bruder Herrenhausmitgliede Willy Ginzkey vieles
168 618 1188 665 und Großes geſchaffen und der er zahlreiche humanitäre Wid⸗
158 655 1188 702 mungen zukommen ließ, genoß er das höchſte Anſehen. An⸗
158 695 1184 742 läßlich der Vereinigung der beiden Gemeinden Maffersdorf
158 734 1182 782 rechts und links der Neiße wurden beide Brüder am
168 772 1182 817 24. Januar 1901 zu Ehrenbürgern ernannt. Außerdem war
156 811 1184 856 er Ehrenmitglied des Erſten deutſchen Turnvereines, Protektor
156 851 1183 896 des Militärveteranenvereines und Ehrenmitglied faſt ſämtlicher
157 886 1187 936 Vereine von Maffersdorf. Alfred Ginzkey war auch ein Mann,
157 930 1177 975 der ſeine nationale Geſinnung ſtets offen betont und auch
160 968 1178 1013 durch die Tat bekundet hat. Auch hatte er für die Arbeiter
163 1007 1180 1054 ſtets ein warmes Herz und eine opferbereite Hand. Zum
156 1047 1180 1097 Zeichen der Trauer ſteht die Arbeit in den Fabriken bis nach
155 1084 1181 1134 ſeiner Beerdigung ſtill. Bei ſeiner Familie, ſeinen Freunden,
156 1123 1180 1170 ſeinen Arbeitern und allen, die ihn kannten, wird ſein Ableben
153 1160 1181 1214 ſchmerzlichſte Trauer und Anteilnahme erwecken. — Die Leiche
153 1200 1180 1248 wird nach Maffersdorf überführt werden, wo Samstag vor⸗
154 1241 1183 1288 mittags 10 Uhr die Beerdigung ſtattfindet. Die Einſegnung
153 1276 1091 1328 in Dresden erfolgte in der Friedhofskapelle zu Dresden.
216 1332 1183 1385 [Die rätſelhafte Ermordung des Rentners
157 1374 1180 1424 Vermerſch.] Aus Paris berichtet unſer Korreſpondent:
161 1414 1181 1463 Vor etwa Jahresfriſt erregte das ſpurloſe Verſchwinden des
160 1451 1181 1501 reichen belgiſchen Rentners Vermerſch, eines Junggeſellen,
157 1492 1182 1540 der eine Villa in dem reizenden Landorte Le Véſinet zwiſchen
154 1528 1179 1581 Paris und Saint⸗Germain bewohnte, großes Aufſehen. Wie
162 1568 1181 1619 im Falle des Marquis d'Abadie d'Arraſt erhob ſich auch
158 1607 1183 1659 damals die Frage: Verbrechen oder Vergnügungsausflug ? —
160 1648 1182 1696 und die Polizei glaubte, Grund genug zu haben, der letzteren
159 1686 1181 1738 Hypotheſe den Vorzug zu geben. Vermerſch hatte, wie feſt⸗
162 1727 1184 1777 geſtellt wurde, Neigungen, die ihn mit aller möglichen zweifel⸗
161 1763 1179 1815 haften Geſellſchaft in Verbindung brachten, er pflegte häufig
156 1805 1178 1857 zu verreiſen, hatte wohl auch manche Gründe, die zuweilen
158 1843 1180 1892 einen Aufenthalt fern von europäiſcher Staatsordnung
158 1881 1184 1933 wünſchenswert erſcheinen laſſen konnten — kurz, er war eigent⸗
161 1919 1180 1972 lich ein Mann, deſſen zeitweiliges Verſchwinden vom Schau⸗
157 1958 1181 2013 platze ſich ganz plauſibel erklären ließ. So begnügte die Polizei
155 1998 1180 2051 ſich denn mit einigen oberflächlichen Forſchungen, um die Sache
158 2036 1183 2088 dann „wegzulegen“. Hieß es doch ſogar, der verſchwundene
159 2073 1181 2128 Rentner ſei in Tanger, alſo inmitten einer Kultur, für die
167 2110 1185 2165 ſeine Neigungen nichts Anſtößiges boten, wieder aufgetaucht
158 2153 1180 2203 und lebe dort mit einigen Freunden höchſt vergnügt. Dennoch
152 2191 1181 2244 waren die Umſtände, unter denen Vermerſch verſchwand, der ſeine
158 2227 1181 2286 Villa ganz allein mit einem jungen, nur der flämiſchen Sprache
158 2267 1179 2321 kundigen Diener, Odile Vercruyſſe, bewohnte, ſehr merk⸗
161 2309 1180 2363 würdig. Vercruyſſe erhielt eines Tages aus ſeinem belgiſchen
162 2346 1182 2398 Heimatsdorfe eine Karte, die ihm den Tod ſeiner Mutter an⸗
160 2388 1178 2437 zeigte. Er reiſte ſofort dorthin, fand ſeine Mutter, am Leben,
156 2427 1178 2478 kehrte nach Le Véſinet zurück und erfuhr dort, ſein Herr ſei
158 2466 1180 2516 inzwiſchen auf Reiſen gegangen. Dieſe Mitteilung wurde ihm
161 2505 1179 2557 durch einen gewiſſen Ivoris gemacht, einen Belgier, der zu
159 2541 1181 2596 den intimſten Freunden des Vermerſch gehörte und oft gleich⸗
157 2581 1179 2632 zeitig mit ſeiner Geliebten Maria Debloecke Wohnung in der
156 2616 1183 2672 Villa nahm, ſelbſt wenn der Eigentümer abweſend war. Auch
161 2659 1181 2711 andere Perſonen genoſſen übrigens eine ſolche Gaſtfreund⸗
159 2698 1178 2751 ſchaft des Vermerſch, unter anderen ein Ehepaar Linder
163 2736 1179 2789 aus Paris. Vercruyſſe, ein ſehr ſimpler Menſch, zerbrach ſich
160 2775 1181 2829 nicht weiter den Kopf. Die plötzliche Reiſe ſeines Herrn hatte
157 2812 1181 2872 zunächſt weiter nichts Auffälliges für ihn. Die Sache mit der
159 2850 1180 2907 myſtifizierenden Poſtkarte hielt er für einen ſchlechten Spaß und
159 2889 1179 2943 legte ihr ſo wenig Wert bei, daß dieſe Karte ſogar verloren ging.
160 2929 1175 2984 Ivoris, der ſeine Freundin Maria Debloecke bei ſich hatte,
154 2969 1179 3021 und das Ehepaar Linder blieben einige Tage in der Villa
163 3009 1176 3061 Vermerſch' in Le Véſinet. Sie verließen dieſelbe dann und
160 3048 1178 3098 Vercruyſſe blieb allein zurück und erwartete ſeinen Herrn.
162 3084 1180 3137 Aber dieſer kam nicht. Auf eine Anzeige des Dieners ſuchte
161 3124 1181 3179 man Vermerſch, machte einige Spatenſtiche im Garten der
160 3159 1183 3216 Villa, vernahm einige Zeugen und entſchied zuletzt, Herr
156 3202 1182 3257 Vermerſch ſei ein Spaßvogel, der die Polizei in unnütze Auf⸗
160 3241 1182 3296 regung verſetze. Der Diener ging darauf in ſeine Heimat zu⸗
164 3279 1178 3333 rück, wo er, ohne ſich über des Rätſels Löſung weiter zu
160 3317 1183 3371 beunruhigen, Bergmann wurde. Jetzt, nach Jahresfriſt, iſt
161 3358 1181 3412 die Löſung in entſetzlicher Weiſe gekommen. Ein anonymes
163 3395 1180 3449 Schreiben an die Polizei veranlaßte dieſe, eine gründliche
163 3436 1183 3487 Durchgrabung des Gartens der Villa vorzunehmen, und dabei
165 3477 1182 3526 fand man unter einem Bohnenbeete, das Antlitz nach oben
165 3513 1182 3569 gekehrt, die eine Hand wie rachefordernd erhoben, die voll⸗
163 3551 1181 3608 ſtändig verweſte Leiche des Vermerſch. Der Zerſetzungszuſtand
166 3592 1185 3646 geſtattet nicht mehr die Feſtſtellung der Todesurſache, aber alle
163 3628 1182 3685 Umſtände nötigen zu dem Schluſſe, daß der Rentner von
161 3672 1183 3724 noch unbekannten Perſonen in jener Zeit, als der Diener
161 3707 1184 3761 Vercruyſſe durch den Kunſtgriff der falſchen Poſtkarte aus der
160 3748 1184 3800 Villa hinweggerufen war, ermordet und in ſeinem Garten ver⸗
162 3787 1179 3841 ſcharrt worden iſt. Der allergeringſte Verdacht fällt natürlich
166 3827 1182 3877 auf Vercruyſſe, aber das hat nicht verhindert, daß dieſer der
164 3865 1182 3919 erſte geweſen iſt, den die belgiſche Juſtiz verhaftet hat. Ver⸗
165 3905 1182 3955 cruyſſe kann höchſtens ein Zeuge ſein. Täter müſſen andere
162 3942 1185 3995 Perſonen ſein, während Vercruyſſe zweifellos bald wieder auf
162 3982 1182 4038 freien Fuß geſetzt werden muß. Nachdem die Polizei die
163 4019 1183 4075 grauſige Entdeckung im Garten gemacht hatte, die ſie bei eini⸗
165 4060 1181 4114 ger Aufmerkſamkeit und weniger Voreingenommenheit ſchon
163 4098 1182 4149 vor Jahresfriſt hätte machen müſſen, fand ſie ſich auch be⸗
166 4137 1180 4188 wogen, ſich einmal das obere Stockwerk der Villa Vermerſch
164 4176 1184 4231 anzuſchauen. Und dabei machten die Sherlock Holmes von
163 4215 1183 4266 Le Véſinet einige erbauliche Entdeckungen. Sie fanden ein
162 4254 1182 4305 blutbeſpritztes Bett, darauf eine gleichfalls blutbeſpritzte
158 4290 1180 4344 Frauenſchürze und ein großes Brotmeſſer mit alten Blutflecken.
158 4332 1188 4381 All das war früher den Spüraugen dieſer trefflichen Krimi⸗
162 4371 1184 4423 naliſten entgangen. Das Ehepaar Linder iſt inzwiſchen von
160 4410 1179 4459 dem Unterſuchungsrichter in Paris zeugenweiſe vernommen
160 4448 1180 4497 worden. Seine Ausſagen lauten ſehr präzis und entſchieden
165 4490 1180 4539 auf abſolutes Nichtswiſſen von den näheren Umſtänden des
159 4525 1181 4575 Todes des Rentners Vermerſch. Aber dieſe Ausſagen ſtehen
163 4563 1178 4615 mit Ausſagen anderer Zeugen im direkten Widerſpruche. Am
160 4604 1181 4657 genaueſten werden wohl Ivoris und Maria Debloecke über
162 4645 1181 4691 den Fäll unterrichtet ſein, aber ſie werden wohl auch die
160 4679 1182 4733 dringendſten Gründe haben, die Sache am wenigſten aufzu⸗
160 4720 1182 4770 klären. Auf Ivoris und ſeiner Geliebten laſtet ſchwerer Ver⸗
158 4757 1181 4807 dacht und beide wurden in Brüſſel verhaftet. Damit iſt die
159 4797 1182 4849 Unterſuchung an die belgiſchen Behörden übergegangen, da
158 4837 1179 4888 Ivoris und die Debloecke als belgiſche Staatsangehörige
160 4879 1180 4923 von dem Gerichte ihres Vaterlandes nicht nach Frankreich aus⸗
161 4915 1182 4970 geliefert werden. Inzwiſchen zeigt auch die Pariſer Polizei
162 4954 1184 5005 großen Eifer, um etwaige hier befindliche Komplicen aus⸗
158 4991 1181 5042 findig zu machen. Sehr ſpät. Nach Jahresfriſt laſſen ſich ſo
158 5031 1184 5080 ſchwere Verſäumniſſe, wie die Kriminalpolizei ſie in dieſem
159 5074 1180 5120 Falle begangen hat, kaum noch gut machen. Zu dem vielen
163 5109 1188 5157 Rätselhaften, das der Fall bietet, kommt noch folgendes: Ver⸗
159 5146 1189 5198 merſch hatte einen Hund. Das Tier hat nach dem Verſchwin⸗
1232 224 2245 267 den ſeines Herrn niemals Zeichen der Unruhe gezeigt, es hat
1225 263 2243 304 niemals durch ſein Verhalten den Platz im Garten, wo die
1230 296 2244 349 Leiche verſcharrt lag, angezeigt. Dieſer Hund hat ſich ſo gleich⸗
1232 342 1972 384 giltig benommen — als wäre er ein Menſch.
1296 382 2244 429 [Ein Rekord im Simultanſpiel.] Aus
1224 423 2246 468 München wird uns telegraphiert: Schachmeiſter Fahrny
1227 463 2242 508 hat geſtern hier in der Zeit von 4. Uhr nachmittags bis halb
1228 501 2243 549 12 Uhr nachts ein Simultanſpiel gegen hundert
1225 537 2244 582 andere Spieler, darunter auch ſehr gute Spieler, durch⸗
1221 578 2246 626 geführt. Fahrny gewann 55 Partien, 39 wurden Remis und
1222 617 2246 659 nur 6 Partien verlor er. Fahrny hat damit einen Rekord er⸗
1222 656 2241 702 reicht, da die Höchſtzahl der Simultanſpiele bisher 80 war,
1220 695 1895 739 die Bernſtein 1904 durchgeführt hat.
1300 737 2247 789 [Stilwidrige Kirchenkandelaber.] Wir er⸗
1224 782 2244 829 halten folgende Zuſchrift: „Wer Sinn für architektoniſche
1222 816 2244 867 Schönheit hat, erfreut ſich im Vorübergehen des Erſtlings⸗
1229 863 2245 907 werkes vom Dombaumeiſter Schmidt, der Kirche Maria vom
1227 899 2246 947 Siege am Mariahilfergürtel. Das Hauptportal dieſer Kirche
1223 941 2244 987 iſt nun verſchandelt worden. Anſtatt der einfachen Kandelaber
1227 980 2243 1029 Schmidts ſind nun zwei abgeſtummelte Teile der an und für
1224 1017 2245 1067 ſich ſchon häßlichen ſtädtiſchen Grätzin⸗Kandelabertype aufgeſtellt
1223 1062 2247 1105 worden. Eine kundige Hand hätte leicht die Kandelaber
1225 1102 2247 1145 Schmidts für Grätzin⸗Beleuchtung adaptieren können — aber
1226 1138 2247 1185 auch hier äußert ſich leider Pietätloſigkeit und Geſchmackloſig⸗
1226 1179 2246 1224 keit. A. Hablitſchek, Architekt, Mitglied der Deutſchen
1226 1219 2131 1266 Kunſtgenoſſenſchaft und des Albrecht Dürer⸗Vereines.“
1294 1266 2246 1314 [Todesfälle.] Heute nachmittags wurde die Leiche des
1218 1307 2241 1350 akademiſchen Medailleurs und Wappengraveurs Joſef Klei⸗
1219 1348 2244 1389 nert, Vaters des Redakteurs kaiſerlichen Rates Karl Erasmus
1221 1383 2243 1430 Kleinert und des akademiſchen Malers Joſef Edgar Kleinert, zu
1221 1423 2245 1469 Grabe getragen. Bei der Einſegnung in der Kirche St. Othmar
1219 1463 2241 1506 waren unter anderen Chefredakteurſtellvertreter der „Wiener
1217 1500 2245 1549 Zeitung“ kaiſerlicher Rat Dr. Sträßle und einige Mitglieder
1219 1541 2245 1584 der Redaktion anweſend. Die Leiche wurde zur Beiſetzung auf
1219 1580 2242 1625 den Zentralfriedhof gebracht. — Heute iſt hier Herr Sami
1221 1616 2241 1663 Seidl, Seniorchef der Firma Seidl & Back, im 54. Lebens⸗
1219 1657 2241 1702 jahre geſtorben.— Herr Moritz Koralek, Fabrikant in Topko⸗
1220 1697 2204 1743 witz an der Elbe, iſt am 28. d. im 60. Lebensjahre geſtorben.
1299 1744 2238 1789 [Erſte mähriſche Landespferdeausſtel⸗
1219 1783 2242 1830 lung.] Aus Olmütz wird uns berichtet: In Anweſenheit
1222 1824 2241 1866 des Ackerbauminiſters Baron Widmann, des Statthalters
1218 1859 2242 1906 Baron Heinold, des Landeshauptmannes Graſen Se⸗
1218 1900 2240 1946 renyi, des Grafen Jaroslaw Thun als Präſidenten und
1221 1940 2241 1990 des Freiherrn v. Baratta als Vizepräſidenten des Landes⸗
1222 1979 2244 2024 kulturrates wurde heute hier die Erſte mähriſche Landespferde⸗
1223 2015 2243 2065 ausſtellung eröffnet, die zahlreich beſchickt iſt. Es ſind über
1223 2059 1813 2105 400 Pferde beſter Zucht ausgeſtellt.
1293 2102 2236 2152 [Ein Meteor.] Man ſchreibt uns: „Als ich am 29. d.
1219 2141 2242 2189 durch die Grillparzerſtraße gegen die Ringſtraße zu ging, ſah ich
1217 2181 2243 2226 um zirka ½ 9 Uhr abends ein herrliches Kugelmeteor
1217 2221 2241 2270 langſam in nördlicher Richtung gegen die Univerſität zu fliegen.
1220 2261 2245 2304 Die Erſcheinung glich einer Rakete, ſchien nicht ſehr hoch über
1220 2299 2244 2343 die Häuſer herzukommen und in ſanft geneigter Bahn niederzu⸗
1218 2337 2245 2387 gehen. Dr. N.“ — Eine zweite Zuſchrift lautet: „Am 29. d.
1223 2376 2244 2422 um 8 Uhr 38 Minuten abends ſah ich vom oberen Stadtplatze
1221 2415 2244 2462 in Kloſterneuburg ein ungemein hell leuchtendes Meteor in der
1221 2452 2241 2502 Richtung vom Hermannskogel gegen den Biſamberg, das iſt von
1219 2493 2242 2540 Weſtſüdweſt gegen Oſtnordoſt, ſich bewegen. Das Meteor iſt
1219 2531 2242 2578 inſofern einem Kometen ähnlich geweſen, als es einen intenſiven
1221 2572 2240 2615 Feuerſchein nach ſich zog. Soweit ich beobachten konnte, erloſch
1220 2608 2242 2657 es plötzlich beiläufig 50 Grad vor Erreichung des Horizonts.
1218 2651 1562 2692 Baronin Bettina N.“
1298 2691 2240 2744 [Konkursverhängung über den Nachlaß des
1218 2732 2242 2780 ermordeten Agenten Dedejan] Das Wiener
1217 2774 2248 2823 Landesgericht hat heute über das Nachlaßvermögen des am
1222 2811 2243 2859 16. Januar 1911 von ſeinem Landsmann Igra Eremian er⸗
1216 2849 2243 2897 mordeten Agenten Jakob Dedejan in Wien, 20. Bezirk,
1218 2890 2244 2940 Greiſeneckergaſſe 11, den Konkurs eröffnet. Zum Konkurs⸗
1219 2931 2241 2975 kommiſſär wurde Landesgerichtsrat Thauner, zum einſtweiligen
1217 2969 2242 3013 Maſſeverwalter Dr. Iſak Allerhand beſtellt. Die Termine
1221 3007 2190 3057 wurden für den 11. und 31. Juli ſowie 4. Auguſt feſtgeſetzt.
1297 3056 2243 3098 [Frequenz der Kurorte.] Die letzten Kurliſten weiſen
1219 3091 2242 3134 nachſtehende Frequenzziffern der Kurorte und Sommerfriſchen aus:
1219 3122 2246 3166 Abbazia 23.838, Auſſee 930, Baden 14.310, Bad Hall 1842, Balaton⸗
1214 3156 2246 3201 bad 242, Conſtantinbad 201, Eichwald bei Teplitz 219, Faakerſee 51,
1219 3196 2244 3238 Franzensbad 5125, Gainfahrn 1092, Gießhübl⸗Sauerbrunn 67,
1222 3228 2246 3268 Gleichenberg 1243, Gmunden 805, Goiſern 601, Gräfenberg⸗Frei⸗
1221 3262 2243 3306 waldau 1010, Hofgaſtein 1320, Karlsbad 29.970, Königswart 115,
1219 3297 2244 3340 Krapina⸗Töplitz 1165, Luhatſchowitz 1292, Marienbad 11.988,
1220 3331 2244 3373 Piſtyan 7210, Reichenau (Edlach, Prein) 1616, Reichenhall 4376,
1220 3367 2244 3409 Römerbad 179, Rohitſch ⸗ Sauerbrunn 889, Semmering 7346,
1226 3402 2241 3443 Spindelmühle 755, Teplitz⸗Schönau 2293, Trencſin⸗Teplicz 2905,
1222 3435 2241 3479 Veldes 1192, Vöslau 2598, Zuckmantel 177, Bad Elſter 4802, Bad
1222 3477 1726 3512 Nauheim 14.775, Helgoland 3832.
1309 3538 2241 3580 [Der Erſte Wiener Ferienkolonien⸗Spar⸗
1217 3574 2238 3617 und Unterſtützungsverein für Kinder, 4. Bezirk,
1216 3606 2240 3651 Karlsgaſſe 3,] unter dem Protektorate der Erzherzogin Maria
1217 3643 2239 3687 Rainer, ſendet auch dieſes Jahr über 1000 Koloniſten auf das Land.
1220 3678 2244 3721 Gegenwärtig befinden ſich im fürſtlich Liechtenſteinſchen Schloſſe
1221 3711 2244 3756 Thernberg, welches der Verein ſeit dreißig Jahren dank der Muni⸗
1221 3747 2247 3788 fizenz des regierenden Fürſten Johann von und zu Liechtenſtein für
1220 3781 2247 3826 ſeine Schützlinge während der Sommermonate beziehen darf, über
1219 3816 2247 3856 100 Kinder. Weiters befinden ſich derzeit ſchon in Steiermark,
1221 3851 2245 3891 Mitterdorf und Kindberg die Koloniſten. Am 4. Juli tritt eine große
1220 3884 2242 3929 Schar die Reiſe nach Schloß Wolfpaſſing, ſowie Langenwang und
1224 3916 2245 3963 Lutſchaun in Steiermark an. Dieſen folgen mit Beginn der Ferien
1225 3953 2242 3996 die unter dem beſonderen Schutze des Erzherzogs Rainer und ſeiner
1219 3988 2245 4033 Gemahlin ſtehenden Koloniſten nach Oberpieſting in das dortige neue
1215 4023 2242 4066 Schulgebäude. Die letzten Ferienkoloniſten treten ihre Heimreiſe An⸗
1216 4058 2241 4102 fang September an. Um Spenden zur Gründung eines Kinderheims
1220 4091 2246 4135 und Erhaltung unſerer Ferienkolonie wird innigſt gebeten. Dieſe
1220 4127 2244 4166 werden von der Adminiſtration der „Neuen Freien Preſſe“ ſowie in
1218 4159 2151 4205 der Vereinskanzlei, 4. Bezirk, Karlsgaſſe 3, entgegengenommen.
1299 4201 2246 4245 [Die behördlich genehmigte Schreibmaſchin⸗
1220 4237 2246 4286 und Stenographieſchule Glogowski & Co.,]
1216 4274 2242 4318 1. Bezirk, Franz Joſefskai 15, eröffnet am 1. Juli wieder Spezial⸗
1217 4307 2241 4351 kurſe. Einſchreibungen für dieſe Kurſe finden am Dienstag und
1216 4342 2244 4383 Donnerstag ſtatt. Die Aufnahmen in die allgemeinen Kurſe finden
1218 4374 2245 4419 täglich von 10 bis 12 Uhr vormittags und von 3 bis 5 Uhr nach⸗
1217 4420 1406 4455 mittags ſtatt.
1301 4454 2241 4495 [Ein Vortrag des Profeſſors Herzfeld im
1218 4485 2242 4533 Marienbader Aerzteverein!] Vor einigen Tagen hielt
1217 4522 2245 4562 der bekannte Wiener Gynäkologe Profeſſor Herzfeld im Marien⸗
1217 4555 2245 4598 bader Aerzteverein einen Vortrag über konſervative Behandlung
1218 4590 2242 4635 chroniſch entzündlicher Erkrankungen der weiblichen Sexualorgane.
1216 4623 2244 4668 Aus dem ſehr intereſſanten und formvollendeten Vortrage wäre be⸗
1215 4660 2244 4703 ſonders die ſeit langem bekannte Superiorität Marienbads als
1219 4694 2247 4735 Frauenheilbad hervorzuheben. Bei dem ungewöhnlichen Reichtum an
1218 4727 2245 4771 Eiſenmoor unterſtützen die ſtark glauberſalzhältigen Wäſſer die Be⸗
1218 4761 2243 4808 hebung der beinahe immer vorkommenden Darmſtörungen in emi⸗
1218 4796 2242 4841 nenter Weiſe und ſichern dadurch die Erzielung eines vollen Heil⸗
1217 4836 1346 4876 erfolges.
1388 4889 2075 4931 Kirchenmuſik für Sonntag den 2. Juli.
1302 4934 2245 4975 In der Votivkirche um 10 Uhr: Asperges, Introitus
1219 4969 2245 5013 und Communio: Choral; Meſſe in B-dur von Vinzenz Goller,
1218 5003 2245 5046 Graduale („Benedicta“) von J. Singenberger und Offertorium
1223 5041 1752 5083 („Beata es“) von Johann Diebold.
1304 5070 2243 5116 In der altkatholiſchen St. Salvatorkirche um
1221 5103 2240 5151 ½ 10 Uhr: „Frohlocket hoch, ihr Menſchenkinder“ von Skalich und
1223 5147 1723 5186 Andante religioso von Thomé.
2389 214 3199 268 Eine neue Transplantationsmethode.
2331 270 3263 321 Wichtige Entdeckung amerikaniſchen Gelehrten.
2538 328 3056 366 (Telegramm der „Neuen Freien Preſſe“.)
2365 370 3311 428 Berlin, 30. Juni. Eine aufſehenerregende medi⸗
2280 413 3311 468 ziniſche Entdeckung wurde heute in Berlin von einem
2281 459 3311 514 jungen amerikaniſchen Forſcher, Profeſſor Carrel, vom
2282 503 3310 552 Rockefeller⸗Inſtitut in Newyork vor einem
2277 544 3310 595 kleineren Kreiſe von Aerzten in dem Auditorium der
2278 588 3306 635 wiſſenſchaftlichen Abteilung des chirurgiſchen Univerſitäts⸗
2279 634 2728 680 klinikums bekanntgegeben.
2360 674 3309 721 Das mit großen Mitteln ausgeſtattete Rockefeller⸗Inſtitut
2279 716 3308 764 in Newyork iſt eine Stätte freier wiſſenſchaftlicher For⸗
2282 759 3309 810 ſchung, etwa nach Art des von Ehrlich in Frankfurt am
2281 804 3310 854 Main geleiteten Speyer⸗Inſtitutes. Der Umfang der zur
2282 848 3311 895 Verfügung ſtehenden Summen ermöglicht die Anſtellung
2281 893 3311 939 einer großen Zahl von Forſchern, bei denen lediglich nach
2280 936 3309 981 der wiſſenſchaftlichen Befähigung geſehen wird. Einer der
2280 976 3309 1026 erfolgreichſten unter ihnen iſt der jetzt 38jährige Chirurg
2282 1019 3308 1068 Alexis Carrel aus Lyon, der ſich ſchon ſeit Jahren
2280 1062 3308 1111 durch ſeine Experimente über Gefäßnähte, Ueberpflanzung
2284 1107 3309 1156 von Gefäßſtücken und Organen von einer Körperſtelle auf
2281 1152 3315 1197 die andere oder von einem Tier auf das andere Weltruf
2281 1193 3310 1240 verſchafft hat. Auf ſeinen Methoden beruhte zum Beiſpiel
2282 1238 3310 1284 die im vorigen Jahre von Unger in Berlin ausgeführte
2281 1280 3311 1330 Operation, bei der es gelungen war, eine Affenniere im
2279 1323 3116 1372 menſchlichen Körper zur Einheilung zu bringen.
2368 1366 3310 1411 Neuerdings beſchäftigt ſich Carrel mit dem Studium
2280 1408 3311 1463 des Wachstums von Körpergeweben außer⸗
2281 1450 2731 1500 halb des Körpers.
2366 1498 3314 1546 Das bisherige Ergebnis ſeiner Experimente führte:
2282 1543 3309 1590 er heute einem kleinen Kreiſe von Gelehrten vor.
2285 1586 3303 1632 Carrel und ſeinen Mitarbeitern iſt es gelungen,
2284 1629 3306 1678 Gewebe vom fertigen ausgewachſenen
2285 1672 3301 1719 Individuum außerhalb des Körpers
2281 1719 2693 1763 weiterzuzüchten.
2362 1757 3306 1803 Was Robert Koch mit ſeinen Gelatinekulturen be⸗
2283 1803 3310 1853 züglich der Kleinlebeweſen gelungen, iſt hier in ſeinen An⸗
2281 1848 3308 1894 fängen für die hochentwickelten Tiere verwirklicht. Als
2284 1891 3309 1938 Kultur wird Blutplasma genommen, das heißt Blut⸗
2282 1933 3309 1982 flüſſigkeit, aus der rote und weiße Blutkörperchen ent⸗
2281 1979 3098 2026 fernt, Serum und Fibrin zurückbehalten ſind.
2364 2022 3307 2070 Der Vortragende zeigte in Lichtbildern Photogramme
2286 2059 3311 2111 mikroſkopiſcher Präparate von der Haut und der Schild⸗
2283 2107 3308 2156 drüſe von Mäuſen, Fröſchen und Hühnern, an denen
2284 2149 3309 2197 man mit aller Genauigkeit ſehen konnte, wie von der
2286 2196 3305 2245 Grenzzone des aus dem lebenden Tiere
2280 2239 3308 2290 herausgeſchnittenen Gewebes aus neue
2282 2281 3213 2330 Gewebsteile weitergewachſen waren.
2369 2326 3312 2370 Unter den Bildern befanden ſich unter anderen
2278 2366 3307 2419 folgende: Man ſchneidet ein kleines Hautſtückchen aus
2285 2407 3309 2457 dem Körper und bringt in der Mitte eine Schnittwunde
2286 2452 3307 2501 an, nun ſieht man deutlich, wie die ſo entſtandene Ge⸗
2282 2498 3304 2546 webslücke ſich allmählich mit neuem Gewebe ausfüllt, die
2283 2540 3306 2585 Wunde alſo vernarbt. Dabei bietet ſich weiter die Möglich⸗
2284 2584 3304 2631 keit, zu erforſchen, ob und inwieweit ein Zuſatz von
2284 2627 3310 2674 Chemikalien das Wachstum des neuen Gewebes fördert
2279 2675 2495 2716 oder hemmt.
2366 2713 3310 2761 Gleiche Beobachtungen laſſen ſich an Geſchwulſten
2279 2756 3307 2803 machen. Von ſolchen krebsartiger Natur wurden Bilder
2280 2796 3305 2849 gezeigt. Man ſah deutlich das Stückchen der urſprüng⸗
2280 2844 3305 2892 lichen Geſchwulſt und die ganz enorme Maſſe neuen
2282 2887 3301 2935 Gewebes, die auf dem künſtlichen Nährboden innerhalb
2283 2930 3305 2976 24 Stunden hinzugewachſen war. Man ſah ferner,
2282 2974 3304 3024 wie Veränderungen der äußeren Bedingungen das Wachs⸗
2282 3013 3306 3065 tum der Geſchwulſt noch mehr zu beſchleunigen oder aber
2283 3059 3305 3107 in viel ſtärkerem Maße zu hemmen vermögen als beim
2281 3106 2600 3148 normalen Gewebe.
2363 3145 3305 3192 Vorläufig handelt es ſich hier noch um Experimente,
2279 3188 3306 3238 aber ſie bieten den Ausblick auf eine praktiſche Nutz⸗
2283 3233 3309 3281 anwendung beim Menſchen, weil nunmehr die
2283 3274 3307 3323 Möglichkeit geboten iſt, außerhalb des Körpers
2283 3316 3306 3365 die Wirkungsweiſe von Mitteln zur
2279 3361 3304 3408 Wundheilung oder zur Behandlung des
2281 3406 2814 3452 Krebſes zu ſtudieren.
2363 3446 3304 3498 In einigen Dankesworten gab zum Schluß Profeſſor
2281 3491 3304 3539 Vier, der bekannte Berliner Chirurg, unter dem Beifall
2284 3534 3305 3581 aller Anweſenden dieſer Bedeutung der neuen Forſchungen
2284 3577 3305 3628 Ausdruck. Auch der als Gaſt anweſende bekannte Chemiker
2282 3619 3302 3670 Geheimrat Fiſcher beglückwünſchte den Newyorker Gaſt
2278 3663 3303 3713 zu ſeiner außerordentlichen Entdeckung und Profeſſor
2280 3707 3301 3752 Sticker wies ausdrücklich darauf hin, daß die Carrelſche
2284 3749 3307 3799 Entdeckung ungeahnte Ausblicke auf die ganze moderne
2286 3795 2677 3843 Geſchwulſtlehre eröffne.
2310 3878 3283 3932 Die Proteſtaktion gegen die Errichtung eines
2360 3926 3230 3975 Tuberkulosenheims auf dem Semmering.
2857 3982 3269 4024 Semmering, 30. Juni.
2360 4032 3307 4077 Nach Schluß der Proteſtverſammlung, über deren Verlauf
2281 4072 3303 4117 im Abendblatte berichtet wurde, begaben ſich die Teilnehmer
2282 4110 3304 4155 und die inzwiſchen eingetroffenen Mitglieder der Kommiſſion
2284 4150 3307 4196 zu der zirka eine halbe Stunde vom Gaſthauſe Hanl in
2287 4191 3303 4232 Breitenſtein entfernten Bauſtelle, die ſich 849 Meter über dem
2286 4229 3308 4273 Meere befindet und gegen Süden und Oſten vorzüglich ge⸗
2282 4268 3306 4312 ſchützt, von Wald und Wieſen umgeben iſt. Der Weg führt
2283 4308 3304 4351 über die mit einem Koſtenaufwande von 100.000 K. eigens
2282 4347 3304 4390 für das Tuberkuloſenheim von Dr. Kupelwieſer ange⸗
2283 4383 3308 4432 legte Straße, welche das Heim mit der Station Breitenſtein
2284 4427 2516 4470 verbinden ſoll.
2356 4464 3305 4509 Vor der Kommiſſionierung wurde auf der Bauſtelle ſelbſt die
2283 4503 3305 4548 Proteſtverſammlung fortgeſetzt. Oberbaurat Engelmann
2284 4543 3307 4586 proteſtierte namens des Landesverbandes für Fremdenverkehr
2285 4582 3305 4624 auf das entſchiedenſte gegen das Projekt. Er verwies auf einen
2285 4619 3307 4666 Bauplatz bei Mariazell, auf den er Herrn Dr. Kupelwieſer
2283 4658 3309 4708 wiederholt aufmerkſam gemacht habe. Herr Gersbacher
2282 4698 3266 4745 proteſtierte namens der Gewerbetreibenden vom Semmering.
2358 4736 3305 4785 In beſonders ſcharfer Weiſe nahm der belgiſche General⸗
2281 4771 3306 4824 konſul v. Doret, Villenbeſitzer am Semmering, Stellung
2283 4814 3305 4860 gegen das Projekt. Er verwies auf eine ſeinerzeit von Baron
2284 4853 3307 4901 Nathaniel Rothſchild geplante Stiftung zur Errichtung
2281 4887 3300 4939 eines Tuberkuloſenheimes in Reichenau, gegen die Erz
2284 4930 3303 4979 Herzog Karl Ludwig Einſprache erhoben habe, weil die
2286 4969 3304 5016 Gegend ſonſt ruiniert worden wäre. Redner meint, wenn man
2281 5007 3302 5057 ſich an den Sohn des Erzherzogs, an den Thronfolger,
2283 5045 3303 5095 wenden würde, ſo würde er ſich an die Aktion in Reichenau
2284 5084 3302 5133 erinnern und gewiß denſelben Standpunkt einnehmen wie
2279 5128 2457 5173 ſein Vater.
