3488 5345
162 211 356 252 Nr. 11085
926 202 1200 248 Wien, Samstag
1453 200 2037 244 Neue Freie Presse.
2299 191 2527 236 6. Juli 1895
3118 182 3250 222 Seite 5
122 282 1147 333 ihrem „Roſengärtlein“ erzählt, von dem die verzweifelten Ge⸗
120 323 1147 373 fangenen den Todesſprung in den Abgrund machten. Bald er⸗
121 360 1147 406 blicken wir dann das Schloß und Kloſter Schönbihel und das
123 401 1148 446 auf einer Felſenkrone gelegene Stift Melk, die Perle unter den
122 435 1149 487 berühmten Benedictiner⸗Klöſtern Oeſterreichs. Dort verlaſſen die
120 476 1148 524 Wiener, welche bis an die Spitze der Wachau gelangen wollen,
123 514 1150 564 das Schiff um 7 Uhr Morgens. Eine reiche Auswahl herrlicher
123 552 1149 602 Partien ſteht ihnen zu Gebote. Bahn und Schiff ſtehen ihnen für
123 591 1149 642 die Rückkehr zur Verfügung. Sowol die Dampfſchifffahrt⸗Geſell⸗
122 629 1150 680 ſchaft als die Staatsbahnen geben Rundreiſekarten für die Fahrt
124 669 1150 719 aus, welche die Benützung beider Fahrgelegenheiten geſtatten.
123 707 1149 755 Jeder Sonntag bringt in die Wachau neue Gäſte, und die herr⸗
122 744 1150 795 liche Gegend, der duftige Wein und die freundliche Aufnahme
123 784 1151 835 ziehen ſie bald wieder in das ſchöne Donauthal, das an Reiz
122 828 902 874 hinter den ſchönſten Rheinpartien nicht zurückſteht.
200 868 1151 923 [Ruſſiſche Kirche in Marienbad.] Großfürſt
122 909 1151 957 Wladimir von Rußland übergab vor ſeiner Abreiſe aus
124 947 1151 997 Marienbad dem Beſitzer des dortigen Hotel⸗Caſinos, Herrn
123 987 1151 1036 Petzoldt, als Beitrag für die Erbauung einer ruſſiſchen Kirche
123 1033 471 1077 in Marienbad 200 fl.
202 1072 1152 1124 [Aus Curorten und Sommerfriſchen.] Der
124 1111 1154 1163 Schulſchluß naht, an einigen Unterrichtsanſtalten haben die Ferien
124 1152 1154 1205 ſogar ſchon begonnen, und zahlreiche Familien, welche blos dieſen
124 1190 1154 1238 Termin abwarten, um der Stadt den Rücken kehren zu können,
126 1227 1155 1278 rüſten zur Abreiſe. Seit Wochen bildet die Frage: Wohin? faſt
125 1268 1154 1316 das ausſchließliche Tagesgeſpräch, und es werden alle Behelfe zu
125 1307 1154 1356 Rathe gezogen, um die Erholungspauſe in der zweckentſprechendſten
126 1345 1155 1394 und dabei angenehmſten Weiſe verbringen zu können. Hand in
126 1383 1154 1435 Hand mit der Entwicklung der Verkehrsmittel macht ſich das
129 1422 1154 1470 Streben immer deutlicher bemerkbar: Nur weit weg! Es werden
129 1458 1155 1511 manchmal förmliche Recordfahrten veranſtaltet, und Viele, denen
128 1500 1155 1551 es die Mittel geſtatten, nehmen Sommeraufenthalt jenſeits der
127 1536 1155 1590 ſchwarz⸗gelben Grenzpfähle, um weit, weit entfernt von heimiſchen
128 1575 1155 1629 Stimmungen und Verſtimmungen volle Erholung zu ſuchen. Aber
129 1615 1157 1668 es iſt doch nur die Minorität, die überwiegend große Maſſe bleibt
129 1656 1157 1703 im Lande und nährt ſich redlich von unſerer Alpenluft und noch
129 1693 1156 1746 ſubſtantielleren Dingen. Die localen Behörden in unſeren Cur⸗
128 1733 1156 1782 orten und Sommerfriſchen bieten Alles auf, um etwa beſtehenden
129 1771 1157 1821 Uebelſtänden abzuhelfen und Einrichtungen zu ſchaffen, welche
129 1806 1155 1859 dazu beitragen, den Strom der Reiſenden im Inlande feſtzuhalten.
131 1849 1155 1900 Auch kleinere, idylliſche Plätze thun ſich darin vortheilhaft hervor.
130 1887 1155 1936 Aus Gaming in Niederöſterreich wird uns geſchrieben: Harz⸗
130 1923 1157 1975 duftende Fichtenwälder, welche mit grünen Bergwieſen wechſeln,
131 1962 1158 2013 umrahmen den ſchmucken Markt, der durch die Flügelbahn
131 2003 1158 2053 Pöchlarn⸗Kienberg⸗Gaming zum natürlichen Ausgangspunkt für
131 2041 1158 2092 die reichlohnenden Ausflüge zum Oetſcher, Dürrenſtein und zu
132 2078 1160 2130 den Lunzer Seen wird. Der Beſuch dieſes Gnadenwinkels der
132 2117 1159 2168 Natur wächſt von Jahr zu Jahr und der Verſchönerungsverein
132 2158 1160 2208 daſelbſt iſt bemüht, den Sommergäſten den Aufenthalt zu einem
133 2197 1160 2248 genußreichen zu machen; einem viel gehegten Wunſche und wahr⸗
133 2235 1160 2286 haften Bedürfniſſe entſprechend, wurde das hier bereits beſtehende
134 2275 1160 2323 Bad im Vorjahre bedeutend vergrößert und mit Warmbädern
135 2311 1160 2364 ſammt Douche neu hergeſtellt; das Vollbad wird von ſpiegel⸗
134 2350 1160 2399 klarem Quellwaſſer geſpeiſt und erreicht die Temperatur von 17
135 2386 1161 2438 bis 19 Grad. Die Bade⸗Anſtalt befindet ſich, landſchaftlich reizend
135 2424 1161 2482 gelegen, im Weichbilde des Ortes. Hiſtoriſch erhält Gaming Be⸗
137 2466 1160 2521 deutung durch ſeine im 14. Jahrhundert von Herzog Albrecht II.
135 2515 511 2555 erbaute Karthäuſerkirche.
212 2543 1162 2594 Auch heuer wird der inmitten von Föhren⸗ und Tannen⸗
137 2583 1163 2634 wäldern herrlich gelegene Luftcurort Alexanderhof nächſt
137 2620 1163 2675 Siegenfeld, unweit von Baden gern von Reconvalescenten auf⸗
136 2660 1163 2713 geſucht. Der Curort bietet durch hervorragende klimatiſche Ver⸗
135 2698 1164 2751 hältniſſe, als auch durch ſonſtige Vortheile einen angenehmen Auf⸗
136 2738 1163 2789 enthalt. Durch die hohe Lage iſt die Luft von ausgezeichneter
136 2786 464 2826 Reinheit und Friſche.
213 2815 1163 2866 Aus Bozen ſchreibt man uns: Das Project, die Sommer⸗
137 2855 1164 2905 friſchorte am Ritten mit der Stadt Bozen durch die Errich⸗
137 2892 1164 2944 tung einer Bergbahn näher zu verbinden, begegnet vielen Sym⸗
138 2932 1165 2985 pathien und hat begründete Ausſichten auf Verwirklichung, umſo⸗
138 2972 1165 3020 mehr als keine bedeutenden Schwierigkeiten bei dieſem Unternehmen
139 3009 1165 3056 obwalten und auch der Finanzplan ein günſtiger iſt. Dieſe Berg⸗
137 3047 1166 3098 bahn, ſchmalſpurig, theilweiſe als ſogenannte Adhäſionsbahn, theil⸗
139 3087 1166 3136 weiſe als Zahnradbahn gedacht, ſoll von einer privaten Geſellſchaft
137 3125 1166 3177 gebaut und unterhalten werden, und wird demnächſt die Tracirung
137 3163 1166 3213 der Strecke vorgenommen werden. Der Ausgangspunkt ſollte in
138 3204 1168 3251 St. Oswald am Fuße des Oberbozener Berges ſein, von wo aus
138 3239 1167 3290 die Bergbahn in Serpentinen und durch einen kleinen Kehrtunnel
139 3279 1168 3331 beim Plonerhof zur Sommerfriſche „Oberbozen“ emporſteigt. Hier
141 3320 1168 3369 wendet ſich dann die Bahn über das Plateau des Berges gegen
141 3357 1168 3407 Nordoſten (Adhäſionsſtrecke) nach Klobenſtein und Lengmoos am
141 3396 1168 3447 Ritten; an dieſem Orte ſoll vorläufig die Endſtation ſein, doch
1190 276 2216 320 iſt beim Prosperiren des Unternehmens deren Fortſetzung bis auf
1190 315 2219 361 Rittnerhorn (zum Schutzhauſe des Oeſterreichiſchen Touriſten⸗
1191 352 2217 397 Clubs) in weitere Ausſicht genommen. Die Entfernung von Bozen
1191 391 2218 434 bis Klobenſtein am Ritten beträgt ungefähr 12 Kilometer; die
1191 429 2218 476 Herſtellungskoſten würden ſich auf etwa 800,000 fl. belaufen. Die
1192 469 2218 514 Bergbahn auf den Ritten ſoll hauptſächlich Fremdenverkehrszwecken
1191 513 1293 549 dienen.
1267 554 2220 601 [Rectorswahl.] Aus Graz wird uns gemeldet: Zum
1193 591 2222 639 Rector der hieſigen techniſchen Hochſchule für das nächſte Studien⸗
1192 632 2220 677 jahr wurde heute der Profeſſor der chemiſchen Technologie,
1190 674 1669 714 Maximilian Kraft, gewählt.
1271 721 2224 766 [Brand.] Aus Laibach wird berichtet: Geſtern um
1196 761 2223 805 11 Uhr Vormittags brach in der Ortſchaft Schwiza im poli⸗
1194 799 2223 844 tiſchen Bezirke Laibach ein großes Schadenfeuer aus, welches, durch
1194 838 2223 882 den Wind begünſtigt, 13 Wohn⸗ und 29 Wirthſchaftsgebäude
1195 876 2224 921 einäſcherte. Ein Grundbeſitzer kam bei dem Verſuche, ſein Vieh
1193 916 2224 960 zu retten, ums Leben. 19 Stück Vieh gingen zu Grunde. Der
1194 955 2221 998 Schaden überſteigt 24,000 fl., die Verſicherung iſt eine minimale.
1196 993 2227 1038 Es wird angenommen, daß Unvorſichtigkeit die Urſache des Feuers
1195 1037 1373 1078 geweſen ſei.
1273 1078 2227 1123 [Für das Frauenſtudium.] Der ungariſche Unter⸗
1196 1115 2225 1162 richtsminiſter richtete an das Profeſſoren⸗Collegium der Budapeſter
1197 1154 2225 1201 Univerſität die Anfrage, ob dasſelbe den Beſuch der Vorleſungen
1197 1193 2226 1238 durch Frauen für zuläſſig halte. Die mediciniſche und philoſophiſche
1197 1233 2225 1279 Facultät, welche ſich in erſter Reihe für dieſe Frage intereſſirten,
1197 1273 2226 1316 ſprachen ſich für die Zulaſſung aus. Dieſer Anſicht pflichtete nun⸗
1197 1312 2226 1354 mehr auch der Univerſitäts⸗Senat bei, welcher ausſprach, daß den
1195 1350 2226 1395 Frauen der Beſuch von Fall zu Fall zu geſtatten ſei, und ſolche,
1198 1387 2229 1432 welche die vorſchriftsmäßige Vorbildung beſitzen, Medicin und
1198 1428 2228 1470 Pharmacie ſtudiren und Diplome erlangen können. Der Senat
1197 1466 2228 1510 theilte dieſe ſeine Entſcheidung der in Rede ſtehenden Frage dem
1199 1505 1467 1549 Miniſterium mit.
1275 1550 2229 1595 [Berliner Gewerbe⸗Ausſtellung 1896.] Die
1197 1590 2231 1635 ſeit vielen Jahren in Vorbereitung begriffene, gewerbliche Aus⸗
1198 1629 2231 1673 ſtellung in Berlin wird nunmehr im Jahre 1896 ſtattfinden. Nach
1199 1668 2229 1710 dem uns vom Arbeitsausſchuſſe zugeſendeten Programm wird die
1199 1707 2229 1751 Ausſtellung 24 Gruppen umfaſſen, und zwar nebſt den rein
1200 1744 2230 1790 gewerblichen Erzeugniſſen alle Wohlfahrtseinrichtungen, ſowie den
1199 1785 2229 1828 heutigen Stand der Geſundheitspflege und der Unfallverhütung,
1199 1823 2230 1864 ferner den Gartenbau, Unterricht und Erziehung, Sport, Re⸗
1197 1860 2230 1903 ſtaurationsweſen, endlich auch eine Colonial⸗Abtheilung zur Vor⸗
1199 1900 2230 1945 führung bringen. Die Ausſtellung ſoll ein Geſammtbild der Ber⸗
1200 1939 2232 1981 liner Gewerbe⸗Thätigkeit bieten und die Bedeutung Berlins als
1199 1978 2231 2020 Induſtrie⸗ und Handelsſtadt klarſtellen. Auch dem Kunſtgewerbe
1200 2015 2230 2061 ſoll hervorragende Aufmerkſamkeit gewidmet werden. Um demſelben
1202 2055 2232 2099 neue Ideen zuzuführen, kommen kunſtinduſtrielle Arbeiten früherer
1200 2093 2233 2141 Zeiten zur Ausſtellung, und Kaiſer Wilhelm hat die Ge⸗
1201 2130 2231 2178 nehmigung zur Expoſition der in ſeinem Beſitze befindlichen kunſt⸗
1203 2170 2230 2216 gewerblichen Schätze ertheilt. Der Ausſtellungsplatz wird ſich im
1203 2210 2231 2253 Treptower Parke befinden und ſoll größer werden als der aller
1203 2248 2232 2292 ſeitherigen Weltausſtellungen in Europa. Auch der Unterhaltung
1204 2288 2229 2331 ſoll in erſter Reihe durch die Erbauung von „Alt⸗Berlin“
1204 2324 2232 2369 auf einem Platze von 45,000 Quadratmetern Ausdehnung Rech⸗
1206 2364 2233 2409 nung getragen werden. Dasſelbe ſoll Berlin in ſeinem Schaffen
1205 2403 2233 2448 wie im Genießen zeigen und in die Tage zurückverſetzen, „da der
1206 2441 2234 2486 Märker noch ſchwere Grenzwacht hielt“. Auch eine „Straße von
1204 2481 2233 2524 Kairo“, die bekanntlich als Rue de Caire bei der Pariſer Aus⸗
1204 2518 2235 2565 ſtellung 1889 figurirte, ſoll es geben. Hier ſoll die Berliner Kunſt
1206 2559 2232 2602 imitirender Decoration an einem bekannten Object die Eigenart
1202 2597 2235 2644 genau erfaſſender Nachſchaffung darthun. Die Ausſtellung ſoll
1204 2637 2235 2678 vom Mai bis October 1896 dauern. Protector derſelben iſt
1206 2672 2235 2719 Prinz Friedrich Leopold von Preußen, Ehrenpräſident der
1206 2715 2036 2759 preußiſche Handelsminiſter Freiherr v. Berlepſch.
1283 2760 2236 2804 [Wiener im Norden.] Aus Bergen wird uns ge⸗
1207 2798 2238 2844 meldet: Die Reiſegeſellſchaft, welche ſich an der Nordlandsfahrt
1205 2838 2238 2880 des Wiſſenſchaftlichen Clubs betheiligt, iſt glücklich in Bergen ein⸗
1206 2875 2238 2922 getroffen. Montag wurde bei überaus ſchlechtem Wetter der
1208 2913 2238 2958 Svartiſen⸗Gletſcher beſichtigt. Dienſtag hatte ſich das Firmament
1208 2953 2238 2999 wieder aufgeklärt und geſtattete auf der Inſel Torge den Aufſtieg
1209 2991 2239 3037 auf den Hullat, eine intereſſante kleine Bergpartie. Mittwoch fand
1209 3030 2238 3075 die Fahrt nach dem felſenumſchloſſenen prächtigen Geirangerfjord
1209 3070 2242 3113 ſtatt, wo die vielen von den ſchroffen Bergwänden herabſtürzenden
1209 3108 2240 3153 Waſſerfälle ein mächtiges Echo wecken. Geſtern Abends fand auf
1208 3147 2055 3192 dem Schiff eine improviſirte Theater⸗Vorſtellung ſtatt.
1286 3194 2242 3238 [Hermann v. Helmholtz.] Ein in Berlin am
1210 3233 2241 3279 8. September v. J. zuſammengetretenes Comité hat den Beſchluß
1211 3271 2241 3317 gefaßt, dem großen Forſcher dortſelbſt ein ſeiner Verdienſte
1211 3311 2241 3354 würdiges Denkmal zu ſetzen, und im Juni dieſes Jahres hat ſich
1211 3350 2242 3391 in Wien ein aus öſterreichiſchen Gelehrten zuſammengeſetztes
1211 3388 2242 3433 Comité auf Anregung des Profeſſors der Phyſiologie Sigmund
2256 262 3286 313 Exner und unter dem Vorſitz des Profeſſors der Philoſophie
2259 304 3285 351 Robert Zimmermann zu dem Zwecke gebildet, die Ab⸗
2260 344 3284 391 tragung dieſer wiſſenſchaftlichen Ehrenſchuld durch Sammlung von
2260 381 3286 429 Beiträgen innerhalb Oeſterreichs zu fördern. Die Einſendung der⸗
2258 421 3287 464 ſelben, ſpäteſtens bis zum Schluſſe dieſes Solarjahres, erfolgt an
2260 460 3289 504 die k. k. Rectoratskanzlei der Univerſität unter der Adreſſe des
2259 497 3287 544 Helmholtz⸗Denkmal⸗Comités und zu Handen des Herrn Kanzlei⸗
2259 534 3292 581 directors kaiſerlichen Rathes Tomaſchek (I., Franzensring 6).
2336 580 3291 629 [Vaticaniſche Bibliothek.] Aus Rom wird uns
2261 621 3290 667 berichtet, daß die durch den Tod des Monſignore Carini er⸗
2262 659 3291 709 ledigte Stelle des erſten Präfecten der vaticaniſchen Bibliothek
2262 698 3295 746 am 22. Juni dem P. Franz Ehrle S. J. definitiv übertragen
2263 746 2428 783 worden iſt.
2337 784 3291 831 [Das Herz Ludwig's XVII.] Aus Paris wird ge⸗
2265 824 3295 872 meldet, daß Don Carlos, Herzog von Madrid, der ſich ſeit
2266 864 3294 909 dem Tode des Grafen von Chambord als das Haupt des Hauſes
2264 902 3292 948 Bourbon betrachtet, in den Beſitz des Herzens Ludwig's XVII.,
2265 941 3291 987 des unglücklichen Dauphin, der 1795 als Gefangener im Temple
2266 980 3292 1024 geſtorben iſt, gelangt ſei und daß die Echtheit dieſer Reliquie
2266 1017 3293 1063 urkundlich erwieſen ſei. Die Geſchichte dieſes Herzens ſoll folgende
2265 1058 3294 1103 ſein: Zu Anfang Juni 1795 erhielt Dr. Jean Baptiſte Pelle⸗
2267 1097 3294 1140 tan von dem großen Sicherheitsausſchuſſe den Auftrag, den
2269 1133 3296 1180 Sohn „Capet's“ während ſeiner Krankheit zu behandeln. „Leider
2268 1174 3294 1220 war es zu ſpät,“ erzählt Pelletan in ſeinen erſt im vorigen Jahre
2268 1212 3293 1257 veröffentlichten Memoiren. „Das königliche Kind war in Folge
2270 1251 3296 1298 eines chroniſchen Durchfalls völlig geſchwächt, und befand ſich in
2271 1290 3296 1336 einem ſolchen Zuſtande des Verfalles, daß ich meinen Auftrag⸗
2269 1329 3297 1376 gebern officiell ankündigte, es ſei nichts zu hoffen, als das baldige
2269 1366 3296 1412 Ende der Leiden des unglücklichen Knaben.“ Der Tod trat am
2271 1407 3297 1452 8. Juni 1895 ein. Wie Pelletan weiter erzählt, war bei der
2271 1444 3297 1490 Autopſie des Leichnams keine Spur eines gewaltſamen Todes zu
2272 1483 3296 1530 conſtatiren. Pelletan nahm das Herz an ſich und berichtet über
2272 1523 3297 1568 deſſen Aufbewahrung in ſeinen Memoiren Folgendes: „Ich legte
2272 1561 3297 1608 das Herz in eine mit Weingeiſt gefüllte Kryſtallvaſe und ſtellte
2272 1599 3299 1644 dieſe Vaſe auf die höchſte Reihe meiner Bibliothek. Nach acht
2273 1639 3296 1685 oder zehn Jahren fand ich das Herz vertrocknet und ſomit
2273 1677 3296 1724 geeignet, ohne weitere Vorſichtsmaßregeln aufbewahrt zu werden.“
2272 1717 3298 1761 Nach der Rückkehr der Bourbonen that Pelletan zahlreiche Schritte,
2273 1755 3299 1801 um ihnen das Herz Ludwig's XVII. zu übergeben, aber erfolglos.
2273 1792 3299 1841 Vor ſeinem im Jahre 1828 erfolgten Tode ließ er die Reliquie
2273 1833 3298 1878 dem Erzbiſchof von Paris, Monſeigneur de Quelen, zugehen,
2273 1871 3300 1915 der Frau Pelletan hierüber eine Beſtätigung ausſtellte. Ehe in⸗
2273 1911 3299 1955 deſſen die Verhandlungen über den Uebergang derſelben in den
2273 1948 3298 1995 Beſitz der königlichen Familie zum Abſchluſſe gelangten, brach die
2273 1988 3300 2033 Revolution vom Jahre 1830 herein, bei der der erzbiſchöfliche
2273 2028 3300 2072 Palaſt geplündert wurde. Ein gewiſſer Lescroart fand das Herz
2273 2067 3302 2109 und die dabei befindlichen Memoiren des Dr. Pelletan, nahm aber
2272 2104 3299 2148 nur die Papiere an ſich und ließ die Vaſe zurück. Als er aus
2275 2144 3298 2189 der Lectüre der Documente erkannte, welch werthvolle Reliquie
2275 2183 3300 2225 er zurückgelaſſen, ſchrieb er dem Sohne des Dr. Pelletan, der mit
2274 2218 3300 2265 ihm und einigen Angeſtellten des erzbiſchöflichen Palaſtes Nach⸗
2276 2260 3301 2306 forſchungen anſtellte und die Bruchſtücke der Vaſe glücklich in
2276 2299 3301 2341 einem Sandhaufen mit dem Herzen wiedergefunden haben ſoll.
2276 2338 3302 2382 Von Pelletan jun. gelangte das Herz in den Beſitz einer
2276 2378 3303 2419 Madame Dumont, die es ihrem Sohne vermachte, von
2276 2415 3303 2459 dem es nun dem Herzog von Madrid übergeben worden
2276 2453 3301 2498 iſt. Hierüber berichtet der Pariſer „Figaro“ Folgendes:
2276 2493 3303 2535 Am Morgen des 22. Juni fand ſich der Graf Urbain de
2276 2531 3304 2577 Maillé, Vertreter des Herzogs von Madrid, in der Wohnung
2278 2570 3304 2614 des Herrn Eduard Dumont in dem Pariſer Vororte Neuilly
2276 2607 3304 2651 ein. In ſeiner Begleitung erſchienen zahlreiche Würdenträger der
2275 2645 3305 2693 legitimiſtiſchen Partei und der Notar Morel. Graf de Maillé
2280 2687 3306 2729 überreichte Herrn Dumont einen Brief von Don Carlos, den
2279 2726 3307 2767 Dumont mit lauter Stimme den Anweſenden, die ſich ehrfurchts⸗
2279 2764 3306 2806 voll erhoben hatten, verlas. Der Prinz dankte in dieſem Schreiben
2279 2802 3303 2846 Herrn Dumont für die Huldigung, die er ihm mit dem Geſchenke
2279 2842 3308 2885 des Herzens Ludwig's XVII. gemacht, und erklärte, dieſe werthvolle
2281 2879 3306 2925 Reliquie des königlichen Märtyrers in der Capelle des Schloſſes
2280 2918 3306 2963 von Frohnsdorf niederzulegen. Der Reliquienbehälter iſt eine
2282 2957 3307 3001 eiförmige Kryſtallvaſe, die von einer zwei Centimeter hohen Lilie
2282 2996 3308 3039 aus vergoldetem Kupfer überragt wird. Sie ſchließt ein aus⸗
2282 3035 3308 3078 getrocknetes Herz ein, das am oberen Ende durch einen kleinen
2282 3074 3308 3117 Kupfercylinder hochgehalten wird. Auf dem inneren Grunde liegen
2282 3111 3307 3157 fünfzehn zerbrochene Kryſtallſtücke. Herr Dumont leiſtete dann
2283 3151 3308 3193 einen feierlichen Eid, daß dieſes Herz das ihm von ſeiner Mutter
2283 3189 3311 3235 vermachte ſei, die ihrerſeits dasſelbe von dem Herrn Gabriel
2283 3228 3310 3269 Pelletan erhalten, der es 53 Jahre in ſeinem Beſitze gehabt
2285 3267 3311 3310 und auf ſein Ehrenwort verſichert, es im erzbiſchöflichen Palaſte
2289 3306 3311 3350 gefunden und für das erkannt zu haben, das ſein Vater Mon⸗
2283 3345 3313 3389 ſeigneur de Quélen eingehändigt hatte. Herr Dumont legte darauf
2283 3384 3316 3427 die Kryſtallſchale in ein Käſtchen aus weißem Leder, das mit
370 3485 1148 3524 Nachdruck verboten. Ueberſetzung vorbehalten. Copyright, 1895.
247 3550 1062 3649 Ueber allen Gipfeln.
435 3661 874 3703 Roman von Paul Heyſe.
558 3721 771 3756 (41. Fortſetzung.)
409 3772 904 3816 Dreiundzwanzigſtes Capitel.
221 3828 1173 3876 Sie erreichten das Schlößchen, als die graue Wolkendecke ſich
144 3869 1172 3918 eben in ein feines Gerieſel aufzulöſen begann. Der Fürſt entließ
141 3909 1173 3959 ſeinen Gaſt mit einem freundlichen Händedruck und ſagte: „Wenn
142 3947 1172 3997 das Bild nicht allzu trübe gerathen iſt, gehört es Ihnen als ein
144 3990 891 4033 Souvenir an Ihren erſten Tag in Buenretiro.“
220 4023 1173 4073 Erk verneigte ſich, gerührt von aller Güte, die ihm hier zu
144 4065 1174 4113 Theil wurde. Dann eilte er, in ſeine Wohnung zu kommen. Ihm
145 4105 1172 4151 war unfroh zu Muthe. Er konnte ſich nichts Beſſeres wünſchen,
145 4141 1174 4189 als in dieſer Waldeinſamkeit unter ſo liebenswürdigen Menſchen
145 4182 1173 4229 eine zeitlang ſich wohl aufgehoben zu fühlen. Und doch, gerade in
146 4218 1176 4270 dieſer beſchaulichen Stille empfand er den Stachel in ſeinem
145 4257 1175 4306 Innern und den Streit der anklagenden und beſchönigenden Ge⸗
146 4296 1175 4345 danken um ſo quälender. Es war ihm peinlich, in dem Gemal
146 4336 1174 4385 dieſer ſchönen Frau einen ſo innerlich vornehmen Menſchen ver⸗
149 4374 1174 4422 ehren zu müſſen, der ihm arglos das unumſchränkteſte Gaſtrecht
149 4413 1175 4462 gewährte. Dann wieder trat das Bild der Fürſtin mit all ſeinem
147 4451 1176 4501 fremdartigen Reiz wieder vor ihn hin, und allerlei ſophiſtiſche
148 4490 1175 4538 Verſucherſtimmen wurden in ihm wach, zu denen ſich der eigen⸗
148 4530 1177 4579 ſinnige Grimm und Gram um ſeine verlorene Liebe und Freund⸗
147 4568 1177 4616 ſchaft geſellte. Er ſaß, eine Cigarette zwiſchen den gepreßten Lippen,
149 4609 1177 4655 am Fenſter ſeines behaglichen, mit hellen Möbeln ausgeſtatteten
149 4644 1178 4693 Wohnzimmers und ſah in den Hof hinab, in den der laue Regen
149 4686 1176 4730 niederrauſchte. Immer von neuem grübelte er in ſich hinein und
149 4723 1176 4771 wälzte verhängnißvolle Zukunftsfragen. Zuletzt beſchwichtigte er ſich
151 4762 1177 4808 mit der wohlfeilen Weisheit, daß Niemand gegen Sternenlauf und
152 4801 1177 4847 Schickſal ſich aufbäumen könne, und daß man niemals weiter
151 4840 969 4885 komme, als wenn man nicht wiſſe, wohin man gehe.
230 4878 1179 4923 Sein Diener hatte ihm geſagt, man erwarte ihn um Sieben
153 4917 1179 4964 zum Diner. Er fand dieſelbe Geſellſchaft in demſelben Raum, bis
152 4955 1179 5004 auf den Doctor, der, wie er hörte, ein⸗ für allemal vom Erſcheinen
151 4993 1180 5040 am Abend dispenſirt worden war, da er dieſe Stunden für ſeine
154 5033 1177 5081 Privatarbeiten brauche und eine ſo üppige Tafel nicht vertrage.
153 5072 1180 5120 „Sie werden dieſen ſteinernen Gaſt nicht ſehr vermiſſen,“ flüſterte
152 5112 1181 5157 die Waldſtein ihrem Tiſchnachbar zu. „Da er bald dahinter kam,
155 5151 1180 5198 meine ganze Mathematik beſchränke ſich darauf, zu glauben, zwei⸗
156 5190 1181 5238 mal zwei ſei vier — obwol ich mir allenfalls einreden ließe, es
1212 3479 2241 3520 könne unter Umſtänden auch fünf ſein — hat er auf jede Con⸗
1214 3518 2241 3561 verſation mit mir verzichtet. Wie haben Sie Ihren Nachmittag
1213 3556 2241 3604 zugebracht? Wir hofften eigentlich, Sie würden uns noch ein
1215 3593 2241 3637 bischen Geſellſchaft leiſten. Uns überlaufen? Welche Idee! Wir
1213 3633 2240 3678 ſind manchmal froh, wenn hinter den Tapeten nur eine Maus raſchelt.
1215 3671 2243 3718 In meinem Erbbegräbniß auf dem alten böhmiſchen Schloſſe ſtelle
1214 3710 2244 3758 ich mir's ungefähr ſo amüſant vor, wie an einem Regentage in
1215 3749 2242 3795 Buenretiro. La pluie indeſſen hat der Himmel beſchert, Sie
1214 3791 1771 3832 ſollen uns le beau temps machen.“
1289 3823 2243 3870 Nachdem das Mal vorüber war, das wiederum nicht lange
1216 3863 2242 3911 währte, aber von ausgeſuchter Feinheit war, ging man in ein
1214 3904 2245 3950 durch wenige hohe Lampen mäßig erhelltes Gemach, wo ein Flügel
1213 3943 2243 3988 unter einer ſchönen Blumen⸗Eſtrade ſtand und niedrige ſeidene
1216 3982 2245 4028 Divans, wie die Fürſtin ſie liebte, zur Sieſta einluden. Erk
1217 4021 2244 4067 wurde gebeten, ſeine Skizzenbücher zu zeigen, und erſchien mit
1214 4060 2245 4103 einem halben Dutzend großer und kleiner Zeichenbücher, die er auf
1214 4098 2245 4143 ſeinen Reiſen in Aſien gefüllt hatte. „Ich gehorche dem Wunſch
1216 4134 2245 4181 Ihrer Durchlauchten,“ ſagte er, „doch die meiſten dieſer Kritzeleien
1214 4174 2247 4220 haben nur einen Erinnerungswerth, und wenige ſind darunter, die
1215 4218 1969 4258 vor künſtleriſchen Augen Gnade finden würden.“
1295 4253 2245 4298 Der Fürſt, hinter ſeiner Gemalin ſtehend, die ihre Cigarette
1216 4291 2246 4337 darüber ausgehen ließ, Blatt um Blatt mit lebhaftem Intereſſe
1214 4335 1642 4375 umzuwenden, ſagte zu Erk:
1296 4368 2245 4412 „Meine Frau und Sie haben dieſelbe Lehrerin gehabt, höre
1215 4407 2246 4453 ich. Wann haben Sie Unterricht bei Fräulein Valentin genommen?
1217 4451 1767 4491 Sie iſt ja ſo viel jünger als Sie.“
1295 4485 2247 4531 Es gab Erk einen Stoß gegen das Herz, von Lena hier reden
1213 4529 1382 4570 zu müſſen.
1296 4563 2246 4606 „Vor meiner Abreiſe nach Japan, Durchlaucht. Das Fräu⸗
1216 4602 2247 4645 lein war noch nicht neunzehn Jahre alt, aber bereits ſehr weit in
1216 4639 2247 4684 ihrer Kunſt, ſo daß ich auf den Gedanken kam, mich ein wenig
1218 4679 2247 4725 von ihr ſchulen zu laſſen, da mir daran lag, in den fernen Län⸗
1218 4718 2246 4761 dern, die ich ſehen ſollte, müßige Stunden auf dieſe Weiſe aus⸗
1217 4756 2247 4801 zufüllen. Leider dauerte der Unterricht nur ſechs Wochen. Ich
1218 4794 2247 4837 hätte es ſonſt wol etwas weiter gebracht. Fräulein Valentin iſt
1219 4839 1522 4877 eine gute Lehrerin.“
1299 4872 2248 4918 „Gewiß“, verſetzte der Fürſt. „Auch du, liebe Rica, haſt viel
1218 4912 2247 4954 bei ihr zugelernt. Aber auch ſonſt verehre ich das Fräulein ſehr.
1221 4951 2095 4995 Sie iſt die wahrhafteſte Natur, die mir je begegnet iſt.“
1299 4990 2248 5033 „Ich hoffe, Durchlaucht, present company always excepted,“
1217 5033 1616 5072 ſagte die Gräfin lächelnd.
1295 5067 2247 5112 Die Fürſtin, die ſelten auf eine Aeußerung ihres Gemals
1219 5106 2247 5149 einging, hob das Kinn ein wenig und ſagte: „Laſſen Sie doch,
1218 5146 2247 5186 liebe Florence. Wir wiſſen ja, in den Augen des Fürſten hat
1218 5183 2249 5229 Fräulein Valentin alle Qualitäten, die das weibliche Geſchlecht
2285 3473 3311 3518 gewöhnlich entbehrt. Sie brauchen ſich Ihres engouement nicht
2283 3514 3208 3558 zu ſchämen, mein Gemal. Ich theile dasſelbe vollkommen.“
2363 3561 3313 3601 „Ich muß mich näher erklären,“ ſagte der Fürſt, deſſen gelb⸗
2283 3597 3312 3641 liches Geſicht eine leichte Röthe überflog. „Ich finde das Fräulein
2283 3636 3311 3680 darum ſo ungewöhnlich liebenswürdig, weil ſie ſich niemals die
2285 3676 3310 3719 geringſte Mühe gibt, es zu ſein, und in jedem Augenblick ſich
2282 3715 2568 3755 ſelber treu bleibt.“
2365 3753 3310 3795 „Und wir Anderen, Durchlaucht, nicht wahr? müſſen beſon⸗
2285 3794 3312 3835 dere Anſtrengungen machen und wol gar ein bischen heucheln, um
2285 3832 3312 3873 uns beliebt zu machen?“ fragte die muntere Gräfin. „Erlauben
2285 3871 3310 3913 Sie mir die Bemerkung, daß es nur ein Zeichen unſerer Be⸗
2285 3909 3313 3951 ſcheidenheit iſt, wenn wir uns nicht im Negligé zeigen möchten,
2284 3948 3314 3991 ſondern ein wenig Liebenswürdigkeits⸗Toilette machen. Fräulein
2285 3986 3314 4028 Valentin ſcheint zu glauben, ſie habe das nicht nöthig. Vielleicht
2286 4026 2987 4068 hat ſie Recht, la nature l'a fait pour elle.“
2363 4069 3315 4117 „Sie wiſſen, Gräfin,“ verſetzte der Fürſt, ſich heiter ver⸗
2287 4111 3313 4155 neigend, „daß ich ſelbſt Ihre kleinen Bosheiten liebenswürdig finde.
2287 4149 3315 4192 Was aber unſere Malerin betrifft, ſo iſt ſie von jeder Rückſicht
2287 4189 3317 4232 auf den Eindruck, den ſie etwa macht, vollkommen frei, und darin
2288 4226 3316 4271 liegt eben das Diſtinguirte ihres Weſens. Das arleſiſche Blut
2289 4265 3315 4310 muß ein ganz beſonderer Saft ſein, und der deutſche Vater hat
2287 4304 3315 4350 die Race umſoweniger verderben können, als er ſelbſt eine edle
2289 4342 3316 4388 Künſtlernatur war. Ich hoffe, liebe Rica, da ich aus meinem
2289 4383 3315 4424 faible für dies Fräulein nie ein Hehl gemacht habe, du läſſeſt es
2289 4421 3314 4465 mich wiſſen, wenn du ſie zur Lection hier draußen erwarteſt. Wenn
2289 4462 3315 4503 Herr v. Frieſen dann theilnehmen will, kann ja eine kleine länd⸗
2289 4500 2796 4541 liche Akademie errichtet werden.“
2364 4540 3313 4585 Erk verneigte ſich ſtumm. Mit all ſeiner Weltgewandtheit
2288 4582 3315 4623 brachte er es nicht dahin, in den unbefangenen Plauderton einzu⸗
2288 4621 3316 4662 ſtimmen. Es war ihm eine Wohlthat, als ſeine Büchlein durch⸗
2290 4660 3316 4700 geſehen waren und die Gräfin ſich an den Flügel ſetzte, um den
2290 4699 2871 4739 Abend mit etwas Muſik zu ſchließen.
2364 4742 3316 4785 Sie ſpielte mit energiſcher Ruhe und Sicherheit ein Prä⸗
2289 4784 3319 4824 ludium von Bach, dem einige ſchwierige Toccaten und Fugen des⸗
2290 4823 3317 4861 ſelben Meiſters folgten. Gleich darauf, obwol es erſt neun Uhr
2289 4859 3317 4904 war, ſagte der Fürſt, ſeiner Gemalin die Hand küſſend, der kleinen
2289 4898 2964 4944 Geſellſchaft gute Nacht und zog ſich zurück.
2370 4944 3316 4989 „Wenn er nicht den Durchgang irgend einer Venus oder den
2291 4987 3318 5028 nächtlichen Lebenswandel einer Kaſſiopeia obſervirt,“ flüſterte die
2289 5024 3319 5067 Waldſtein gegen Erk gewendet, „geht der Fürſt gut bürgerlich um
2291 5063 3318 5106 halb Zehn zu Bett. Wir Anderen ſind Nachtvögel. Nun fangen
2291 5102 3317 5143 wir erſt an, zu ſchwirren. Und auch mit ſo mathematiſcher Muſik,
2290 5141 3318 5182 wie der gnädigſte Herr ſie allein hören mag, ſollen Sie nicht
2292 5179 2700 5223 mehr gelangweilt werden.“
3048 5186 3281 5226 (Fortſetzung folgt.)
