2763 3576
66 216 324 264 1. Juli 1911.
759 187 1287 247 Illuſtrierte Kronen⸗Zeitung.
1674 169 2053 216 Nr 4130. Seite 13.
332 268 1011 329 (Nachdruck verboten. Autorrechte gewahrt.)
93 316 984 427 Der Diamant des Todes.
143 402 936 472 Original⸗Roman von Rudolf v. Roſen.
385 495 667 541 (77. Fortſetzung.)
104 548 1051 620 Die beiden verdächtigen Geſtalten löſten das Seil
29 598 1052 667 des Schiffes vom Uferpflocke los und nahmen die Ruder
30 663 305 714 zum Gebrauch.
113 679 1054 750 Aus den Wolken trat der Mond hervor und beleuch⸗
34 739 645 797 tete des Meeres glitzernde Fläche.
110 770 1057 839 Und der alte Almanſor ſtieß Jubelrufe aus, denn
35 814 1059 889 die Fahrt erfreute ihn ſehr, wenn er ſich auch an den
40 860 1059 935 Schiffsrand anklammern mußte, um das Gleichgewicht
39 925 374 978 nicht zu verlieren.
120 950 1061 1019 Nicht allzu nahe von der Küſte ragte eine kleine
40 996 1063 1068 Felſeninſel aus den Wogen empor, welche von den Ein⸗
39 1038 1063 1110 wohnern von Dſchidda wegen ihrer eigentümlichen, nach
43 1081 1063 1155 dem Firmamente zeigenden Form „der Finger des Pro⸗
38 1142 482 1199 pheten“ genannt wurde.
123 1177 1067 1249 Als Almanſor die vom Mondlicht magiſch beleuchtete
44 1221 1068 1295 Inſel erblickte, verlangte er von den beiden Schiffern
48 1271 1068 1338 dorthin gerudert zu werden, und die Letzteren kamen
46 1310 1072 1380 dieſem Wunſche des Greiſes mit größter Bereitwilligkeit
50 1381 146 1424 nach.
129 1398 1077 1466 Es bedurfte einer großen Anſtrengung von Seite
50 1443 1076 1512 der Ruderknechte, um das plumpe Fahrzeug durch die
54 1488 1018 1557 das Riff umbrauſende Meeresbrandung zu zwingen.
135 1548 1078 1617 Es gelang aber nach mehreren Verſuchen und alle
56 1591 1079 1664 Drei ſtiegen ans ſchmale Land, welches den Felſen der
59 1654 306 1707 Inſel umgab.
139 1691 662 1749 Jetzt erſt fragte Almanſor:
138 1723 1084 1793 „Sagt an, Ihr wackeren Bekämpfer der Fluten!
54 1776 770 1838 Welchen Namen führt dieſes Eiland?“
1150 236 2090 305 Da antworteten die beiden Schiffer aus rauher
1075 295 1516 354 Kehle im ernſten Tone:
1153 319 2093 397 „Dieſes Riff heißt „der Finger des Propheten“ und
1076 368 2094 444 der Fels zeigt empor, um zu erinnern, daß Allah über
1076 411 2097 484 dem Erdkreis wacht, das Gute belohnt und das Böſe
1079 482 1241 530 beſtraft.“
1159 499 2099 572 Da begann Almanſor zu erzittern und ſich an ſein
1081 566 1468 619 Gelübde zu erinnern.
1158 590 2102 664 Er ſagte ſich, daß es nicht genüge, eine Finte anzu⸗
1083 634 2102 712 wenden, wie er dies getan, um ein dem allwiſſenden
1084 681 2026 754 Allah gegebenes Verſprechen nicht halten zu müſſen.
1160 732 2104 803 Denn eine liſtig ausgeklügelte Finte war es, daß er
1086 775 2104 848 den Stein dem Armenier als Pfand gegeben. Almanſor
1087 820 2106 894 zitterte. Der prachtvolle Anblick des Meeres freute ihn
1088 889 1297 937 nicht mehr.
1170 909 2100 980 Scheu betrachtete er den „Finger des Propheten“
1091 955 2044 1029 und ſprach dann leiſe zu den beiden Ruderknechten:
1174 1000 2103 1072 „Bringt mich wieder an die Küſte bei der ſchönen
1094 1048 2107 1119 Stadt Dſchidda. Für heute habe ich vom Meere genug
1096 1114 1266 1165 geſehen!“
1176 1133 2108 1206 Raſch machten die Beiden das Schiff bereit und
1097 1193 1614 1254 ſprangen in dasſelbe hinein.
1179 1223 2110 1295 Doch in dem Momente, als der greiſe Almanſor
1101 1268 2113 1345 ihnen folgen wollte, wurde das Schiff von der Brandung
1102 1313 2119 1390 erfaßt und von der Inſel weggeriſſen, Almanſor fiel ins
1105 1385 1240 1435 Waſſer.
1181 1404 2115 1476 Sein Hilfegeſchrei erſcholl durch das Brauſen der
1106 1450 2119 1524 Wogen, aber die beiden Gedungenen des Armeniers Fan⸗
1108 1494 2117 1569 duſi hatten ſcheinbar zu viel mit der Rettung des Schiffes
1109 1542 2115 1615 zu tun, um ſich des mit den Wellen kämpfenden alten
1111 1598 1663 1657 Arabers annehmen zu können.
1192 1645 2121 1718 Nicht lange dauerte es, ſo verſank Almanſor, der als
1116 1690 2123 1764 Wüſtenſohn des Schwimmens gänzlich unkundig war, in
1118 1752 1617 1810 den Fluten mit dem Rufe:
374 1867 1052 1922 (Nachdruck verboten. Autorrechte gewahrt.)
69 1915 1091 2014 Die Memoiren einer Maitreſſe.
194 2012 977 2069 Hiſtoriſcher Original⸗Roman von J. Korn.
439 2105 744 2153 (145. Fortſetzung.)
152 2165 1093 2235 Freiherr Egydius von Mühlberg hatte das Palais
76 2211 1098 2276 der Maitreſſe in furchtbarer Aufregung verlaſſen und war
76 2266 779 2322 zu dem Hauſe der Mehlmeſſerin geeilt.
159 2302 1093 2365 Aber Madame Ammerling, die noch nicht zu Bette
77 2342 1090 2414 gegangen war, weil ſie bis jetzt vergebens auf die Rück⸗
79 2388 1104 2458 kehr der Zwillingsſchweſtern gewartet hatte, konnte dem
81 2434 1095 2503 jungen Edelmanne keine Nachricht geben, welche ſeine
83 2488 763 2549 Verzweiflung gemildert haben würde.
160 2523 1096 2592 Nachdem er der Frau Ammerling erzählt hatte, was
82 2568 1101 2636 ihm die Baroneſſe von Lima in bezug auf Laura glauben
84 2611 1098 2686 machen wollte, rief die Mehlmeſſerin im Tone der Ent⸗
86 2680 243 2726 rüſtung:
165 2700 1103 2772 „Dös is nöt wahr! Die Jungfer Laura hat Euch
85 2747 1107 2818 gern, Herr von Mühlberg — und hat den Brief nöt frei⸗
89 2791 1103 2865 willig g'ſchrieben. Auch is es nie und nimmer wahr, daß
91 2837 1048 2910 ſie ſich mit dem Baron von Erlengrund verlobt hat!“
172 2881 1105 2955 „Ich will zu dem Baron gehen und ihn ſelbſt be⸗
90 2925 1115 2997 fragen, ob es wahr iſt, daß die beiden Mädchen auf der
94 2969 1111 3041 Fahrt zu einem Landhauſe ſind, das einer Verwandten
97 3014 1109 3089 Erlengrunds gehört!“ rief Egydius. „Auch ſoll er mir
95 3068 848 3134 ſagen, ob er ſich mit Laura verlobt hat!“
174 3114 1111 3185 Freiherr Edydius traf nur den Diener des Staats⸗
100 3157 1114 3228 ſekretärs zu Hauſe an und derſelbe teilte ihm mit, daß
99 3204 1112 3278 ſein Herr ſchon ſeit Einbruch des Abends die Wohnung
103 3248 1115 3320 verlaſſen habe und nicht wieder nach Hauſe gekommen ſei.
178 3294 1115 3366 Egydius ging wieder zu Frau Ammerling — ſo
105 3338 1118 3413 verzweifelt er ſelbſt war, rührte ihn doch der tiefe Kum⸗
94 3385 1110 3457 mer, welchen die gute Frau über das rätſelhafte Ver⸗
1117 1836 2127 1905 ſchwinden der beiden ihr ſo liebgewordenen Mädchen
1119 1903 1288 1952 empfand.
1200 1923 2127 1992 Die Zeiger der Uhr näherten ſich der zwölften
1123 1969 2128 2039 Stunde, als der Freiherr von Mühlberg den Laden der
1123 2010 2130 2088 Hülſenfrüchtenhändlerin verließ und allein in der nächt⸗
1125 2069 1762 2132 lich öden Gaſſe auf und niederging.
1205 2103 2132 2173 In der damaligen Zeit war es nicht ſo leicht, um⸗
1126 2152 2136 2221 faſſende Nachforſchungen in bezug auf vermißte Perſonen
1126 2192 2134 2266 anzuſtellen, denn damals gab es keine Polizei in dem
1128 2248 1849 2308 Sinne, wie eine ſolche heutzutage beſteht.
1205 2284 2140 2351 Die Spießträger der Stadtguardia, welche erſt unter
1131 2330 2138 2401 Kaiſer Karl VI. in der Wienerſtadt eingeführt war, be⸗
1131 2372 2146 2445 ſchränkten ſich darauf, bei öffentlichen Anläſſen die Ord⸗
1130 2418 2147 2487 nung herzuſtellen, von anderen Leuten eingefangene
1131 2459 2147 2531 Miſſetäter ins Gefängnis zu eskortieren und bei Nacht
1132 2507 2055 2574 einige Ronden durch die Gaſſen abhalten zu laſſen.
1210 2549 2141 2617 Man mag ermeſſen, wie es damals — alſo anfangs
1138 2592 2143 2665 des achtzehnten Jahrhunderts — um die Sicherheit in
1139 2640 2147 2709 den großen Städten beſtellt war und wird ſich nicht wun⸗
1137 2684 2146 2751 dern, wenn die Chroniken gar ſeltſame düſtere Ereigniſſe
1139 2727 2144 2797 zu berichten wiſſen, welche ſich in den Häuſerzeilen ab⸗
1140 2774 2149 2843 ſpielten, wenn die Nacht ſich über dieſelben herabgeſenkt
1142 2842 1248 2888 hatte.
1220 2859 2150 2930 Von ſeinem Schmerze überwältigt, wußte Freiherr
1142 2908 2157 2977 Egydius von Mühlberg kaum mehr, wohin er ſeine
1145 2951 2154 3020 Schritte lenkte, und ſah plötzlich die erleuchtete Stube
1147 2994 2152 3066 einer Schänke vor ſich, aus welcher ihm wüſtes Geſchrei
1148 3058 1654 3113 und Gelächter entgegenſcholl.
1223 3082 2156 3154 „Und — hups war ſie ins Waſſer geſprungen!“ rief
1149 3151 1399 3204 gerade Einer.
1229 3173 2156 3241 Und ein Anderer aus der Gruppe der recht frag⸗
1152 3229 1855 3292 würdigen Geſtalten ſetzte raſch hinzu:
1235 3262 2160 3336 „Ein ſauber angezogenes Mädchen war es, die im
1153 3327 1579 3381 Donauſtrom unterging.
1233 3352 2163 3426 Es riß Egydius in die Schänke hinein. Er wollte
2114 192 2531 263 Doktor
2174 262 2470 299 Spezialarzt (Chriſt),
2119 286 2533 327 ordiniert für alle geheimen,
2118 315 2533 356 Haut⸗, Blaſenleiden (auch ver⸗
2120 339 2535 383 altete, ohne Injektion) und
2122 366 2535 409 Frauenkrankheiten, vorzeitige
2122 394 2535 436 Schwäche ꝛc., täglich von
2122 420 2536 464 8 Uhr früh bis ½ 9 Uhr
2150 449 2538 491 abends, Sonn⸗ und Feier⸗
2154 478 2507 517 tage bis 6 Uhr abends.
2205 507 2461 542 Einzelwarteräume.
2190 534 2472 568 Mäßigſtes Honorar.
2127 558 2543 598 Wien, I., Rauhenſteingaſſe 6.
2128 584 2541 627 Zwiſchen Himmelpfort⸗ und
2233 616 2437 648 Weihburggaſſe
2205 689 2470 732 Spezialarzt
2159 726 2491 773 VI., Mariahilferstrasse
2205 760 2469 806 Nr. 41, 2. Stock.
2160 793 2513 834 Ord. tägl. von 11—7,
2161 821 2511 861 Sonntag von 8—6 Uhr
2164 847 2516 886 Gründliche und gewiſſen⸗
2164 875 2515 916 hafte Heilung aller Ge⸗
2164 903 2519 945 ſchlechtsleiden, wie Bla⸗
2168 928 2516 973 ſen⸗, Hals⸗ und Haut⸗
2165 958 2516 999 leiden, nach neueſter
2170 986 2519 1026 Methode, Geſchwüre, vor⸗
2165 1013 2520 1052 zeitige Nervenſchwäche,
2164 1040 2522 1079 Frauenleiden. Ohne Be⸗
2168 1068 2521 1109 rufsſtörung, diskret. Ein⸗
2169 1095 2523 1136 zelwarteräume. Briefliche
2172 1123 2520 1163 Anfragen unauffällig be⸗
2277 1154 2421 1186 antwortet.
2164 1232 2534 1314 Spezial Ordination
2143 1304 2561 1362 Dr. Ferd. J. Schaffner,
2147 1366 2568 1408 Wien, VII., Mariahilfer⸗
2148 1393 2563 1436 ſtraße 46/48. Ord. 12—4;
2149 1423 2563 1463 Sonn⸗ u. Feiertage 10—12.
2149 1448 2565 1490 Langjährig bewährt, in den
2150 1475 2565 1518 ſchwierigſt. Fällen erprobt;
2152 1503 2565 1546 raſch. und gründl. Hilfe:
2151 1529 2564 1573 Geheime Blaſen⸗, Harnröhr.⸗,
2154 1559 2567 1599 Hautübel, Geſchwüre, Frauen⸗
2152 1586 2566 1627 leiden, Störungen; Vorzeit.
2155 1612 2565 1654 Nervenſchwäche, Verirrungen.
2157 1640 2567 1680 Unauffällig, diskret, nicht
2154 1666 2568 1706 berufſtörend. garantiert ſicher.
2171 1737 2544 1816 Kleine Anzeigen.
2192 1851 2550 1906 Muſik⸗Inſtrumente.
2191 1915 2574 1961 30.000 Schallplatten! Ga⸗
2158 1943 2574 1989 rantiert neu, erſtklaſſiges
2157 1970 2578 2017 Fabrikat, doppelſeitig, Normal⸗
2158 1997 2575 2043 preis per Platte K 3, werden
2159 2024 2575 2068 als Reklame einzeln à K 1
2159 2049 2576 2094 verkauft. Mehr als 10 Platten
2161 2074 2578 2122 werden an eine Partei nicht
2163 2100 2577 2149 abgegeben. Provinzbeſtellungen
2167 2127 2580 2176 per Nachnahme; nicht Konve⸗
2166 2154 2576 2203 merendes wird anſtandslos
2165 2181 2579 2232 umgetauſcht. Mehrbeſtellungen
2166 2208 2583 2257 oder Nachbeſtellungen werden
2168 2234 2581 2283 zum Normalpreis berechnet;
2166 2262 2584 2310 alte Platten werden gegen
2168 2285 2582 2334 neue kulanteſt umgetauſcht.
2169 2313 2583 2360 Größtes Grammophon⸗ und
2172 2339 2585 2387 Platten⸗Exporthaus E. Schle⸗
2169 2366 2584 2416 ſinger, Wien, 7. Bez., Neu⸗
2172 2400 2515 2441 baugaſſe 36, 1. Stiege.
2504 2419 2587 2449 15141
2190 2460 2590 2505 Konzertgrammophon, Pracht⸗
2175 2484 2588 2535 ſtück, ſamt Platten, dringend
2175 2511 2589 2561 um jeden Preis abzugeben.
2176 2539 2592 2589 6. Bezirk, Gumpendorferſtraße
2178 2565 2593 2615 Nr. 75 Mezz., T. 8. Eingang
2170 2604 2415 2644 Hofmühlgaſſe 25.
2502 2598 2593 2628 15284
2286 2664 2482 2703 Unterricht.
2211 2717 2598 2762 Chauffeurausbildung, theo⸗
2181 2745 2598 2791 retiſch und praktiſch an Hand
2182 2772 2598 2820 zerlegter Motore verſchiedener
2184 2798 2602 2846 Typen in der Auto⸗Repara⸗
2184 2825 2601 2871 turwerkſtätte und Garage
2185 2852 2602 2901 Vinzenz Seidl, 4. Bezirk,
2186 2889 2412 2926 Hauptſtraße 73.
2507 2884 2600 2910 14159
2216 2919 2601 2963 Mädchen, Frauen und Bür⸗
2187 2947 2607 2993 gerſchülerinnen, welche ſich
2187 2972 2605 3021 bis zum 3. Juli 1911 mel-
2189 3000 2609 3048 den, erhalten unentgeltlichen
2189 3028 2608 3075 Unterricht in Buchhaltung,
2193 3057 2607 3102 Korreſpondenz, Stenographie
2191 3083 2609 3130 und Maſchinſchreiben. Einzige
2192 3111 2609 3155 Anſtalt mit amerik. Dicta⸗
2194 3137 2609 3184 phonmaſchinen. Nur Ein⸗
2195 3163 2611 3211 ſchreibegebühr zu entrichten.
2195 3192 2611 3238 Stellung garantiert. Aus⸗
2196 3218 2610 3265 wärtige brieflich. Proſpekt.
2197 3245 2613 3292 Lehranſtalt Plöhn⸗Freha, 7.
2195 3273 2615 3319 Bez., Neubaugaſſe 4 (Ecke
2196 3301 2613 3344 Mariahilferſtraße) und 3. Be⸗
2198 3330 2612 3373 zirk, Hauptſtraße 18. Tele⸗
2197 3360 2524 3402 phon 852/IV, 501/VI.
