2479 3508
196 203 283 228 Seite 6
537 198 717 224 Wien, Samstag
1053 193 1300 219 Arbeiter-Zeitung.
1651 195 1801 220 6. Juli 1895
2036 197 2131 220 Nr. 182
166 266 814 300 Polier Ben zu einer Geldſtrafe von 25 fl., eventuell fünf
168 297 348 322 Tagen Arreſt.
234 317 815 348 (Gewichtsfälſchung.) Der Selchermeiſter Joſef Schöner
169 339 815 373 in der Innern Stadt beſitzt eine Geſchäftsfiliale in der Boerhave⸗
167 361 814 392 gaſſe im Bezirk Landſtraße, in der ſein Bruder Michael Schöner
168 383 815 413 als Verkäufer fungirt. Als nun der Marktkommiſſär Karl
167 405 813 436 Klieber unlängſt dort wegen der Gewichte eine Nachſchau
169 427 815 460 hielt, bemerkte er, daß an der Wagſchale ein Stück Schweinfilz
169 449 814 482 angeklebt war, das Michael Schöner ſchnell zu beſeitigen
170 471 815 502 ſuchte. Bei der Prüfung der Wage ergab ſich, daß durch dieſe
171 494 816 523 Manipulation die Kunden um drei Deka per Kilo verkürzt werden.
172 515 815 547 Auf erfolgte Anzeige hatte ſich Michael Schöner geſtern beim Be⸗
174 540 815 569 zirksgericht Landſtraße wegen Uebertretung des Betruges zu
174 560 816 588 verantworten. Der Angeklagte redete ſich damit aus, daß er,
176 582 817 612 weil ein Stück von der Wagſchale ausgebrochen war, dasſelbe
173 605 815 637 vorläufig durch das Stück Schweinefilz erſetzt habe. (!) —
173 625 816 656 Richter: Und auf dieſe Art werden die Leute beſchummelt. —
173 649 820 680 Der Angeklagte gab ſich alle Mühe, die Sache ſo harmlos als
172 671 817 703 möglich erſcheinen zu laſſen. Er habe das Geſchäft auf Ver⸗
176 694 817 724 rechnung und daher von dieſem keinen Gewinn. — Richter:
173 715 819 745 Aber Einer hat ihn doch. Warum haben Sie, wenn die Sache
176 738 818 769 ſo unſchuldig iſt, nicht gleich dem Marktkommiſſär die Geſchichte
177 760 819 788 von dem künſtlichen Ausgleich der Wage erzählt, ſondern das
177 782 818 813 Stück wegzuräumen geſucht? — Der Angeklagte weiß darauf
177 804 820 834 keinen Beſcheid. Es wurde nun der Chef des Geſchäftes, Joſef
177 827 818 856 Schöner, vernommen. — Richter: Der Angeklagte hatte
177 851 820 879 das Geſchäft auf Rechnung? — Zeuge: Verrechnung war
177 871 821 899 keine. — Richter: Von was lebt er dann? — Zeuge: Er
179 893 821 922 geht ins Gaſthaus eſſen, und das zahle ich. — Richter: Eine
179 915 823 943 ſonderbare Geſchäftseintheilung. Ich werde den Herren Markt⸗
176 937 821 966 kommiſſär nochmals vorladen, die Wage bleibt einſtweilen als
178 958 821 989 corpus delicti hier. — Obwohl dies dem Herrn Selchermeiſter ſehr
179 981 824 1012 unangenehm war, mußte er in den ſauren Apfel beißen. Hierauf
181 1009 487 1031 wurde die Verhandlung vertagt.
247 1031 821 1057 (Eine ſchwerwiegende Beſchuldigung.) Der im
181 1054 822 1080 XVIII. Bezirk etablirte Spenglermeiſter Johann Thüringer
181 1076 822 1101 hatte in der erſten Hälfte des vorigen Monats nächſt dem Gaſt⸗
180 1097 822 1125 hauſe „zum goldenen Brunnen“ in der Schumanngaffe exzedirt,
180 1121 823 1147 einen Schneider geohrfeigt und den Cafetier Joſef Weſſely ver⸗
180 1144 821 1167 folgt und beſchimpft. Einige Tage ſpäter erſchien Thüringer nach
180 1165 820 1190 Mitternacht beim Polizeikommiſſariat und brachte zur Anzeige, er
180 1187 821 1213 ſei ſoeben von einer Schaar von Männern räuberiſch ange⸗
180 1209 819 1234 fallen und ſchwer verletzt worden. Hiebei bezeichnete er den
179 1231 820 1256 Cafetier Weſſely als einen der Thäter. Am folgenden Tage war
178 1254 823 1279 in den Wiener Blättern zu leſen, Thüringer habe einen Währinger
178 1275 821 1302 Cafetier als einen der Thäter bezeichnet, und in der ganzen Um⸗
179 1297 821 1324 gebung wußte man, daß Herr Weſſely gemeint ſei. Dieſer brachte
178 1320 819 1346 gegen Thüringer eine Ehrenbeleidigungsklage ein, die vor dem
177 1342 820 1369 Richter, Adjunkten Dr. Pöll, von Dr. Ferdinand Grünberger
176 1363 817 1389 vertreten wurde. Nach Vernehmung von elf Zeugen wurde Thü⸗
175 1385 818 1413 ringer ſchuldig erkannt und zu drei Tagen Arreſts verurtheilt.
243 1412 818 1437 (Eine Poſſe) mit nachherigem Freiſpruch ſpielte ſich geſtern
177 1435 817 1461 vor dem Bezirksgerichte Rudolfsheim ab. Der Leiter der Fett⸗
175 1459 817 1482 waarenfabrik Moll und Komp., Johann Brandl, war an⸗
175 1479 819 1506 geklagt, weil vor kurzem in dieſer Fabrik anläßlich des Probierens
174 1501 818 1526 einer Maſchine heißes Oel in Brand gerathen war. Brandl gab
175 1523 819 1549 an, daß durch einen böſen Zufall der Brand entſtanden ſei. Nie⸗
177 1545 818 1570 mand, am allerwenigſten er, trage daran ſchuld. Nun ſollte der
177 1567 819 1591 Vertreter der privatbetheiligten Firma einvernommen werden. Als
174 1589 819 1616 dieſer legitimirte ſich der Angeklagte ſelber, ſagte wieder dasſelbe
175 1611 818 1635 aus und ſtellte namens der betheiligten Firma an ſich (den Ange⸗
174 1633 819 1659 klagten) keine Erſatzanſprüche, da dieſer ganz und gar unſchuldig
174 1656 769 1681 ſei. Die Komödie endete, wie erwähnt, mit einem Freiſpruch.
238 1683 821 1708 (Das Los der Gefallenen.) Zu der in Nr. 180 unter
174 1706 820 1732 dieſem Schlagwort erſchienenen Notiz wird uns mitgetheilt, daß
174 1727 823 1754 der Zeuge nicht Eduard Straßer, ſondern Eduard Klaſſer,
174 1752 822 1775 Vorarbeiter, geheißen hat. Dieſer unliebſame Druckfehler hat zu
175 1772 821 1798 einer Verwechslung geführt, die dem Betheiligten natürlich ſehr
177 1797 329 1820 unangenehm iſt.
308 1851 690 1884 Politiſche Verfolgungen.
245 1888 821 1913 Wien, 5. Juli. Vor einem Erkenntnißſenat hatte ſich
179 1913 821 1938 heute Genoſſe Adolf Karpathy wegen des Vergehens nach
178 1938 824 1965 § 305 St.⸗G. zu verantworten. In einer vom ſozialdemo⸗
179 1962 823 1988 kratiſchen Verein „Vorwärts“ einberufenen Volksverſamm⸗
180 1987 823 2015 lung, die am 27. Mai ſtattfand, hatte er nach der Auffaſſung
181 2013 823 2038 der Staatsanwaltſchaft das erwähnte Vergehen mit einem
182 2037 823 2065 aufreizenden Satze begangen. Er hatte in der erwähnten
183 2062 824 2088 Rede die Genoſſen aufgefordert, es dem Parlament bekannt⸗
179 2087 824 2114 zugeben, was das Volk fühle, und nach ſeiner Verantwortung
178 2112 824 2140 dann noch hinzugefügt: „Uns iſt es blutiger Ernſt.“ Dem
178 2136 824 2167 Stenogramm des Regierungsvertreters und ſeiner Ausſage
179 2163 824 2189 zufolge hatte die Aeußerung eine andere Form und einen
180 2187 824 2214 anderen Sinn, und der Gerichtshof ging mit einem Schuld⸗
180 2212 825 2239 ſpruche vor. Der vom Dr. Ingwer vertheidigte Angeklagte
177 2238 825 2264 wurde zu drei Wochen einfachen Arreſts verurtheilt.
247 2266 823 2294 Wien, 5. Juli. Heute fand beim Bezirksgericht Land⸗
179 2291 825 2319 ſtraße die Schlußverhandlung gegen Genoſſen Krapka
178 2317 823 2345 wegen Uebertretung der §§ 491 und 496 St.⸗G. ſtatt. Nach
178 2343 824 2370 den mit der Verantwortung des Angeklagten gleichlautenden
179 2367 824 2396 Zeugenausſagen bemühte ſich der ſtaatsanwaltſchaftliche
177 2392 823 2421 Funktionär, nachzuweiſen, daß die Aeußerung des Angeklagten:
180 2417 824 2447 „In der Oeffentlichkeit und im Parlament werde erzählt,
179 2442 824 2473 Regierung und Koalition hätten den beſten Willen, ihr
179 2466 824 2497 Ehrenwort nicht einzulöſen“, eine Uebertretung obgenannter
179 2492 823 2524 Paragraphe ſei, und verlangte die Beſtrafung. Der Richter,
178 2517 823 2547 Dr. v. Marquet, war der gegentheiligen Meinung und
178 2541 822 2569 ſprach Genoſſen Krapka frei. Der ſtaatsanwaltſchaftliche
178 2569 566 2595 Funktionär meldete die Berufung an.
243 2597 820 2625 Wien, 5. Juli. Geſtern ſtand Genoſſe Krejci vor
178 2621 821 2649 einem Erkenntnißſenat unter Anklage nach § 305. Gleich zu
173 2646 820 2674 Beginn beantragte er, daß als Entlaſtungszeugen der Abge⸗
173 2672 821 2700 ordnete Brzeznovsky und einige Genoſſen vorgeladen
172 2696 819 2725 werden mögen. Der Gerichtshof gab dieſem Antrag Folge,
172 2721 819 2747 verhängte aber gleichzeitig die Haft
175 2745 818 2773 über den Angeklagten, da nun „Kolluſionsgefahr“ vorliege.
238 2775 818 2803 Eger, 3. Juli. Vom hieſigen Kreisgerichte wurde
174 2801 817 2831 Genoſſe Emanuel Dörfler in der heute durchgeführten
179 2826 817 2857 Hauptverhandlung von der Anklage wegen Vergehen nach
176 2850 818 2882 § 303 St.⸗G. (Verſpottung und Herabwürdigung der Ge⸗
175 2875 818 2908 bräuche und Einrichtungen einer geſetzlich anerkannten Kirche)
177 2907 391 2936 freigeſprochen.
188 2953 801 3021 Parteigenoſſen und Genoſſinnen!
243 3016 819 3047 Die Koalitionsära hat die Gefängniſſe mit Prole⸗
178 3042 818 3079 tariern gefüllt, die dem Kampfe um ihr Recht zum Opfer
178 3071 818 3112 fielen. Niemals zuvor in Oeſterreich hat es eine Zeit
181 3100 818 3143 gegeben, in der jeder Tag Verurtheilungen brachte, und
182 3127 820 3171 die Rubrik „Politiſche Verfolgungen“ iſt eine ſtändige
182 3155 823 3201 geworden, die auch nicht einen Tag leer bleibt. Dabei
186 3181 822 3231 müſſen wir feſtſtellen, daß nur — — — — Konfiszirt!
256 3211 823 3256 Thatſächlich zählen die Prozeſſe nach hunderten, und
191 3238 825 3283 allein die Wiener Gerichte haben alle Hände voll zu thun,
189 3266 828 3311 um das „Material“, das ihnen die Polizei einliefert,
192 3311 339 3342 aufzuarbeiten.
908 261 1485 292 Parteigenoſſen! Wir wollen den Kampf, wir
842 290 1485 319 müſſen ihn führen, wir führen ihn mit Erfolg.
842 317 1486 346 Aber wenn wir nicht ſentimental aufſeufzen, wenn Opfer
842 344 1486 373 fallen, ſo müſſen wir doch thun, was uns die proleta⸗
842 371 1486 401 riſche Ehre, was uns die brüderliche Solidarität, die
842 399 1485 431 Kampfgenoſſenſchaft gebietet. Die Verurtheilten ſind
843 427 1486 459 ſchwer geſchädigt durch die Haft, häufig haben ſie lange
841 454 1487 486 Arbeitsloſigkeit zu tragen, abgeſehen davon, daß Ge⸗
842 482 1486 512 fängnißhaft, die auch nur Monate dauert, nie ohne fühl⸗
844 509 1486 539 bare Folgen für die Geſundheit bleibt. Das können wir
844 537 1487 566 nicht ändern. Aber wenigſtens die materielle Noth müſſen
844 565 1488 595 wir ihnen fernhalten, müſſen dafür ſorgen, daß ſie in
845 593 1489 623 ihren Zellen nicht von dem Gedanken gequält werden,
846 622 1408 651 daß ihre Familien dem Hunger preisgegeben ſind.
910 649 1488 679 Aber auch zu der wahrlich kärglichen Unterſtützung,
845 677 1490 705 wie wir ſie bisher gewähren konnten, ſind die Mittel,
846 704 1491 735 die heute der Parteivertretung zu Gebote ſtehen, zu
845 732 1493 762 gering. Die ſchmerzlichſte Empfindung, einen bedürftigen
846 760 1493 790 Genoſſen leer ausgehen laſſen zu müſſen, weil für noch
846 788 1492 817 weit mehr Bedürftige zu ſorgen iſt, wurde uns nicht
848 815 1492 845 erſpart. Es ſei daran erinnert, daß noch heute Opfer
848 843 1492 874 der Bewegung der Achtziger⸗Jahre zu unterſtützen ſind,
848 872 1492 899 und daß die Mittel des Inhaftirtenfonds durchaus
848 899 1494 929 nicht in dem Verhältniß gewachſen ſind wie die Zahl
849 928 1022 953 der Inhaftirten.
915 953 1493 983 Wir glauben, daß wir nicht nothwendig haben,
850 982 1493 1010 mehr zu thun, als dieſen Thatbeſtand feſtzuſtellen. Wir
849 1010 1493 1038 ſind überzeugt, Genoſſen, ihr werdet auch hier eure
850 1036 1492 1065 Pflicht thun, wie ihr ſie immer gethan habt, und ihr
850 1063 1493 1094 werdet die Mittel ſchaffen, die nothwendig ſind, um
850 1092 1494 1122 wenigſtens nothdürftig für die zu ſorgen, die die ſchwerſte
850 1119 1442 1150 Laſt unſeres gemeinſamen Kampfes zu tragen haben.
917 1147 1493 1177 Parteigenoſſen! Denket an die Fa⸗
850 1176 1493 1202 milien der Inhaftirten, ſammelt bei
850 1202 1494 1232 allen euren Zuſammenkünften für unſeren
849 1231 1493 1259 Fonds und ſorget dafür, daß jeder unſerer
848 1258 1493 1287 Kämpfer weiß, daß er unſerer Solidarität
849 1287 1112 1314 gewiß ſein kann.
1102 1316 1464 1343 Die Parteivertretung.
999 1376 1333 1430 Sozialpolitik.
905 1456 1435 1487 Zum internationalen Textilarbeiterkongreß.
914 1489 1492 1519 Das Organiſationscomité verſendet folgende zwei
846 1515 999 1540 Zirkulare:
913 1550 1437 1577 An die Arbeiter der Textilinduſtrie aller Länder!
913 1581 1493 1608 Werthe Genoſſen! Der erſte internationale
848 1606 1493 1634 Textilarbeiterkongreß wurde vom 24. bis zum
848 1629 1389 1658 27. Juli des letzten Jahres in Mancheſter gehalten.
913 1656 1493 1683 Dieſe erſte allgemeine Zuſammenkunft, in welcher der
849 1678 1493 1707 erſte Grundſtein zu einer internationalen Verbindung der
848 1705 1493 1734 Textilarbeiter gelegt wurde, war von beſtem Erfolge gekrönt,
849 1730 1493 1759 dank der Theilnahme der Vertreter von England, Belgien,
850 1756 1494 1782 Frankreich, Holland, Dänemark, Oeſterreich und den Ver⸗
851 1780 1026 1805 einigten Staaten.
917 1805 1494 1832 Genoſſen! Wir rufen daher beſonders in euer Gedächt⸗
852 1830 1495 1858 niß zurück, daß dieſer erſte Kongreß nicht allein ſeinen Zweck
851 1855 1494 1884 erreichte durch würdevolle Diskuſſion und brüderliches Zu⸗
851 1880 1495 1908 ſammenwirken, welches den Arbeitern alle Ehre macht, ſondern
851 1903 1495 1932 auch durch ſeine hochwichtigen Beſchlüſſe, welche wir hier
851 1929 988 1954 folgen laſſen:
918 1961 1497 1985 1. Der am 25. Juli 1894 zu Mancheſter in der
851 1980 1497 2008 Memorial Hall tagende Internationale Textilarbeiterkongreß erſucht
852 2003 1495 2029 die Regierungen der verſchiedenen Staaten von Amerika und
851 2026 1496 2053 Europa, als Maximum den achtſtündigen Arbeitstag oder
852 2048 1496 2074 48 Stunden pro Woche für Erwachſene wie auch für Kinder
849 2070 1496 2097 beiderlei Geſchlechts geſetzlich einzuführen. Der Kongreß ladet
852 2091 1496 2119 die Arbeiter aller Länder ein, dahin zu wirken, um auf dem
852 2114 1496 2140 Wege der Geſetzgebung, beſonders bei der Wahl ihrer Volks⸗
851 2136 1494 2165 vertreter, die Einführung des achtſtündigen Arbeitstages zu
852 2159 934 2183 erlangen.
919 2181 1495 2211 2. Der Kongreß bringt in Erwägung, daß zur Beſſerung
852 2204 1498 2232 der allgemeinen Lage der Arbeiter, zum Beiſpiel Erhöhung der
851 2225 1496 2253 Löhne, Verkürzung der Arbeitszeit, gute und geſunde Arbeiter⸗
851 2247 1494 2276 werkſtätten nebſt Reglements, es unbedingt nothwendig iſt, ſich in
852 2269 1495 2298 induſtriellen Vereinen zu organiſiren. Zur Erreichung jener
852 2292 1494 2320 Vortheile für die Arbeiter iſt es ſelbſtverſtändlich noth⸗
852 2314 1495 2342 wendig, daß ſolche Vereine mit einem guten Reſerve⸗
851 2336 1495 2364 fonds ausgeſtattet ſind, um im geeigneten Falle für eine
850 2359 1496 2385 Lohnerhöhung, ſo auch gegen eine Lohnreduktion ihren
851 2381 1494 2410 Mitgliedern genügend Hilfe leiſten zu können, um ihnen den Sieg
852 2403 1494 2428 zu ermöglichen. Ferner iſt es die Pflicht jedes Arbeiters, mit allen
852 2424 1495 2452 Kräften dahin zu wirken, damit das arbeitende Volk und deſſen
851 2447 1494 2475 Intereſſen, ſoweit die Verhältniſſe jeden Landes es erlauben,
851 2469 1495 2496 reichlich in dem geſetzgebenden Körper vertreten ſeien. Der
850 2492 1493 2520 Kongreß richtet einen Proteſt gegen die Regierungen ſolcher
851 2512 1494 2540 Länder, in welchen Geſetze beſtehen, durch die die Arbeiter von
850 2536 1495 2562 ihren politiſchen und menſchlichen Rechten ausgeſchloſſen ſind. Der
850 2557 1494 2586 Kongreß erſucht ſolche Regierungen im Namen der Menſchlichkeit,
850 2580 1494 2607 jene Geſetze, welche die Arbeiter ihrer Freiheiten und Rechte
849 2602 1492 2630 berauben und ſie zu ungeſetzlichen Mitteln, ja ſelbſt ins Unglück
849 2623 1037 2647 treibten, aufzuheben.
914 2647 1490 2672 3. Der Kongreß wünſcht, daß ein internationaler Textilbund
849 2669 1490 2697 ins Leben gerufen werden ſoll, bei welchem Herr James Mawdsley
848 2690 1491 2718 als Generalſekretär und Herr David Holmes als Hauptkaſſier
848 2712 1490 2741 fungiren ſollen. Dieſelben ſind mit den Befugniſſen ausgeſtattet,
848 2735 1490 2763 ſich in Verbindung zu ſetzen mit dem Rath der geſetzgebenden
848 2757 1489 2783 Vertreter der Textilarbeiter von England, die internationalen Ar⸗
848 2779 1488 2807 beiten während des Jahres auszuführen. Jede Nation erwählt
847 2801 1488 2830 unter ihren Mitgliedern der internationalen Vereinigung ange⸗
847 2823 1490 2851 hörende korreſpondirende Sekretäre, die ſo bald als möglich die
846 2845 1486 2872 Anträge ihrer Mitglieder zur Begründung eines internationalen
846 2867 1487 2894 Textilbundes dem Generalſekretär einzuſenden haben, damit dieſer
846 2888 1486 2917 die Anträge dem nächſtkommenden Kongreß zur Berathung vor⸗
847 2912 950 2935 legen kann.
911 2933 1486 2962 4. Hardyns (Gent) ſchlägt den anweſenden Kongreßmit⸗
847 2954 1486 2983 gliedern vor, den nächſtfolgenden Kongreß in Gent abzuhalten.
845 2978 1485 3007 Er hebt beſonders hervor, das Gent für den Weſten von Europa
845 3000 1485 3030 die Wiege dieſer neuen und wichtigen Bewegung ſei, die koope⸗
844 3022 1486 3049 rativen Geiſt, gewerkſchaftliche Vereinigung und vorgeſchrittene
845 3045 1483 3072 politiſche Thätigkeit vereinigt. Er denkt, daß Gent ein erleuchtendes
847 3066 1205 3087 und ermuthigendes Beiſpiel darbietet.
910 3092 1482 3126 Demzufolge hat man uns beauftragt, den Kongreß
845 3118 1481 3147 von Gent, der vom 4. bis 10. Auguſt 1895 ab⸗
849 3143 1217 3171 gehalten werden wird, einzuberufen.
913 3167 1481 3197 Es iſt das eine Aufgabe, der wir uns mit Freude
850 3192 966 3218 unterziehen.
916 3216 1480 3248 Aber ehe wir die adminiſtrative Anordnung berühren,
853 3240 1482 3274 ſo erlaubt uns, werthe Genoſſen, eure Aufmerkſamkeit auf
854 3266 1479 3296 die Wichtigkeit der Sache ſelbſt zu lenken. Auf dem Kon⸗
857 3292 1479 3320 greß zu Mancheſter war man einig darüber, daß die Ar⸗
1515 264 2161 293 beiterorganiſation nicht nur in nationalem Umfange eine
1513 288 2161 315 Nothwendigkeit ſei, ſondern auch ein internationales Be⸗
1515 313 1596 338 dürfniß.
1581 339 2164 368 Der Kapitalismus ſelbſt, dem gegenüber wir unſere
1513 362 2163 390 Rechte zu vertheidigen haben, iſt international und wird es
1515 388 2162 417 täglich mehr in Produktion, Austauſch und Bezahlung der
1515 413 2161 443 Arbeit. Das Kapital ſucht Arbeitskraft zum billigſten Preis
1514 438 2163 466 und die vortheilhafteſte mechaniſche Kraft ohne jede Rückſicht
1516 461 2162 490 auf Nationalität, während es zugleich ſich immer mehr hinter
1515 488 2162 517 ſeinem Schilde, dem Staate, verſchanzt, den es als Vertheidiger
1516 512 1769 539 ſeiner Intereſſen anſieht.
1583 538 2163 567 Die Gefahr, welche durch die induſtrielle Entwicklung
1516 563 2163 592 bei den Völkern des Oſtens und im Süden der Vereinigten
1517 588 2165 617 Staaten entſteht, iſt auch ein internationales Problem, das
1516 611 2164 642 in gleichem Maße alle Induſtrieländer bedroht: ein Problem,
1517 638 2164 667 das nur durch internationales Zuſammenwirken gelöst
1519 662 1652 683 werden kann.
1586 687 2163 716 Dieſe Thatſachen, werthe Genoſſen, müſſen uns be⸗
1520 712 2166 743 ſtimmen, dieſem zweiten Internationalen Kongreß einen groß⸗
1521 738 2168 767 artigen Charakter zu verleihen, das heißt mit anderen Worten,
1521 763 2165 792 wir müſſen mit all unſeren Kräften dahin arbeiten, daß eine
1519 787 2164 816 Internationale Föderation zuſtande kommt, eine Föderation,
1520 813 2163 842 welche ſchon beim erſten Kongreß allen Betheiligten wünſchens⸗
1520 837 1671 863 werth erſchien.
1587 863 2165 894 Die Gründung einer internationalen Vereinigung der
1522 887 2168 917 Textilarbeiter ſteht denn auch als Hauptpunkt auf der Tages⸗
1522 912 1610 936 ordnung.
1587 938 2167 967 Wir bitten daher alle diejenigen, welche am Kongreß
1522 961 2168 991 theilnehmen wollen, uns die Anträge, welche ſie auf der
1521 987 2170 1016 Tagesordnung haben möchten, gütigſt vor dem 1. Mai mit⸗
1521 1011 1615 1036 zutheilen.
1584 1036 2166 1066 Wir erſuchen auch unſere Freunde, diejenigen Punkte,
1521 1061 2167 1090 welche ſie zu beſprechen wünſchen, mit einem Bericht zu be⸗
1520 1086 2167 1116 gleiten, welchen wir in Holländiſch, Franzöſiſch, Engliſch und
1522 1110 2167 1142 Deutſch ausgeben werden, um die Berathungen zu erleichtern.
1587 1136 2168 1166 Wir erſuchen, beſonders dieſem letzten Punkte eure
1522 1161 2168 1190 beſondere Aufmerkſamkeit ſchenken zu wollen, wodurch unnütze
1522 1186 2168 1216 Debatten vermieden und jedem Gelegenheit geboten werden
1522 1210 2167 1238 wird, ſich ohne großen Zeitverluſt ein klares Bild der
1523 1234 1951 1265 Geſchäftslage fremder Länder zu machen.
1587 1262 2167 1292 Sobald uns von allen Seiten Anmeldungen und Be⸗
1522 1286 2168 1316 richte zugekommen ſind, werden wir unverzüglich alle Vor⸗
1523 1312 2171 1342 arbeiten treffen und unſeren fremden Kollegen davon Mit⸗
1522 1337 1691 1361 theilung machen.
1587 1363 2169 1389 In der angenehmen Erwartung einer großen und all⸗
1521 1385 2170 1417 gemeinen Theilnahme, der wir einen herzlichen Empfang be⸗
1521 1411 1968 1439 reiten werden, grüßen wir euch brüderlich.
1521 1441 2165 1471 Im Namen des Organiſationscomités des
1521 1467 2167 1495 zweiten Internationalen Kongreſſes der
1728 1494 1957 1518 Textilarbeiter:
1522 1520 1833 1547 Für die Genter Flachsarbeiter:
1929 1523 2166 1551 Für die Genter Weber:
1585 1551 1754 1578 F. Hardyns.
1958 1554 2135 1580 J. Foucaert.
1686 1590 2003 1617 Für die vlämiſchen Spinner:
1747 1619 1942 1646 P. Baudewyn.
1522 1647 2168 1681 Das Comité von Mancheſter: D. Holmes, J. Mawdsley.
1582 1679 2169 1709 Die Korreſpondenzen ſind zu adreſſiren: „Vooruit“,
1521 1704 1819 1732 Garenplaats, Gent, Belgien.
1589 1748 1957 1774 Das zweite Zirkular lautet:
1586 1777 2163 1806 Werthe Genoſſen! Unſerem Auftrage getreu, wollen
1522 1800 2167 1833 wir Sie über den Stand der Vorarbeiten zum
1524 1827 1955 1856 Genter Textilarbeiterkongreß unterrichten.
1588 1852 2166 1881 Die Textilarbeiterorganiſationen Frankreichs
1522 1877 2167 1906 werden ſehr zahlreich vertreten ſein. Deutſchland hat
1523 1901 2167 1930 bereits ſeine Theilnahme angemeldet und uns ſchon einen
1524 1927 2171 1956 ſehr wichtigen Bericht eingeſendet. Die engliſchen
1525 1952 2172 1979 Trades⸗Unions wünſchen folgende Punkte auf die
1523 1976 2174 2007 Tagesordnung zu ſetzen: 1. Bericht über die Lage
1524 2002 2173 2030 der Induſtrie und über alle Veränderungen in der
1524 2028 2172 2054 Arbeiterwelt ſeit dem letzten Kongreß; 2. Verbot der
1524 2053 2169 2081 Sonntagsarbeit; 3. Verbot der Ueberzeit⸗ und
1525 2077 2171 2107 Nachtarbeit; 4. Der Achtſtundentag; 5. Beſſere
1524 2101 2166 2134 Durchführung der Arbeiterſchutzgeſetze;
1523 2127 2167 2160 6. Mittel zur Durchſetzung einer beſſeren Geſetzgebung
1524 2153 2168 2180 zu Gunſten der Arbeiter; 7. Vertretung der Arbeiter in
1524 2177 2166 2207 Geſetzgebungskörpern; 8. Deckung der Koſten
1523 2203 2169 2232 des Kongreſſes. — Ihr ſeht, werthe Genoſſen, daß ſchon
1522 2225 2166 2257 dieſe Punkte genügen, um eure Anweſenheit auf dem Kongreß
1524 2252 1714 2277 nöthig zu machen.
1590 2277 2167 2305 Die belgiſchen Textilarbeiterverbände werden ſehr
1522 2302 1763 2329 zahlreich vertreten ſein.
1587 2329 2170 2360 Das Comité wird ſich nunmehr insbeſondere mit der
1521 2353 2169 2382 Theilnahme der Schweiz, Oeſterreichs, Italiens, Spaniens und
1522 2377 1747 2404 Hollands beſchäftigen.
1585 2403 2169 2434 Wir bitten nun, uns die Bericht baldmöglichſt zuzu⸗
1522 2427 2083 2458 ſenden und die Punkte zur Tagesordnung anzugeben.
1587 2453 2166 2483 Auch erinnern wir die Vereine daran, daß der Kongreß
1521 2477 2110 2508 am 4. Auguſt 1895 beginnt und am 10. Auguſt endigt.
1588 2504 2164 2533 Wir erſuchen die Genoſſen auch, uns zur gehörigen
1520 2528 2166 2557 Zeit die Zahl ihrer Theilnehmer wiſſen zu laſſen, damit wir
1520 2550 2163 2583 die nöthigen Maßregeln für die Unterbringung treffen
1521 2578 1593 2598 können.
1584 2602 2165 2634 Brüder! Die belgiſche Arbeiterpartei im allgemeinen
1519 2627 2167 2658 und die Genter Arbeiter im beſonderen werden glücklich ſein,
1519 2651 2121 2682 euch in ihrer demokratiſchen Stadt empfangen zu können.
1584 2682 2167 2712 Wir werden euch nach Kräften recht brüderlich, recht
1518 2707 2169 2736 großartig aufnehmen, um die Brüderbande, die alle Arbeiter
1517 2732 2167 2764 zuſammenhalten im Kampfe für die Emanzipation, noch enger
1518 2758 1617 2782 zu ziehen.
1583 2783 2164 2815 Auf denn, Genoſſen! Wir müſſen einander beſſer kennen
1516 2807 2167 2839 und würdigen lernen, damit wir endlich in unſerer inter⸗
1517 2832 2165 2865 nationalen Organiſation die nöthigen Kräfte finden, um unſere
1517 2857 1934 2889 Wünſche zur Verwirklichung zu führen!
1582 2883 2160 2918 Textilarbeiter aller Länder, aller Religionen, ſeien Sie
1516 2906 1739 2931 willkommen in Gent!
1646 2942 2048 2975 Das Organiſationscomité:
1528 2974 1861 3005 Für die Genter Flachsarbeiter:
1897 2979 2151 3011 Für die Genter Weber:
1612 3006 1780 3037 F. Hardyns.
1928 3013 2100 3042 J. Foucaert
1686 3046 1991 3076 Für die vlämiſchen Spinner:
1740 3076 1933 3105 P. Baudewyn.
1512 3104 2158 3151 Das Comité von Mancheſter: D. Holmes, J. Mawdsley.
1574 3151 2157 3190 Textilarbeiter Oeſterreichs! Vorſtehende Zirkulare
1510 3175 2154 3212 wurden ſoeben dem Verbande der Textilarbeiter
1507 3200 2154 3242 Oeſterreichs eingeſendet. Wir glauben, daß es nicht
1510 3227 2152 3268 vonnöthen iſt, noch weitere Worte über die Nothwendigkeit
1510 3250 2152 3291 der Beſchickung des zweiten internationalen Textilarbeiter⸗
1511 3277 2152 3319 kongreſſes zu verlieren. Vielmehr erſuchen wir ſämmtliche
1510 3301 2150 3342 Organiſationen der Textilarbeiter Oeſterreichs, ſich mit dieſer
