3488 5372
204 196 370 239 Seite 6
780 197 1054 240 Wien, Samstag
1491 197 2075 237 Neue Freie Presse.
2515 190 2757 235 1. Juli 1911
3111 189 3314 233 Nr. 16830
264 273 1209 316 [Repertoire des Wiener Bürgertheaters.]
187 310 1206 353 (Gaſtſpiel des Tegernſeer Bauerntheaters.) Montag den 3. und
185 345 1206 389 Dienstag den 4. Juli: „Die ſchöne Millibäuerin.“ Mittwoch
184 380 1207 423 den 5.: „Im Herbſtmanöver“. Donnerstag den 6.: „Der Dorf⸗
183 413 1207 457 pfarrer.“ Freitag den 7.: „Die ſchöne Millibäuerin.“ Samstag
182 449 1207 493 den 8.: „Der Schnitzlerfranzl von Berchtesgaden.“ Sonntag
183 483 1207 528 den 9., nachmittags ½ 3 Uhr: „Der Dorfpfarrer.“ Abends 8 Uhr:
184 520 1207 561 „Der Schnitzlerfranzl von Berchtesgaden.“ Montag den 10.: „Der
183 557 721 597 Schnitzlerfranzl von Berchtesgaden.“
266 622 1207 666 Wenn Sie maſchinelle Einrichtungen oder einzelne Ma⸗
177 657 1207 702 ſchinen, Apparate, Werkzeuge und techn. Behelfe neueſter Konſtruktion
181 693 1207 736 für irgend welchen induſtriellen Betrieb brauchen, wenden Sie ſich an
178 727 1204 771 das Ingenieur⸗Bureau Rud. Schwarz, Wien, III., Reisnerſtr. 41.
282 793 1208 836 [Metallfadenlampen] 200 % mehr Licht oder 70 %
181 828 1205 870 Stromerſparnis, billigſt per Stück oder im Pauſchale. Wiener
178 862 1203 908 Elektr. Glühlampenf. Sturm & Co., Wien, IX., Liechtenſteinſtr. 12
168 932 671 1055 Kompressoren
672 922 1210 955 bis 5 Kubikmeter per Minute hält am Lager
691 959 1192 1010 Maschinenfabrik LEANDER BECHER
673 1015 1209 1050 Wien, X., Trostg. 114. — Tel. interurb. 9841
245 1135 1148 1274 Kurhaus Semmering
433 1282 969 1355 Phys.-diätetische Höhenkuranstalt
306 1372 1085 1430 2 Stunden von Wien. Sommer- und Winterkuren.
239 1433 1144 1497 Kals. Rat Dr. Franz Hansy. Dr. Karl Kraus.
1037 1309 1122 1358 14957
276 1568 1003 1612 EDUARD PABRITZ, Ingenieur
306 1615 979 1651 Wien, IX/3, Währingerstrasse 6 u. 8, Tel. 18203,
283 1651 1003 1686 projektiert Fabriksbauten und deren maſchinelle Einrich⸗
280 1680 1004 1712 tung mit Rückſicht auf billigſte Herſtellung, auch in Eiſen⸗
275 1707 1005 1738 beton. Verfaßt Koſtenvoranſchläge, überwacht den Bau und
399 1733 883 1762 beſorgt die Abrechnung. Honorar billig.
307 1763 965 1798 Erſte Referenzen über ausgeführte Anlagen.
256 2089 634 2193 Clichés
650 2075 1193 2114 KUNSTANSTALT FÜR PHOTOZINKOGRAFIE
651 2111 1179 2160 MAX PERLMUTTER
648 2159 1200 2194 WIEN III. LINKE BAHNG. 9. TELEFON 6012
168 2224 1219 2455 Priessnitz - Sanatorium
260 2472 1127 2571 in Gräfenberg [Oest.-Schlesien].
384 2569 1009 2608 620 Meter über dem Meeresspiegel.
177 2619 1209 2669 Chefarzt: Sanitätsrat Dr. Rudolf Hatschek.
352 2670 1031 2718 Physikalisch-diätetische Heilmethoden.
1135 2674 1219 2707 14926
175 2738 1208 2777 Fahrpreis der von verläßlichen Wagenführern gelenkten, bequemen
355 2768 1030 2809 mit 32/40 PS. ſtarken Motoren verſehenen
174 2819 739 2904 Deutz-Taxameter
760 2817 1008 2851 für die Fahrten
765 2855 1010 2889 im Stadtbereich
1038 2811 1216 2893 80 H.
560 2900 783 2933 per Kilometer.
279 2927 1112 2969 Standplätze: Opernring, Café Heinrichshof. Telephon 925;
471 2957 940 2992 Maximiliankeller, Telephon 8365;
400 2979 1007 3022 Stephansplatz, Telephon Nr. 8464 oder 9982.
1154 2977 1220 3005 5273
178 3034 1220 3278 Hotel National
172 3288 573 3442 Genf.
620 3282 1211 3353 Grösster Komfort der Neuzeit.
621 3353 1214 3422 Park. Tennis. Deutsche Leitung.
1243 271 2285 338 Waaas? . . . Papa hat 's erlaubt! Es ist ja Jacobi —
1273 343 1629 393 Antinikotin
1273 404 1644 457 Zigaretten-
1266 463 1481 517 hülse!
1275 533 1652 565 Echt nur in Zigarettenkistchen
1271 568 1416 599 mit Namen
1270 602 1656 656 JACOBI!
1590 567 1665 599 15177
1253 707 1510 815 Baden
1280 825 1481 866 =bei Wien=
1547 700 2287 761 „Quisisana“ Pension I. Ranges.
1550 767 2291 799 Anerkannt vorzügl. Küche. — Zivile Preise
1548 794 2292 831 Elisabethstrasse Nr. 63—65.
1796 829 2030 860 Telephon 144.
2214 829 2291 858 15158
1247 890 1638 1009 KETTEN
1661 889 2283 927 für sämtliche Industriezweige, komplette
1651 925 2288 964 Elevatoren, Transportschnecken, Flaschen-
1737 960 2209 999 züge, Hebekrane und Winden.
1244 1012 2286 1064 Julius Fischl, Wien, II/2, Lichtenauergasse 1.
1322 1097 2212 1167 Kameelhaar-Sweater
1250 1162 2283 1199 zu weissen und lichten Toiletten passend, in den zartesten Pastellfarben, chamois.
1246 1191 2290 1229 ciel, Flieder, erbsgrün und hochrot, bei Albert Matzner, I., Kohlmessergasse. 8.
1660 1257 2289 1292 Unerreichte Vorzüge. — Konkurrenzlos im Preise.
1751 1288 2190 1318 Die beste modernste und wirkliche
1661 1323 1905 1451 Präzisions-
1764 1385 1899 1442 Uhr Ist
1961 1325 2281 1443 „Intact“
1660 1447 2283 1484 in Stahl, Silber und Gold, bei jedem Uhrmacher
1905 1478 2037 1508 zu haben.
2207 1478 2289 1508 14955
1253 1652 2281 1721 Wetterkragen K 16.— Sportanzug K 34.—
1252 1735 2281 1798 Jacob Rothberger, k. u. k. Höflieferant
1445 1805 2107 1861 Wien, I., Stephansplatz 9.
2202 1819 2287 1863 14654
2757 288 3012 326 Gummi- und
2767 331 3002 367 Fischblasen
2454 373 3226 404 nur allererstes Original Pariser Fabrikat versendet diskret
2615 402 3064 431 per Dtzd. à K 2, 4, 6, 8 bis K 16
2457 436 3220 492 J. Reif, Spezialist, Wien ⅛
2672 496 3014 526 Brandstätte Nr. 3.
2668 530 3007 559 Gegr. 1881, Preislisten grat.
3250 525 3329 563 14680
2515 739 3266 782 In tiefſter Trauer geben wir hiedurch Nachricht
2414 783 3276 825 von dem Ableben unſerer teuren Gattin, Mutter,
2403 831 3275 869 Schweſter, Schwiegermutter und Großmutter, der Frau
2395 931 3282 1085 Luiſe Deutſch geb. Adler
2402 1122 3273 1165 welche uns nach einem nur dem Wohl ihrer Familie
2413 1169 3265 1208 gewidmeten Leben im 63. Lebensjahre Freitag den
2413 1210 3209 1251 30. Juni 1911, 3 Uhr nachmittags, entriſſen wurde.
2513 1254 3265 1296 Die Beerdigung der uns teuren Verblichenen
2402 1297 3276 1340 findet Montag den 3. Juli, 11 Uhr vormittags, vom
2404 1342 3024 1385 Zentralfriedhof (iſrael. Abteilung) ſtatt.
2470 1395 3269 1438 Wien, II., Kaiſer Joſefſtraße 11, und Zwittau.
2634 1462 3047 1503 Jacob Deutſch als Gatte.
2408 1505 3263 1549 Ludwig Deutſch, Alfred Deutſch, Ingenieur Ernſt
2684 1545 2991 1580 Deutſch als Söhne.
2499 1584 3175 1624 Katarina Wilhelm und Eduard Adler
2719 1623 2960 1660 als Geſchwiſter.
2554 1666 3113 1705 Roſa Deutſch als Schwiegertochter.
2458 1708 3230 1750 Paul, Ewald und Gerhard Deutſch als Enkel.
1557 2029 3215 2094 Vom tiefsten Schmerze erfüllt, geben wir hiemit Nachricht von dem Hin-
1404 2084 2884 2152 scheiden unseres allverehrten, unvergesslichen Seniorchefs, des Herrn
1549 2188 3050 2448 Jos. Wilhelm Meinl
1414 2448 3222 2503 k. k. Kommerzialrates, Direktors der I. Oesterr. Sparkasse, Ehrenbürgers der Stadt
2115 2493 2505 2540 Bärringen etc. etc.
1410 2581 3221 2646 welcher Freitag den 30. Juni 1911 nach schwerem Leiden im 74. Lebensjahre ent-
1403 2652 1663 2698 schlafen ist.
1561 2686 3210 2752 Wir betrauern in dem edlen Dahingeschiedenen den liebevollsten, gütigsten
1404 2733 3216 2807 Chef, dessen unendliche Fürsorge uns in steter dankbarer Erinnerung bleiben wird.
1561 2787 3219 2852 Die entseelte Hülle des teuren Verstorbenen wird Sonntag den 2. Juli
1404 2842 3212 2911 vom Trauerhause: XIX, Hohe Warte 23, in die Kirche zu St. Michael in Heiligen⸗
1408 2894 3216 2959 stadt überführt, daselbst um 3 Uhr feierlich eingesegnet und sodann auf dem Heiligen-
1410 2959 2356 3011 städter Friedhofe zur ewigen Ruhe bestattet.
1554 2998 3205 3061 Die heil. Seelenmessen werden Mittwoch den 5. d. M, um 9 Uhr vormittags
1410 3064 2080 3120 in obgenannter Kirche gelesen.
1560 3124 2027 3180 Wien, 1. Juli 1911.
2170 3174 3167 3281 Die Angestellten der Firma A. Meinl's Erben.
615 3671 3137 3753 Vom tiefsten Schmerze gebeugt, geben wir hiemit die traurige Nachricht von dem Ableben unseres
406 3758 1393 3840 unvergesslichen Seniorchefs, des Herrn
699 3867 2837 4187 Josef Wilhelm Meinl
798 4184 2754 4252 k. k. Kommerzialrates, Direktors der I. Oesterr. Sparkasse, Ehrenbürgers der Stadt Bärringen etc. etc.
413 4297 2949 4388 welcher uns gestern nach 56jähriger rastloser, aufopfernder Tätigkeit durch den Tod entrissen wurde.
617 4379 3130 4458 Die entseelte Hülle des teuren Verstorbenen wird Sonntag den 2. Juli 1911 vom Trauerhause:
423 4449 3135 4531 XIX., Hohe Warte Nr. 23, in die Kirche zu St. Michael in Heiligenstadt überführt, daselbst um 3 Uhr
408 4520 2779 4606 feierlich eingesegnet und sodann auf dem Heiligenstädter Friedhofe zur ewigen Ruhe bestattet.
621 4594 3133 4679 Die heiligen Seelenmessen werden Mittwoch den 5. d. M. um 9 Uhr vormittags in obgenannter
421 4688 810 4757 Kirche gelesen.
622 4769 1166 4842 Wien, 1. Juli 1911.
2187 4800 2933 4917 A. Meinl's Erben.
292 5156 3273 5232 Herausgeber: Moriz Benedikt. — In Abweſenheit K. F. Kohler's für die Redaktion verantwortlich: Dr. Julian Sternberg. — Druckerei der „Neuen Freien Preſſe“: Carl Herrmann.
