3488 5338
277 129 406 160 Seite 2
1059 138 1326 182 Wien, Samstag
1582 149 2160 199 Neue Freie Presse.
2418 160 2649 207 6. Juli 1895
3164 179 3362 221 Nr. 11085
232 195 1260 256 eine Quote entnommen und zur Incamerirung, beziehungs⸗
231 238 1256 296 weiſe zur Herſtellung von Straßen verwendet werden ſoll.
228 281 1258 342 — In der Debatte über das Budget für die Landesvertheidi⸗
227 323 1257 385 gung wurden verſchiedene Wünſche zum Ausdrucke gebracht,
225 366 1256 427 welche dem Zeitpunkte für die Einrückung der Recruten, für
225 408 1254 471 die Controlverſammlungen und für die Waffenübungen galten.
223 451 1254 512 Für Herrn Laginja war das Gebiet der Landesverthei⸗
223 496 1253 557 digung offenbar ein zu enges, denn er zerrte die iſtrianiſche
221 538 913 591 Amtstafelfrage in die Discuſſion hinein.
303 615 1248 666 Abgeordnetenhaus. (406. Sitzung. — Fortſetzung aus
216 649 1248 700 dem Abendblatte; Budget⸗Debatte; Voranſchlag des Mini⸗
218 683 1249 735 ſteriums des Innern.) Abg. Dr. Rutowski (Generalredner
214 717 1249 770 pro) begrüßt die vom Miniſter in Ausſicht genommene Reform auf
212 751 1246 805 dem Gebiete des Sanitätsweſens und dankt ihm für die verſprochene
212 786 1246 839 Erhöhung des Standes der politiſchen Behörden in Galizien. Er
209 820 1244 874 empfiehlt der Regierung, die Löſung der Verſicherungsfrage baldigſt
208 856 1241 907 in die Hand zu nehmen, und erwartet, daß die gegenwärtige Regierung
207 890 1240 939 die vom früheren Miniſter des Innern verſprochene Reviſion des
206 924 1239 975 Regulativs über das Privat⸗Verſicherungsweſen durchführen werde.
208 959 1238 1007 Er unterſtützt weiters den Wunſch der Privatbedienſteten um Ein⸗
206 993 1237 1043 führung einer obligatoriſchen Altersverſicherung und erörtert ſodann
206 1027 1240 1077 eingehend die Wünſche Galiziens in Bezug auf Flußregulirung. Die
205 1063 1239 1112 Regierung möge die vorliegenden Projecte überprüfen, damit die
204 1097 1234 1148 Arbeiten bald in Angriff genommen werden, und bei Abfaſſung des
203 1128 1237 1182 Präliminares für 1896 größere Summen für Flußregulirungen ein⸗
205 1166 667 1203 ſtellen. (Beifall bei den Polen.)
290 1201 1235 1250 Es folgt eine Reihe von thatſächlichen Berichtigungen.
289 1236 1233 1281 Abg. Dr. Bartoli erklärt, daß der Abg. Spincic auf ein ein⸗
202 1268 1236 1319 faches On dit hin Beſchuldigungen gegen die italieniſche Bevölkerung
201 1303 1234 1355 des Küſtenlandes vorgebracht habe, welche als gänzlich grundlos und
202 1339 734 1378 falſch zurückgewieſen werden müſſen.
287 1373 1232 1422 Abg. Dr. Dvorak wendet ſich gegen die geſtrigen Ausführungen
200 1406 1231 1456 des Miniſters des Innern in Bezug auf das Sanitätsweſen, wobei
200 1442 1231 1491 er wiederholt vom Präſidenten mit der Mahnung unterbrochen wird,
197 1475 1231 1526 keine Polemik zu führen, ſondern ſich in dem Rahmen einer thatſäch⸗
197 1510 633 1547 lichen Berichtigung zu halten.
285 1545 1226 1593 Abg. Spincic conſtatirt, daß der Abg. Bartoli keine der von
196 1579 1014 1624 ihm angeführten Thatſachen thatſächlich berichtigt habe.
283 1614 1225 1665 Berichterſtatter Dr. Kathrein verzichtet auf das Schlußwort.
198 1648 547 1685 (Heiterkeit und Beifall.)
281 1684 1224 1732 Bei der Abſtimmung werden die in Verhandlung geſtan⸗
194 1716 1224 1767 denen Titel des Miniſteriums des Innern, ſowie die vom
193 1750 1095 1797 Ausſchuſſe hiezu beantragten Reſolutionen angenommen.
280 1787 1223 1835 Es werden ſodann die Stimmzettel für die Erſatzwahlen
191 1821 1223 1870 in mehrere Ausſchüſſe abgegeben. — Hierauf wird die Budgetberathung
192 1855 1222 1905 fortgeſetzt, und es werden die Titel „Staatsbaudienſt“,
192 1890 1218 1938 „Straßenbau“, „Waſſerbau“ und „Neubauten der
190 1924 1218 1974 politiſchen Verwaltung“ in Verhandlung gezogen. Zum
190 1959 1218 2008 Worte gemeldet ſind contra: die Abgeordneten Formanek,
189 1993 1219 2044 Kaftan, Morre, Spincic, Fořt, Kaizl, Brzeznovsky,
189 2029 1218 2078 Slavik; pro: die Abgeordneten Forcher, Kaiſer, Schorn,
189 2062 606 2099 Lorber, Poſch, Funke.
272 2097 1216 2146 Abg. Formanek beſpricht die Nothwendigkeit der Regulirung
185 2131 1216 2179 und Schiffbarmachung der oberen Elbe und beantragt eine Reſolution,
185 2166 1217 2214 durch welche die Regierung aufgefordert wird, durch ein Specialgeſetz
186 2200 1214 2248 die Regulirung der oberen Elbe von Melnik bis Jaromierz möglichſt
183 2234 960 2276 bald zu verwirklichen. (Beifall bei den Jungczechen.)
270 2268 1215 2317 Abg. v. Forcher beantragt und begründet eine Reſolution,
182 2303 1214 2351 durch welche die Regierung aufgefordert wird, die Incamerirung der
183 2336 1213 2387 Straßenſtrecke Eiſenerz⸗Steyr, der ſogenannten „Eiſenſtraße“, baldigſt
180 2373 397 2409 zu veranlaſſen.
267 2407 1212 2452 Abg. Kaftan tadelt die mangelhafte Organiſation der Staats⸗
178 2441 1211 2489 bauämter und die Unterordnung der techniſchen Beamten unter die
179 2475 1209 2525 politiſchen. Er erörtert ſodann die Nothwendigkeit der Canaliſirung
179 2512 1208 2559 der Elbe und der Moldau, welche im Ganzen nur zwölf Millionen
177 2544 1209 2593 erheiſchen würde, und erwartet, daß der Miniſter des Innern, der
179 2579 1206 2627 als Statthalter von Niederöſterreich die Wiener Verkehrsanlagen ſo
179 2613 1206 2662 energiſch gefördert hat, mit der gleichen Energie und mit dem gleichen
176 2646 1207 2695 Wohlwollen auch an die Aufgabe herantreten werde, die Moldau und
176 2682 851 2722 die Elbe von Auſſig bis Prag zu canaliſiren.
260 2714 1206 2764 Abg. Kaiſer empfiehlt eine Aenderung der Straßen⸗Organiſa⸗
171 2749 1204 2801 tion in Schleſien und tritt für die Incamerirung der Bezirksſtraße
174 2785 517 2824 Jägerndorf⸗Beniſch ein.
258 2819 1203 2866 Abg. Morre ſchildert den bisherigen Verlauf der Mur⸗
169 2852 1201 2900 Regulirungs⸗Arbeiten. Man habe ſich ſeitens einzelner Gemeinden
171 2888 1200 2936 und Intereſſenten bemüht, daß die Arbeiten an beſonders bedrohten
169 2922 1200 2970 Stellen in Angriff genommen werden. Die Regierung that dies aber
168 2957 1200 3006 nur dann, wenn von den betreffenden Gemeinden dem Staate der
168 2990 1198 3040 erforderliche Koſtenaufwand als unverzinslicher Vorſchuß gegeben
167 3026 1198 3074 wurde. Wenn ich einmal in den Himmel komme, ſagt Redner, ſo
166 3061 1196 3107 werde ich unſerem Herrgott die Geſchichte erzählen, wie es da zugeht,
166 3095 1198 3144 damit der alte Herr auch einmal etwas zu lachen hat. (Heiterkeit.)
164 3128 1196 3176 Was würden Sie ſagen, wenn unſer Finanzminiſter zum erſten beſten
164 3162 1195 3211 Dienſtmann gehen und ihm ſagen würde: „Sie, können's mir nicht
164 3198 1194 3246 drei Kreuzer leihen, daß ich mir zwei Inländer kaufen kann?“ (Leb⸗
161 3232 1192 3281 hafte Heiterkeit.) Ganz ſo geht es bei der Mur⸗Regulirung.
161 3266 1193 3313 Dort iſt eine kleine Gemeinde, beſtehend nur aus kleinen
162 3300 1193 3349 Häuslern, deren ganzer Reichthum in vielen Kindern beſteht
160 3336 1193 3383 (Heiterkeit), welche bekanntlich freſſendes Kapital ſind. Dieſer
160 3370 1192 3418 Gemeinde drohte das Unglück, daß ihr ein großes Stück
159 3405 1188 3455 Wieſengrund weggeriſſen werde, und es wurden die nöthigen
1303 216 2324 272 Schritte unternommen, damit man mit den Schutzbauten beginne.
1301 249 2326 305 Da erklärten die Behörden: Wir ſind bereit, das zu thun, aber die
1300 284 2324 339 Gemeinde muß uns 2000 fl. unverzinslich vorſchießen. Die arme Ge⸗
1299 319 2324 374 meinde muß dem Kaiſerthum Oeſterreich 2000 fl. vorſchießen — wenn
1298 353 2324 410 unſer Herrgott das von uns erfährt, wird er lachen darüber, was er
1296 386 2324 444 für Ebenbilder auf dieſer Welt zurückgelaſſen hat. (Lebhafte Heiter⸗
1296 421 2322 478 keit.) Bei jedem Hochwaſſer bildet der Markt von Radkersburg eine
1296 458 2320 512 trockene Inſel, auf der man ſich bewegen kann. Eine Verjauchung
1294 493 2319 544 und Verſumpfung des Ortes muß eintreten. Laibach wurde von einem
1294 527 2319 581 unvorhergeſehenen Ereigniſſe heimgeſucht. In Radkersburg iſt aber
1294 559 2318 615 das Unglück vorauszuſehen, und die Bewohner dieſer ſchwergeprüften
1293 592 2318 647 Stadt müſſen zu Bettlern werden. Es geht aber nicht an, daß wir
1292 628 2318 683 Alles dem Almoſen überlaſſen. Heute ſchämen ſich nicht einmal die
1291 661 2316 717 Hochgeſtellten, auch die hohen Adeligen nicht, betteln zu gehen, aller⸗
1290 696 2316 750 dings für wohlthätige Zwecke. (Abg. Dr. Scheicher: Um einen
1288 731 2315 787 Orden zu kriegen!) Wenn ſo eine Comteſſe oder ein ſchönes Fräulein
1287 765 2314 819 irgendwo bei einem Bazar Blumen verkauft, iſt ſie mehr als eine
1288 798 2314 853 Blumenverkäuferin? Könnte ſie ſich deſſen nicht entſchlagen, wenn ſie
1286 832 2313 889 ſagen würde: Ehe ich meine Perſon ſo an die Oeffentlichkeit ſtelle,
1286 868 2313 922 zahle ich lieber den Betrag, den ich verdienen werde? (Heiterkeit.)
1286 902 2313 958 Aber es iſt einmal ſo. Wenn Einer eine Tanzunterhaltung geben
1284 938 2311 991 will, fragt er nicht, wo Tanzluſtige ſind, ſondern er fragt, wo ein
1284 972 2311 1025 Unglück geſchehen iſt, damit er ein Wohlthätigkeitskränzchen veranſtalten
1284 1006 2309 1060 kann. (Heiterkeit.) Wir ſind ſo geſchäftsmäßige Bettler geworden, daß
1283 1041 2309 1096 wir eingeſperrt werden ſollten. (Lebhafte Heiterkeit.) Der Staat, der
1282 1074 2308 1131 ſich das Recht anmaßte, die Mur⸗Regulirung in die Hand zu nehmen,
1281 1110 2309 1164 den Plan und die Ausführung derſelben nach ſeinem Willen zu ge⸗
1280 1143 2309 1198 ſtalten, iſt verantwortlich. Wären wir, die wir an der Grenze der
1279 1177 2308 1232 Mur ſind, ſtark genug, ſo ſtark wie der Staat, und ließe ſich eine
1279 1211 2307 1265 ſolche Frage mit den Waffen austragen, ſo würden wir den Staat
1277 1247 2305 1301 mit den Waffenzwingen, uns Erſatz für das zu leiſten, was er angeſtellt hat.
1277 1280 2305 1335 Wir ſind aber arme und ſchwache Leute, wir ſtehen hilflos da. Man
1276 1315 2302 1369 kann ſich eines Fluſſes wegen nicht empören. Redner beantragt fol⸗
1275 1350 2304 1403 gende Reſolution: „Die Regierung wird beauftragt, unverweilt die
1274 1384 2302 1439 zum Schutze der arg bedrohten Stadt Radkersburg erforderlichen
1274 1419 2300 1474 Maßregeln zu treffen und nöthigenfalls durch Inanſpruchnahme eines
1272 1453 2300 1507 Nachtragscredits zu veranlaſſen, daß entweder durch ſofortige Aus⸗
1272 1489 2300 1543 baggerung oder auf andere zweckdienliche und erfolgreiche Weiſe die
1270 1524 2300 1577 ausſchließlich nur in Folge der Mur⸗Regulirung im Flußbette der
1271 1557 2298 1613 Mur oberhalb und nächſt Radkersburg angeſchwemmte Geſchiebsmaſſe
1269 1593 2297 1645 entfernt werde, und ſonach das urſprüngliche Niveau des Murbettes
1268 1628 2297 1680 wieder herzuſtellen und zu erhalten; ferner mit allem Nachdrucke
1268 1661 2296 1715 auf die raſche Ausführung jener Reconſtructions⸗Arbeiten hinzuwirken,
1267 1695 2294 1750 welche der Verwaltung der Luttenberger Bahn aufgetragen wurden,
1267 1731 2294 1783 und durch Entfernung des Bahndammes den Hemmungen und
1267 1763 2294 1817 Störungen des Flußlaufes zu begegnen; endlich den weiteren Aus⸗
1264 1798 2294 1852 bau der Mur⸗Regulirung dadurch zu ermöglichen, daß mit Rückſicht
1263 1833 2293 1885 auf die außerordentlichen Opfer, welche Steiermark für die Mur⸗
1263 1867 2292 1920 Regulirung ſchon gebracht hat, nunmehr den tief begründeten An⸗
1263 1901 2290 1955 ſprüchen des ſteiermärkiſchen Landtages Rechnung getragen, im
1263 1936 2290 1990 Sinne des von demſelben am 16. Februar 1895 gefaßten Beſchluſſes
1261 1972 2288 2025 vorgegangen und demgemäß eine Beitragsleiſtung von den Adjacenten
1260 2006 2288 2059 nicht mehr gefordert wird.“ (Lebhafter Beifall.) Dieſe Reſolution wird
1260 2042 2069 2090 unterſtützt und dem Budget⸗Ausſchuſſe zugewieſen.
1344 2076 2286 2128 Abg. Dr. Schorn empfiehlt die Incamerirung der Iſelthal⸗
1258 2109 2286 2162 ſtraße und beantragt eine diesbezügliche Reſolution. Des Weiteren
1257 2143 2286 2196 ſtellt er folgenden Reſolutions⸗Antrag: „Bei Verwendung der Kaſſen⸗
1257 2178 2286 2230 beſtände zur Förderung des öffentlichen oder wirthſchaftlichen Ver⸗
1256 2212 2284 2267 kehres iſt, um die einſeitige Begünſtigung einzelner Kronländer und
1256 2246 2282 2301 Bezirke zu vermeiden, in den Alpenländern dort, wo die Beſchaffen⸗
1254 2281 2283 2334 heit des Terrains dem Baue von Eiſenbahnen entgegenſteht oder für
1255 2316 2281 2370 derlei Inveſtitionen die finanziellen, techniſchen oder commerziellen
1253 2351 2281 2403 Bedingungen nicht ganz gegeben ſind, demungeachtet aber die Aus⸗
1253 2385 2279 2437 geſtaltung des Communicationsweſens eine Vorausſetzung der wirth⸗
1252 2419 2281 2473 ſchaftlichen Entwicklung des betreffenden Landes oder Bezirkes bildet,
1252 2454 2280 2507 eine entſprechende Quote der Kaſſenbeſtände zur Incamerirung ver⸗
1251 2488 2280 2543 kehrswichtiger Straßen und, inſoferne eine ſolche Incamerirung nicht
1250 2523 2279 2578 ſtattfindet, behufs Herſtellung und Erhaltung ſolcher Straßen zur
1249 2559 1940 2603 Dotirung von Straßenbaufonds zu verwenden.
1335 2594 2279 2647 Auf Antrag des Abg. R. v. Zaleski wird die Debatte
1247 2627 1475 2664 geſchloſſen.
1334 2662 2276 2714 Abg. Spincic überreicht einen Reſolutions⸗Antrag wegen Regu⸗
1246 2694 2275 2749 lirung des Mirnafluſſes, des Rekabaches und des Baches auf der
1246 2729 2274 2782 Inſel Veglia in Iſtrien, ſowie einen weiteren Reſolutions⸗Antrag be⸗
1245 2764 2272 2819 züglich des Straßenbauweſens in Iſtrien und Reparatur der Straßen
1243 2800 1511 2838 Pazin⸗Ucka⸗Fiume.
1328 2835 2272 2888 Abg. Hauck überreicht folgenden Reſolutions⸗Antrag: „Die
1243 2868 2269 2923 Regierung wird aufgefordert, Verſuche in der Richtung anſtellen zu
1243 2902 2269 2957 laſſen, ob der Gefahr, in welcher die Caiſſon⸗Arbeiter ſchweben, nicht
1241 2936 2268 2991 dadurch zu begegnen wäre, daß dieſelben mit Anzügen nach jener
1242 2971 2267 3026 Art, in welcher die Taucher ausgerüſtet werden, verſehen würden,
1240 3006 2267 3060 welche es geſtatten, friſche Luft ohne Ueberdruck einzuathmen und
1239 3040 2145 3091 auch ohne Ueberwindung von höherem Drucke auszuathmen.“
1326 3076 2264 3130 Abg. Peric überreicht einen Reſolutions⸗Antrag wegen Regu⸗
1238 3109 1767 3154 lirung der Gewäſſer im Keſſenthale.
1324 3144 2258 3198 Abg. Dr. Fořt (Generalredner contra) bezeichnet den Hafen⸗
1237 3177 2264 3232 bau in Prag als einen öſterreichiſchen Scandal und beantragt eine
1236 3212 2261 3267 Reſolution, durch welche die Regierung aufgefordert wird, zu Beginn
1235 3246 2260 3301 der Herbſtſeſſion behufs Sicherung und thunlichſt baldiger Inangriff⸗
1234 3281 2262 3337 nahme dieſer Canaliſirung ſofort eine entſprechende Geſetzvorlage
1234 3315 1422 3353 einzubringen.
1318 3351 2261 3404 Abg. Dr. Funke (Generalredner pro) tritt gleichfalls für die
1232 3385 2259 3440 Canaliſirung der Flußſtrecke Prag⸗Auſſig ein, indem er bemerkt, daß
1232 3419 2259 3475 ſo wichtige Unternehmungen mit der größten Schnelligkeit durch⸗
2367 239 3397 295 geführt und überhaupt nicht mit der kritiſchen Sonde von Rentabi⸗
2367 274 3398 330 litäts⸗Berechnungen unterſucht werden müſſen. Die Schuld an dem
2366 307 3398 366 langſamen Fortſchritte ſolcher Arbeiten erblickt er jedoch im Gegenſatze
2364 341 3395 399 zum Vorredner in dem Mangel einer ſtarken centraliſtiſchen Leitung.
2364 374 3395 432 Er erörtert die Nothwendigkeit der Schaffung des Donau⸗Moldau⸗
2364 409 3395 466 Elbe⸗Canals, ſetzt ſich für eine Vermehrung der bautechniſchen
2362 443 3395 501 Beamten im Staatsdienſte ein und empfiehlt ſchließlich das Beiſpiel
2361 478 3394 538 Bayerns in Bezug auf die Trinkwaſſerfrage, wo ein eigenes Departe⸗
2362 513 3047 563 ment für dieſe Angelegenheit beſtehe. (Beifall.)
2446 548 3390 603 Berichterſtatter Dr. Kathrein verzichtet auf das Schlußwort.
2445 583 3392 639 Die in Verhandlung geſtandenen Titel werden hierauf ſammt
2359 616 3391 672 den vom Ausſchuſſe beantragten Reſolutionen angenommen und
2358 649 3391 707 ſodann Capitel VIII, „Miniſterium für Landesverthei⸗
2358 685 3390 744 digung“, in Verhandlung gezogen. (Berichterſtatter Freiherr
2357 718 2603 759 v. Schwegel.)
2443 755 3393 810 Hiezu ſind zum Worte gemeldet: contra: Formanek, Stei⸗
2355 790 3390 846 ner, Purghart, Tſchernigg; pro: Laginja, Pergelt,
2357 819 2603 859 Sokolowski.
2441 857 3389 915 Abg. Formanek beklagt ſich über die ſchlechte Behandlung
2353 890 3386 948 kranker Soldaten und die Ueberanſtrengung der Reſerviſten bei den
2353 923 3386 982 Waffenübungen. Er wünſcht, daß das Einrücken der Recruten zum
2353 958 3386 1017 Militärdienſte vom 1. October auf den 1. December, eventuell
2352 992 3386 1051 1. November verlegt werde, daß die Controlverſammlung der Reſer⸗
2351 1027 3385 1086 viſten der Landwehr und Landwehrpflichtigen nicht im October, ſon⸗
2350 1061 3385 1120 dern erſt im November ſtattfinde und daß endlich die vierwöchentlichen
2349 1094 3385 1153 Waffenhauptübungen der Reſerviſten im Monate Mai und die vier⸗
2349 1131 3382 1190 zehntägigen Waffenübungen erſt nach der Ernte ſtattfinden. Redner
2348 1165 3312 1221 ſchlägt eine alle dieſe Wünſche zuſammenfaſſende Reſolution vor.
2438 1200 3386 1259 Abg. Dr. Laginja erſucht den Landesvertheidigungs⸗Miniſter,
2348 1234 3386 1294 die Intereſſen Dalmatiens und des Küſtenlandes bei Heranziehung
2347 1268 3380 1326 der Mannſchaft zur Ausübung der Militärdienſtpflicht zu berück⸗
2345 1302 3380 1361 ſichtigen. Er beſchwert ſich darüber, daß Officiere der Landwehr, welche
2344 1336 3376 1395 zu den Uebungen einrücken, oft nicht genügend der croatiſchen Sprache
2344 1371 3376 1429 mächtig ſeien, und erſucht den Miniſter, vom ſtrategiſchen Geſichts⸗
2343 1406 3376 1464 punkte für den Ausbau der Verbindung zwiſchen Innerkrain und
2342 1439 3376 1498 Fiume und der Verbindung von Barban nach Latin oder Albona
2341 1475 3371 1533 einzutreten. Redner beſchuldigt die Italiener irredentiſtiſcher Umtriebe.
2341 1510 3375 1567 Die Beamten der Civilverwaltung im Küſtenlande ſeien ihrer Auf⸗
2339 1543 3373 1603 gabe nicht gewachſen. Wenn es dort unten noch Leute gebe, die ſo
2340 1578 3373 1638 etwas nicht ſehen, ſo ſeien es entweder Hochverräther oder Leute,
2339 1612 2658 1652 dumm wie die Nacht.
2425 1648 3278 1703 Präſident erſucht den Redner, zur Sache zu ſprechen.
2423 1682 3371 1741 Abg. Dr. Laginja beginnt nun, gegen eine Aeußerung des
2337 1715 3368 1776 Abg. Dr. Ruß in der Delegation über die Amtstafel⸗Frage zu
2338 1750 2507 1785 polemiſiren.
2421 1786 3150 1837 Präſident ruft den Redner neuerlich zur Sache.
2421 1821 3365 1876 Abg. Dr. Laginja ſchließt mit der Bemerkung, daß die Ver⸗
2335 1851 3365 1912 hältniſſe im Küſtenlande und das bisher beobachtete Vorgehen der
2333 1887 2981 1935 Civilbeamten daſelbſt höchſt bedenklich ſeien.
2418 1923 3362 1979 Abg. Steiner beantragt eine Reſolution, durch welche die
2330 1955 3362 2012 Regierung aufgefordert wird, in Rückſicht auf die Mängel des Militär⸗
2330 1992 3359 2050 tax⸗Geſetzes eheſtens eine Vorlage, betreffend die Militärtaxe, einzu⸗
2330 2025 3360 2085 bringen, welche Beſtimmungen bezüglich der Steuergrundlage, des
2329 2059 3360 2118 Veranlagungs⸗ und Bemeſſungsverfahrens enthalten ſoll. Sodann
2328 2094 3357 2153 ſpricht Redner den Wunſch aus, daß während der Erntezeit Be⸗
2327 2130 3357 2186 urlaubungen von Soldaten ſtattfinden ſollen, und klagt über die
2327 2163 3357 2221 großen Strapazen bei den Manövern. Weiters bedauert Redner, daß
2325 2198 3356 2257 für das Nachtmal der Soldaten noch immer kein Geld vorhanden ſei,
2325 2231 3356 2289 während man für neue Gewehre, neue Uniformen, neue Schiffe und
2325 2266 3354 2324 neue Kanonen immer Geld habe. Er klagt auch darüber, daß beim
2323 2299 3362 2358 Militär die Sonntagsruhe nicht beachtet werde. Schließlich befürwortet
2324 2334 3353 2394 Redner eine humanere Behandlung der zur Waffenübung einberufenen
2324 2369 2499 2408 Mannſchaft.
2409 2406 3057 2454 Die Verhandlung wird ſodann abgebrochen.
2408 2440 3356 2495 Präſident gibt das Reſultat der im Laufe der Sitzung vor⸗
2322 2477 3354 2529 genommenen Erſatzwahlen bekannt. Gewählt wurden: In den
2321 2507 3352 2567 Verwaltungsausſchuß Abg. Paſtor, in den Eiſenbahnausſchuß Abg.
2320 2543 2526 2579 Popowski.
2406 2579 3353 2633 Abg. König und Genoſſen ſtellen einen Dringlichkeitsantrag in
2320 2612 3349 2667 Betreff der Gewährung von Staatshilfe aus Anlaß der in der letzten
2319 2645 3348 2701 Zeit verurſachten Elementarſchäden im Bezirke Rokitzan
2318 2680 3347 2736 in Böhmen. Dieſer Antrag wird dem Budget⸗Ausſchuſſe zugewieſen.
2404 2716 3346 2769 Abg. Dr. Waibel und Genoſſen interpelliren den Miniſter
2317 2749 3347 2805 des Innern in Betreff eines Vorganges bei der Arbeiter⸗Unfall⸗
2315 2783 3037 2832 verſicherungs⸗Anſtalt in Salzburg.
2401 2820 3346 2872 Abg. Hajek und Genoſſen interpelliren den proviſoriſchen Vor⸗
2314 2852 3346 2908 ſitzenden im Miniſterrathe und Miniſter des Innern über das ſeitens
2313 2887 3343 2944 des Bezirkshauptmannes in Piſek ergangene Verbot eines zum
2312 2921 2987 2969 Gedenktage an Huß abzuhaltenden Vortrages.
2397 2959 3344 3011 Nächſte Sitzung morgen, Samſtag, den 6. d., 10 Uhr
2310 2990 3342 3045 Vovmittags. Tagesordnung: Fortſetzung der Special⸗Debatte über das
2310 3027 3343 3079 Budget, und zwar über Capitel „Landesvertheidigungs⸗
2309 3060 3342 3115 Miniſterium“ und „Miniſterium für Cultus und Unter⸗
2309 3095 2867 3142 richt“. Schluß der Sitzung ¼ 6 Uhr.
2723 3176 2926 3237 Inland.
2381 3242 3330 3303 Wien, 5. Juli. (Parlamentariſches.) In der geſtrigen
2305 3282 3333 3341 Sitzung des Budget⸗Ausſchuſſes, in welcher über Peti⸗
2303 3321 3333 3381 tionen und Reſolutionen verhandelt wurde, erklärte ſich Abg. Dr.
2303 3358 3335 3418 Beer in Folge des von allen Parteien des Ausſchuſſes aus⸗
2301 3398 3334 3455 geſprochenen Wunſches bereit, das Referat über „Mittelſchulen“ bei⸗
2298 3438 3331 3501 zubehalten; es wurde ihm jedoch die Freiheit der Abſtimmung
159 3492 1188 3545 Jeder bildet ſein Weſen und ſein Daſein aus ſo weit und
159 3533 1188 3590 hoch wie er kann, Jeder hat ſeine eigene Religion, ſeinen
158 3577 1186 3635 eigenen Gott — aber für den Staat, für das Vaterland,
157 3620 1186 3675 für die Menſchheit ſtehen Alle wie Einer zuſammen!“ Jeder
155 3662 1184 3717 Individualiſt iſt nothwendigerweiſe Ariſtokrat im Geiſte und
155 3705 1184 3762 im Herzen, und dieſer ſeiner ariſtokratiſchen Geſinnung hat
154 3748 1182 3805 Wilbrandt nachdrücklich genug im Romane „Adam's Söhne“
153 3792 1184 3848 Ausdruck gegeben, wo er die ſocialiſtiſche Gruppe in recht
153 3835 1181 3891 ſchwarzen Farben ſchildert. Er iſt ein Gegner der Lehre
151 3877 1181 3932 von der abſoluten Gleichheit der Menſchen, ein Feind des
152 3920 1180 3978 Staatsideals der Socialiſten und ſteht mit dieſer geiſtes⸗
149 3963 1180 4020 ariſtokratiſchen Geſinnung, die ſich ſtolz von der Menge der
150 4005 1178 4062 „Heerdenthiere“ abſchließt, auf dem gleichen Boden wie
148 4051 457 4094 Friedrich Nietzſche.
234 4094 1174 4148 Aber dieſe Verwandtſchaft mit den Ideen Nietzſche's
146 4134 1176 4190 konnte aus Wilbrandt nur einen theilnahmsvollen Freund,
145 4177 1173 4234 aber keinen Parteigänger des Philoſophen machen. Nietzſche's
145 4221 1174 4278 leidenſchaftliche Uebertreibungen des Ideals der Vollmenſch⸗
146 4264 1173 4317 lichkeit, ſeine Verherrlichung der rohen Kraft aus leiden⸗
143 4306 1171 4363 ſchaftlichem Haß der Schwäche, was ihn bis zur Verherr⸗
142 4349 1172 4406 lichung des Ceſare Borgia trieb: das mußte den Dichter,
141 4393 1172 4450 der ſich auf männliche Leidenſchaften, ſeinem Berufe gemäß,
139 4437 1169 4491 ſo gut verſteht, tragiſch ſtimmen, und alſo erklären wir uns
139 4477 1167 4535 die Entſtehung des Romans „Die Oſterinſel“ in Wil⸗
139 4521 404 4564 brandt's Geiſte.
223 4565 1166 4618 Helmuth Adler iſt ein Philoſoph, der in einer nord⸗
136 4607 1165 4665 deutſchen Hafenſtadt als Privatgelehrter lebt. Von ſeiner
136 4649 1165 4707 Profeſſur an einer ſüddeutſchen Univerſität hat er ſich
135 4692 1162 4749 zurückgezogen, einmal weil es ihn langweilte, jahraus jahr⸗
135 4736 1162 4792 ein dieſelbe fremde Weisheit vorzutragen, ohne eigene Ge⸗
134 4778 1161 4837 danken ausſprechen zu können, ſodann weil ihm ſeine
133 4820 1160 4880 leidenſchaftlich geliebte Frau Annamarie auf den Tod
134 4864 1159 4923 erkrankte, ſeiner beſonderen Pflege bedurfte, und
133 4908 1159 4966 weil ſie ſchließlich in ihrer Heimat, eben jener
132 4949 1158 5008 Handelsſtadt am Strande der Oſtſee, unter der wir uns
133 4994 1156 5049 wol Roſtock denken dürfen, ſterben wollte. Wir lernen den
133 5036 1154 5096 Profeſſor gerade zu der Zeit kennen, wo ſeine noch im
132 5079 1156 5139 Tode ſchöne Frau aufgebahrt im Sterbezimmer liegt und
1230 3508 2258 3571 der leidenſchaftliche, im Innerſten ſeines Weſens erſchütterte
1229 3550 2258 3613 Mann allein die Todtenwache hält. Bei ihm gehen Liebe
1228 3593 2256 3658 zur Frau und Liebe zur Wiſſenſchaft Hand in Hand; er
1227 3637 2255 3698 iſt kein Denker blos, ſondern eine Natur, in der die Leiden⸗
1228 3680 2254 3744 ſchaften ſich zuſammenſchließen und ſich gegenſeitig hemmen
1227 3723 2254 3785 oder ſteigern. Adler klagt über das Schickſal, das ihm nicht
1224 3765 2250 3829 geſtattete, noch zu Lebzeiten der geliebten Frau, die an allen
1223 3810 2251 3871 ſeinen Studien intenſiven Antheil nahm, ihn anſpornte und
1222 3851 2248 3915 ermuthigte, mit ſeinen Gedanken abzuſchließen und heraus⸗
1219 3894 2248 3960 zutreten. Nun, am Todtenbette der Geliebten ſchwört er
1219 3937 2124 3998 ſich's, daß er nicht länger zögern werde, es zu thun.
1305 3982 2245 4041 Und er hat eigene Gedanken: Schopenhauer muß über⸗
1217 4025 2246 4088 wunden werden. „Als junger angehender Philoſoph (erzählt
1219 4068 2244 4130 er ſpäter einmal) hielt ich die Weltanſchauung dieſes gräm⸗
1216 4110 2241 4172 lichen, gedankenvollen, ſchönſchreibenden Einſiedlers für das
1215 4152 2239 4213 Tiefſinnigſte, das es gibt, und ſank bis über die Ohren in
1214 4197 2242 4259 den Sumpf hinein. Wer hat mich herausgezogen? Eigent⸗
1214 4237 2240 4301 lich meine junge Frau. Ich war mit ihr ſo unverſchämt
1213 4281 2239 4344 glücklich — und das Lebensgefühl war in ihr ſo rein, ſo
1212 4325 2236 4387 ſtark — daß ſich die lebensmüde Theorie gegen dieſe himmel⸗
1211 4367 2235 4431 hochjauchzende Praxis nicht behaupten konnte. Aber nur ſo
1211 4411 2235 4471 nach und nach — wie es mit dieſen zähen Schmarotzer⸗
1209 4453 2232 4515 pflanzen, den Theorien, geht — fiel ſie von mir ab.
1209 4497 2233 4557 Schmählich lange hat ſie mich in meinem ureigenen Denken
1208 4541 2231 4603 aufgehalten. . . .“ Jetzt ruft er ſeinem Schwager, dem
1207 4582 2230 4644 Bildungsphiliſter und Schopenhauerianer Wieſe, der ihn im
1206 4625 2230 4688 Sterbegemach beſucht, zu: „Ein kranker Menſch!“ (war
1207 4668 2230 4730 Schopenhauer). „Was wollt ihr denn immer noch mit
1205 4710 2229 4771 eurem Schopenhauer? Seid ihr denn Germanen? Seid
1204 4755 2229 4817 ihr ein männliches Volk? — Sieh' doch nicht ſo weh⸗
1203 4798 2230 4862 leidig verwundert auf mich und auf die Annamarie; —
1201 4841 2230 4905 ja, dies iſt nicht die Stunde, um am Leben zu hängen;
1201 4885 2225 4947 aber für euer ſchwächliches Deſertiren fehlt mir doch der
1199 4927 2225 4991 Sinn. Wenn mich auf dem Marſche der Durſt quält oder
1198 4970 2224 5032 mir in der Sonnengluth vor den Augen ſchwach wird, tret'
1197 5013 2221 5077 ich darum aus Reih' und Glied? Ich marſchire bis zum
1195 5055 2222 5120 Abend weiter; es wird ſchon geh'n, denn es muß. Zu was
1195 5099 2222 5161 für einem Ziel? Für die Ehre. Oder weil die Kraft da iſt
2297 3529 3332 3591 — und weil ſie da iſt, ſoll ſie denn auch wirken. Oder
2297 3572 3330 3634 weil — — Laſſen wir's. Ich mag heut' nicht reden. Könnt'
2296 3616 3328 3679 ich nur jedem Deutſchen dieſen Dorn im Fleiſch, dieſen
2295 3659 3331 3721 Schopenhauer, aus dem Leibe reißen; wir wären ein ge⸗
2294 3702 3332 3763 ſünderes Volk. Könnt' ich überhaupt dieſer verzärtelten, ver⸗
2293 3745 3322 3805 pimpelten, nervenſchwachen Zeit dieſes Weltgewinſel — —“
2291 3788 3324 3850 Adler endigt den Satz nicht. Später kommt er auf die⸗
2292 3831 3322 3893 ſelben Gedanken zurück, als er mit ſeiner todten Frau
2291 3875 2456 3917 allein iſt:
2375 3918 3323 3976 „Wie oft klagteſt du in ſtillen Stunden: Aber was
2286 3961 3324 4023 wird aus den Menſchen? Wohin will denn dieſe troſtloſe,
2284 4004 3319 4065 greiſenhafte Zeit? Sie wollen nichts Großes mehr; nur
2284 4046 3317 4108 Ruhe und Bequemlichkeit wollen ſie, und daß Alles gleich
2283 4089 3317 4151 wird. Es wäre beſſer, meinen ſie, die Welt exiſtirte nicht;
2282 4133 3316 4194 aber da ſie nun einmal da iſt, machen wir uns auf ihr
2284 4177 3313 4236 mit allen Hilfsmitteln der Wiſſenſchaft, mit Inſtrumenten
2281 4218 3312 4278 und Maſchinen einen guten Tag! Das Glück liegt im
2280 4261 3313 4323 Frieden und daß uns nichts ſtört. Es ſoll keine gewaltigen
2280 4304 3311 4365 Menſchen mehr geben, ſie ſtellen nur Unfug an; und ſie
2278 4347 3309 4408 überheben ſich; wir Alle, wir ſind ihnen gleich; Jeder iſt
2277 4392 3308 4446 ihnen gleich. Hängt euer Herz an das Schwache und Ge⸗
2276 4433 3304 4493 brechliche; von alledem, das nicht leben und nicht ſterben
2275 4475 3306 4535 kann, laßt nichts untergehen. Mitleid, Mitleid, Mit⸗
2274 4519 3306 4581 leid! Und dazu Frühkartoffeln aus Algier, gute
2273 4562 3300 4623 Gifte zum Schlafen und geſunden Sinn für das
2272 4604 3300 4665 Nützliche! So iſt dieſe Zeit. Wer hilft uns aus ihr
2272 4649 3300 4707 empor? Wer kann uns erlöſen?“ Und im Ver⸗
2271 4690 3302 4750 lauf der langen bangen Nacht an der Leiche ſeiner Gattin,
2270 4734 3299 4794 während der er ſich, wie er ſpäter einmal geſteht, mit Gewalt
2269 4777 3297 4837 dem Wahnſinne abringen mußte, faßt Helmuth Adler den
2268 4819 3297 4882 Entſchluß, ſelbſt jener Erlöſer zu werden, den ſeine geliebte
2267 4861 3297 4925 Frau geſucht und nicht gefunden hatte: „Wer kann uns
2267 4904 3293 4968 erlöſen? fragteſt du. Ich kann's. Ich, der Phönix, kann's!
2266 4949 3293 5010 — Ja, die Menſchheit iſt alt geworden, ihre Zeit vergeht.
2265 4993 3290 5053 Sie glaubt an ſich ſelbſt nicht mehr, ſie glaubt an die
2264 5036 3289 5097 Götter nicht mehr, die ſie geſchaffen; weltgrämlich ſitzt ſie
2263 5079 3288 5139 da, in ihren Leiden und Gebrechen wühlend. Ihr Verſtand
2261 5122 3289 5185 iſt größer geworden als all ihr Anderes zuſammen, er er⸗
