3346 5257
114 114 296 157 Nr. 3184
864 108 1143 151 Wien, Samstag
1424 106 2014 151 Neue Freie Presse.
2238 101 2480 144 5. Juli 1873
3087 94 3233 144 Seite 7
162 186 1121 231 [Einſpänner.] Von morgen den 5. Juli angefangen
77 223 1126 264 wird die Zahl der an den Bahnhöfen aufgeſtellten Einſpänner auf
76 260 714 302 Wunſch dieſer Genoſſenſchaft vermindert.
157 304 1125 351 [Lebensmittelpreiſe.] Die heutigen Wochenmärkte
73 342 1123 385 waren von den Landleuten gut befahren; die Conſumenten erſchie⸗
74 378 1122 417 nen desgleichen ſehr zahlreich, und ſind einige wichtigere Artikel
75 411 1130 453 im Preiſe geſtiegen, andere wurden billiger. Es wurden verkauft:
78 447 1122 482 Erdäpfel auf dem Obſtmarkte fl. 2 per Büttel und 4—7 kr. per
77 480 1127 519 Pfund; Kirſchen 80 kr. bis fl. 1.10 per Büttel und 10—20 kr. per
78 515 1125 553 Pfund; Marillen 40 kr., Johannisbeeren 20—25 kr., Reineclauden
77 548 1134 586 14—16 kr., Birnen 15—20 kr. per Pfund; Erdbeeren 8—15 kr.,
80 581 1115 623 Himbeeren 30—50 kr. per Körbchen; Kohl 2—5 kr., Blumenkohl
80 617 1121 655 10—40 kr., Kohlrüben 1—3 kr., Gurken 2—12 kr., Salat 1—4 kr.
76 649 1121 690 per Stück; Paradeisäpfel 20—25 kr. per Pfund; grüne Erbſen
79 685 1123 727 10—25 kr. per Seitel; Spargel 30—80 kr. per Bund; Zwiebel
78 719 1123 758 5—6 fr., Knoblauch 6—8 kr. per Pfund. Eier 38—42 Stück für
76 752 1122 794 1 fl.: Butter in der Groß⸗Markthalle 50—72 kr., auf den anderen
77 787 1121 828 Märkten 64—80 kr., Topfen 14—20 kr. per Pfund: Rahm 32 bis
80 822 1121 863 48 kr. per Maß; Hühner 80 kr. bis fl. 1.10 per Paar; Enten 60
76 855 1126 900 bis 80 kr., italieniſche fl. 1.20, Gänſe fl. 1.50—1.60 per Stück;
76 890 1124 934 Linien fl 1.10—1.15, Erbſen fl. 1.10—1.15, Bohnen 75—85 kr.
75 922 1127 969 per Achtelmetzen: gedörrte Zwetſchken 16—22 kr., Powidl 16 bis
75 956 1131 1002 24 kr per Pfund. Auf dem Fiſchmarkte koſteten Karpfen 60—70 kr.,
78 991 1130 1037 Hechte 80 kr. bis fl. 1.20, Schaiden fl. 1—1.20, Schiele fl. 1—1.20,
77 1024 1132 1070 Stierlen fl. 1—1.20, Rheinlachſe fl. 3.50 bis fl. 4 per Pfund: Krebſe
74 1064 378 1108 2—7 kr. per Stück.
400 1125 795 1169 Lokalbericht.
163 1177 1132 1220 [Mißverſtändniß.] Geſtern nach 9 Uhr Abends wurde
74 1212 1129 1254 in Währing, in dem abgelegenen Bockgäßchen, ein Schuſterjunge,
77 1247 1124 1288 welcher im Auftrage ſeines Meiſters eine Partie Leder nach Hauſe
77 1281 1124 1323 zu tragen hatte, von einem Manne unter dem Vorwande, daß der
78 1315 1127 1359 Junge wahrſcheinlich das Leder geſtohlen habe, feſtgenommen und
77 1350 1124 1390 ihm mit Arretirung gedroht. Der Junge, mit den bezüglichen Rech⸗
78 1384 1124 1426 nungen der Lederhandlung verſehen, legitimirte ſich unter lautem
80 1417 1133 1458 Weinen vollſtändig, allein der Mann wollte den Jungen nicht los⸗
79 1451 1131 1493 laſſen und denſelben über die Türkenſchanze auf das Commiſſariat
83 1487 1132 1527 Döbling führen. Eine große Anzahl von Menſchen ſammelte ſich an,
79 1521 1132 1560 nahm Partei für den zagenden Jungen und hielt den Mann,
81 1555 1127 1594 in welchem man einen Gauner vermuthete, feſt. Endlich nach einer
80 1589 1133 1629 halben Stunde erſchienen Sicherheitsmänner und brachten den An⸗
80 1623 1133 1662 haltenden, ſowie den Lehrjungen auf das Commiſſariat. Daſelbſt
79 1657 1129 1697 entpuppte ſich Erſterer als der proviſoriſche Sicherheitswachmann
78 1691 1127 1731 Willibald Tſchörner. Derſelbe hat wahrſcheinlich in beſter Abſicht,
84 1728 712 1768 jedenfalls aber wenig tactvoll gehandelt.
163 1767 1132 1807 [Raub.] Der Telegraphen⸗Beamte Anton Lotocki wurde heute
80 1803 1131 1841 Nachts 2 Uhr auf dem Paradeplatze von zwei unbekannten Gaunern
80 1837 1066 1878 überfallen und ſeiner aus 52 fl. beſtehenden Barſchaft beraubt.
164 1879 1133 1918 [Ein übler Scherz.] Der Taglöhner Emerich Visvary
79 1914 1127 1951 wurde geſtern Nachmittags von zwei Kameraden, den Taglöhnern
77 1946 1134 1988 Joſeph Androvits und Johann Sokol, „ſcherzweiſe“ über eine zwei
79 1982 1131 2021 Klafter hohe Stiege hinabgeſtoßen, wodurch der Unglückliche einen
75 2019 521 2057 Bruch des Rückgrates erlitt.
166 2058 1133 2096 [Verbrennung.] Geſtern Nachmittags ſpielte die fünf⸗
78 2093 1132 2134 jährige Tochter des Glasſchleifers Albert Singer am Ufer des
79 2129 1131 2165 Alſerbaches. Durch eine unvorſichtig weggeworfene brennende
81 2162 1132 2199 Cigarre geriethen die Kleider des Kindes in Brand. Obwol man
80 2195 1132 2231 denſelben ſofort zu unterdrücken ſuchte, erlitt das Mädchen doch
78 2230 548 2268 lebensgefährliche Verletzungen.
168 2268 1131 2305 [Gaunerſtreich.] Der zehnjährige Schuhmacherlehrling
78 2304 1136 2339 Rudolph Leiter wurde geſtern Abends von ſeinem Lehrherrn mit
77 2336 1129 2375 einem Betrage von 24 fl. in die Leopoldſtadt geſendet, um dort
79 2370 1126 2409 Einkäufe zu beſorgen. Unterwegs geſellte ſich zu dem Knaben der
76 2403 1129 2444 Militär⸗Urlauber Haſching, nahm ihm auf gewaltſame Weiſe das
85 2438 675 2482 Geld ab und ergriff damit die Flucht.
170 2483 1131 2521 [Flüchtige Betrüger.] Vom hieſigen Landesgerichte wer⸗
82 2519 1133 2558 den der Spediteur Johann Nitzky, Weihburggaſſe Nr. 10 wohnhaft
79 2556 1137 2592 geweſen, und der Private Moriz Groß, wegen Verbrechens des Be⸗
78 2589 1138 2626 truges verfolgt. Die Genannten ſind im Mai l. J. aus Wien flüch⸗
81 2625 293 2660 tig geworden.
170 2662 1135 2701 [Unglücksfälle.] Der Fabriksarbeiter Joſeph Oberauer
78 2697 1133 2734 wurde geſtern Abends im Walzwerke in Zwiſchenbrücken von einem
78 2729 1134 2769 Wagen an die Wand gedrückt und hiebei lebensgefährlich verletzt.
79 2761 1138 2799 Der Verunglückte wurde ins Spital der Barmherzigen Brüder ge⸗
82 2796 1135 2834 bracht. — Der Brauergehilfe Franz Bendich fiel am 2. d. im Schwe⸗
80 2830 1136 2872 chater Brauhauſe durch den Aufzug in einen mehrere Klafter tiefen
83 2869 829 2904 Keller und erlitt dadurch tödtliche Verletzungen.
171 2910 1133 2949 [Verhaftungen.] Der Kutſcher Anton Trimmel wurde
80 2948 1141 2986 heute Vormittags verhaftet, weil er der Bäckermeiſterswitwe Thereſia
81 2986 1139 3021 Schmidt, Thereſianumgaſſe wohnhaft, vor einigen Tagen einen Be⸗
81 3019 1137 3057 trag von 112 fl. veruntreut hatte. — Der Platzmeiſter Moriz Stößel,
81 3052 1140 3090 welcher vor einigen Wochen dem Eiſenhändler Joachim Süß, Otta⸗
80 3086 1137 3126 kringerſtraße Nr. 100, Eiſen im Werthe von 100 fl. ſtahl, wurde
82 3121 326 3160 heute verhaftet.
151 3160 1131 3200 [Ein reiſender Hochſtapler.] Wie man uns mittheilt,
82 3199 1137 3235 treibt ſich gegenwärtig ein Hochſtapler unter dem Namen „Mar⸗
81 3232 1132 3270 ſchallkowicz Wladislaw Baron v. Billewicz“ mit falſchem Paſſe in
81 3268 1133 3306 verſchiedenen Städten des Continents, beſonders in Deutſchland und
80 3302 1134 3338 in Ungarn herum, überall Schwindeleien verübend. Der Gauner, der
80 3335 1135 3374 ſich auch den Namen Waldemar Gordwein beilegt, gibt an, ruſſiſch⸗
83 3372 1128 3407 polniſcher Emigrant zu ſein. Billewicz, dem außer Betrügereien
84 3405 1135 3444 auch Diebſtähle zur Laſt fallen, iſt 30 Jahre alt, mittelgroß und
80 3440 1132 3477 ſpricht mehrere Sprachen. Seine Photographie kann bei den Poli⸗
82 3474 1135 3512 zei⸗Directionen in Königsberg, Dresden, Wien und Preßburg ein⸗
82 3510 332 3549 geſehen werden.
169 3547 1133 3589 [Sterblichkeits⸗Wochenbericht.] In der mit dem
81 3584 1138 3622 21. Juni abgelaufenen 25. Jahreswoche waren in Wien unter
81 3617 1136 3658 dem Civile, mit Ausſchluß der im Gebär⸗ und Findelhauſe verſtor⸗
81 3654 1137 3691 benen Kinder, 395 Perſonen (gegen 388 in der Vorwoche) geſtorben;
84 3691 1134 3728 davon 257 zu Hauſe und 138 in den Spitälern; 361 hatten in Wien
87 3721 1135 3762 gewohnt, 34 waren aus der Umgebung und zugereiſt. Zunahme gegen
80 3756 1137 3795 die Vorwoche wird für folgende wichtigere Krankheiten verzeichnet:
85 3790 1136 3830 Lebensſchwäche (von 16 auf 26), Typhus (von 7 auf 9), Maſern
85 3825 1136 3866 (von 3 auf 4), brandige Bräune (von 1 auf 3), Hirn⸗ und Hirn⸗
83 3861 1138 3898 haut⸗Tuberculoſe (von 9 auf 13), Magen⸗ und Darmkatarrhe (von
85 3895 1133 3933 22 auf 27), organiſches Gefäß⸗ und Herzleiden (von 14 auf 15)
84 3929 1138 3966 und Nieren⸗Entartung (von 4 auf 10); dagegen Abnahme: Alters⸗
83 3963 1135 4001 ſchwäche (von 22 auf 18), Kindbettfieber (von 4 auf 2), Schlag⸗
80 3996 1136 4037 fluß (von 9 auf 5), Blattern (von 22 auf 20), Scharlach (von 6
85 4029 1133 4072 auf 5), Keuchhuſten (von 3 auf 2), häutige Bräune (von 3 auf 1),
83 4062 1140 4105 Lungentuberculoſe (von 102 auf 101), Entzündung der Athmungs⸗
86 4099 1134 4142 organe (von 49 auf 37) und Tod in Folge von Verunglückung
86 4132 1134 4176 (von 7 auf 6). Derſelben Ziffer wie in der Vorwoche begegnen
89 4164 424 4206 wir für Ruhr mit 0.
174 4204 1133 4251 [Beſtrafte Kutſcher.] Im Monat Mai wurden von der
89 4241 1137 4287 k. k. Polizei⸗Direction 841 Kutſcher und Eigenthümer öffentlicher
90 4273 1139 4320 Perſonen⸗Lohnfuhrwerke beſtraft, und zwar: wegen Taxüberſchrei⸗
85 4308 1137 4355 tung: 6 Fiaker⸗ und 8 Einſpänner⸗Eigenthümer, 8 Fiaker⸗ und 13
85 4341 1136 4391 Einſpänner⸗Kuttcher; wegen Fahrtverweigerung: 2 Fiaker⸗ und
82 4375 1138 4425 5 Einſpänner⸗Eigenthümer, 6 Fiaker⸗ und 10 Einſpänne⸗Kutſcher;
89 4410 1136 4457 wegen Trunkenheit, Exceſſes und groben Benehmens: 3 Fiaker⸗
88 4444 1132 4491 und 7 Einſpänner⸗Eigenthümer, 7 Fiaker⸗, 18 Einſpänner⸗, 6 Stell⸗
86 4478 1134 4531 wagen⸗Kutſcher und 1 Stellwagen⸗Conducteur; wegen Uebertretung
90 4511 1138 4565 des §. 430 des Strafgeſetzes und Abſentirung vom Wagen: 16
87 4546 1137 4596 Fiaker⸗, 12 Einſpänner⸗Eigenthümer, 29 Fiaker⸗, 37 Einſpänner⸗,
89 4581 1138 4630 3 Stellwagen⸗Kutſcher und 1 Tramway⸗Kutſcher; wegen ſonſtiger
90 4613 1138 4663 Ausſchreitungen: 201 Fiaker⸗, 176 Einſpänner⸗Eigenthümer und 12
90 4648 1131 4700 Stellwagen⸗Inhaber, 103 Fiaker⸗, 120 Einſpänner⸗, 25 Stellwagen⸗
88 4683 1138 4736 und 19 Tramway⸗Kutſcher, 22 Stellwagen⸗ und 10 Tramway⸗Con⸗
94 4717 1135 4772 ducteure. Nebſtbei wurde ein Kutſcher mit dem Fahrverbote belegt.
310 4794 905 4843 Theater⸗ und Kunſtnachrichten.
858 4853 1097 4895 Wien, 4. Juli.
170 4887 1130 4941 [Burgtheater.] Das Burgtheater hat heute eine Kleinig⸗
90 4923 1134 4976 keit von Bauernfeld zum erſtenmale geſehen. Es iſt „Der
90 4965 1134 5012 Alte vom Berg“, Schauſpiel in einem Aufzuge. Der Ver⸗
90 5002 1135 5051 faſſer führt uns einen Mann vor, der durch unglückliche Liebe
89 5041 1131 5089 Peſſimiſt geworden und durch das Wiederfinden ſeiner todtgeglaub⸗
1165 181 2200 222 ten Tochter von ſeiner Schwarzſeherei geheilt wird. Das kleine
1160 220 2200 262 Stück macht keinen ganz reinen Eindruck; es ſchwankt unentſchie⸗
1163 259 2198 301 den zwiſchen Ernſt und Scherz, es fehlt ihm an Haltung und
1165 297 2197 339 Styl. Von den Herren Lewinsky und Baumeiſter wurde
1164 336 2208 376 das Stückchen ganz löblich gegeben und vom Publicum. freundlich.
1167 375 2015 416 aufgenommen. Der Verfaſſer wurde dreimal gerufen.
1233 421 2203 461 — Morgen Samſtag findet im Hofoperntheater
1166 459 2207 501 ſtatt der angekündigten Vorſtellung von „Romeo und Julie“ die
1168 499 1747 539 Aufführung der „Afrikanerin“ ſtatt.
1235 544 2202 586 — In der Zaytz'ſchen Operette „Mannſchaft an Bord“,
1161 583 2205 625 welche morgen Samſtag im Carltheater zu einigen anderen Piecen
1163 621 2204 664 gegeben wird, ſind die Damen Link und Ida Jäger beſchäftigt.
1170 661 2062 704 Herr Eppich wird zum erſtenmale den Piffard ſingen.
1235 706 2201 748 — Die Herren Berla und Millöcker haben ein großes
1161 744 2205 785 Quodlibet beendet, welches demnächſt im Theater an der Wien
1163 782 2205 825 unter dem Titel „Theatraliſche Weltausſtellungs⸗Träume“ in
1163 824 1441 864 Scene gehen ſoll.
1232 867 2203 911 — Die diesjährige ſatzungsmäßige Sommer⸗Liedertafel des
1166 907 2201 948 Männergeſang⸗Vereines findet unter der Leitung der
1166 946 2199 987 Chormeiſter Rudolph Weinwurm und Eduard Kremſer Mittwoch
1166 984 2204 1026 den 16. Juli in Schwender's Park „Neue Welt“ in Hietzing
1166 1023 2205 1065 ſtatt. Bei demſelben wird unter Anderm die Polka „Liebesglück“
1166 1063 1893 1103 von Kremſer zur erſten Aufführung gelangen.
1244 1108 2205 1149 — Zum Beſten der hier beſtehenden Unterſtützungs⸗Geſell⸗
1167 1147 2200 1187 ſchaft für mittelloſe in Wien lebende Franzoſen wird nächſten
1171 1185 2205 1226 Montag eine muſikaliſch⸗declamotoriſche Akade⸗
1169 1222 2199 1265 mie im Reſidenz⸗Theater ſtattfinden. Die Chanſonnettenſängerin
1170 1261 2198 1303 Mademoiſelle Theo (welche für das Gaieté⸗Theater Offenbach's
1163 1300 2206 1343 engagirt iſt) und einige andere franzöſiſche Kunſtkräfte werden bei
1165 1341 1619 1381 dieſer Vorſtellung mitwirken.
1234 1387 2085 1428 — Wir erhalten das folgende Epigramm zugeſendet:
1436 1434 1930 1469 Den Wiener Kritikern.
1399 1474 1981 1515 Wer bös von eurem Tadel ſpricht,
1404 1512 1912 1546 Dem könnt zum Troſt ihr ſagen:
1402 1544 1994 1582 Die ſchlecht'ſten Weſpen ſind es nicht,
1404 1580 1852 1615 Die an den „Birnen“ nagen.
1192 1624 1374 1664 Leipzig.
1772 1620 2172 1658 Wilhelm Buchholz.
1371 1694 1998 1741 Jubiläum in Heſſen⸗Darmſtadt.
1441 1746 1947 1777 (Orig.⸗Corr. der „Neuen Freien Preſſe“.)
1943 1774 2172 1811 — Ende Juni.
1241 1814 2204 1856 Die Feier der ſilbernen Hochzeit des Großherzogs mit dem
1171 1853 2203 1897 Lande ging im Weſentlichen ganz innerhalb des Nahmens von
1169 1892 2206 1935 ſtatten, den ich Ihnen in meinem letzten Berichte aufgezeichnet,
1164 1931 2204 1973 nur daß dem Feſte der angekündigte Glanz zweier Kaiſerkronen
1162 1969 2206 2011 nicht zu Theil ward, indem der deutſche Kaiſer durch ſein Unwohl⸗
1168 2008 2202 2051 ſein verhindert war, bei dem Feſte in Perſon zu erſcheinen, und
1171 2046 2210 2089 an ſeiner Stelle ſein Sohn zur Beglückwünſchung des Jubilars
1164 2084 2207 2126 erſchien. Auch die Schweſter des Großherzogs, die Kaiſerin von
1167 2121 2206 2164 Rußland, konnte aus gleichem Grunde erſt post festum aus
1169 2160 2205 2203 Italien auf dem Boden der Heimat eintreffen, wo ſie jetzt auf
1166 2198 2202 2241 dem reizenden Landſitze ihres anderen Bruders, des Prinzen
1170 2236 2203 2282 Alexander von Heſſen, dem Heiligenberge bei Jugenheim, an der
1172 2273 2211 2319 Bergſtraße, ihre Lieblings⸗Sommer⸗Villeggiatur hält. Ihr Gemal,
1167 2312 2210 2357 der Czar, brachte bei der Galatafel im Schloſſe den Toaſt auf
1165 2350 2209 2396 den Jubilar aus. Von fürſtlichen Gratulanten waren ſonſt noch
1167 2393 2211 2432 am 17. Juni in der heſſiſchen Reſidenz erſchienen: der Groß⸗
1167 2429 2212 2476 herzog von Baden, Erzherzog Ludwig Victor (nach anderer Lesart
1168 2471 2202 2512 Karl Ludwig) für den Kaiſer von Oeſterreich, Prinz Luitpold von
1167 2511 2205 2551 Baiern für den König dieſes Landes, Prinz Hermann von Wei⸗
1169 2550 2206 2590 mar für den König von Würtemberg ꝛc. Die Feier war, von
1170 2589 2206 2629 ſchönem Wetter begünſtigt, eine im ganzen Lande um ſo herzlichere,
1173 2627 2204 2666 als der hohe Herr in ſeinen alten Tagen noch ehrlichen Frieden
1172 2664 2204 2704 gemacht hatte mit ſeinem Volke; die Wogen der Feſtfeierlichkeiten
1163 2701 2207 2745 gingen natürlich in der Reſidenz am höchſten. Ihre weiten ſtatt⸗
1171 2740 2207 2782 lichen Straßen waren aufs ſchönſte geſchmückt, und die Abgeord⸗
1169 2775 2207 2820 neten des ganzen Landes hatten ſich dort zuſammengefunden, dem
1170 2813 2209 2860 Großherzoge ihre Glückwünſche und Gaben darzubringen. Das
1169 2853 2208 2899 darunter figurirende Album mit photographiſchen Anſichten aus
1168 2893 2208 2936 dem Großherzogthume war ein Unicum von Pracht und künſt⸗
1168 2933 2207 2978 leriſchem Geſchmacke, das Erzeugniß einer der renommirteſten
1167 2972 2206 3015 Albumfabriken Offenbachs: die Deckel des Albums mit grünem
1168 3010 2209 3055 Sammt bekleidet und aufs reichſte mit Silber beſchlagen; der
1169 3051 2212 3093 obere Deckel enthielt in einem Lorbeerkranze von getriebe⸗
1170 3089 2209 3132 nem Silber die Widmung. Das aufgeſchlagene Buch zeigte
1167 3130 2210 3170 nächſt dem Titelblatte drei Blätter mit bildlichen Dar⸗
1173 3168 2208 3209 ſtellungen, die drei Provinzen des Landes ſehr ſinnreich
1173 3206 2210 3247 ſymboliſirend: Starkenburg durch Induſtrie und Handel,
1170 3245 2207 3285 Rheinheſſen durch Schifffahrt und Weinbau, Oberheſſen durch
1169 3284 2207 3324 Univerſität und Landwirthſchaft. Das Hoftheater⸗Perſonal brachte
1168 3322 2204 3362 ſeinem hohen Gönner einen kunſtvoll gemalten Schild mit einem
1172 3362 2204 3403 photographiſchen Gruppenbilde ſämmtlicher Bühnen⸗Angehörigen
1167 3399 2205 3441 dar. Die dem Fürſten namens des Landes ferner dargebrachte
1168 3438 2207 3480 Stipendium⸗Stiftung erreicht bis jetzt bereits einen Betrag von
1167 3477 2209 3519 über 22,000 fl., wozu die Firma von Cornelius Heyl in Worms (die
1169 3516 2202 3557 renommirte Lacklederfabrik) für ſich allein die Summe von 1000 fl.
1171 3556 2212 3595 beiſteuerte. Die beiden Darmſtädter Banken haben weiter gemein⸗
1174 3593 2209 3636 ſam zur Feier dieſes Tages 20,000 fl. zu Stipendien für das
1169 3634 2208 3673 Darmſtädter Polytechnicum geſtiftet, und die Heſſiſche Ludwigsbahn
1169 3672 2212 3711 endlich hat dem Monarchen eine kleine, in Gold und Silber aus⸗
1172 3709 2218 3750 geführte, reich mit Edelſteinen beſetzte Locomotive überreichen laſſen,
1170 3751 2210 3788 welche, durch einen ſinnreichen Mechanismus getrieben, einen eben⸗
1167 3787 2212 3829 falls ſehr geſchmackvollen Cigarrenwagen zieht. Zur Feſtparade,
1166 3826 2211 3864 welche General v. Boſe abnahm, war der größte Theil der heſ⸗
1166 3863 2210 3905 ſiſchen Diviſion auf dem Darmſtädter Marsfelde vereinigt. Die
1168 3903 2208 3946 Feſtvorſtellung Abends im Theater wurde durch einen Prolog mit
1167 3941 2211 3983 lebenden Bildern aus der heſſiſchen Geſchichte eingeleitet, welchen
1167 3980 2209 4023 Hoftheater⸗Director Dr. Julius Werther verfaßt hatte und auch
1168 4019 2208 4062 ſelbſt zum wirkungsvollen Vortrage brachte; ihm folgte Weber's
1173 4058 2208 4101 „Euryanthe“, eine Vorſtellung, welche durch die Mitwirkung der
1170 4096 2206 4140 Frau Mallinger und der Herren Betz und Nachbaur zu einer
1169 4135 2211 4177 wahrhaft glänzenden und der beſten Traditionen der Darmſtädter
1169 4176 2206 4216 Hofbühne würdigen geſtempelt wurde. Die ſchönſte Beigabe aber
1171 4212 2211 4254 erhielt dieſe Jubiläumsfeier durch eine in jenen Tagen im
1170 4250 2209 4293 Beſſunger Hofgarten (einer Perle der Nococo⸗Gartenbaukunſt) durch
1170 4291 2213 4330 die Herren Hof⸗Garten⸗Director Geyger und Hof⸗Garten⸗Ingenieur
1173 4328 2210 4370 Siesmayer arrangirte Roſenausſtellung, ſo einzig großartig in ihrer
1168 4368 2210 4408 Art (war ſie doch ſogar bis von Sachſen und Belgien her be⸗
1168 4405 2211 4447 ſchickt), wie Deutſchland wol kaum noch eine geſehen. Sie war
1168 4444 2209 4485 denn auch von Tauſenden aus Darmſtadt und ſeiner näheren und
1169 4482 2207 4526 ferneren Umgebung beſucht. Der bei ſolchen feſtlichen Anläſſen
1168 4521 2213 4562 übliche Ordens⸗Sternſchnuppenfall iſt denn natürlich auch in Darm⸗
1168 4559 2215 4601 ſtadt nicht ausgeblieben; doch war die Richtung, in der er theil⸗
1170 4598 2210 4641 weiſe niederging, bezeichnend für die Thatſache, daß in unſeren
1168 4640 2208 4679 höheren Regionen der Wind total umgeſprungen iſt; außer den
1170 4678 2211 4717 Miniſtern, verdienten Mitgliedern der Hofbühne, zahlreichen Hof⸗
1168 4714 2210 4756 bedienſteten ꝛc., empfing das Ritterkreuz erſter Claſſe vom Orden
1166 4753 2210 4795 Philipp's des Großmüthigen unter Anderen auch eine Reihe
1168 4792 2210 4835 von Perſonen, welche der entſchiedenſten Richtung der Fortſchritts⸗
1165 4831 1952 4872 partei im Lande und in der Kammer angehören.
1383 4915 1984 4963 Thiers und die Bonapartiſten.
1241 4975 2209 5017 Endlich iſt uns die ſeitens der bonapartiſtiſchen Preſſe ſo
1166 5014 2206 5056 lärmend angekündigte Broſchüre „M. Thiers et les Napoléons
1166 5053 2207 5094 (Jérôme)“ zugegangen. Dieſelbe iſt ein intereſſeloſes, nichtsſagendes
2240 177 3275 220 Pamphlet. Offenbar aus der Umgebung des Prinzen Napoleon
2238 219 3277 260 oder gar von dieſem ſelbſt herrührend, hat die Broſchüre keinen
2238 258 3271 297 anderen Zweck, als nur der Welt darzuthun, daß Herr Thiers
2239 296 3276 335 ſich eines furchtbaren Wechſels ſeiner Geſinnungen ſchuldig ge⸗
2239 335 3275 374 macht habe, indem er einſt, vor ungefähr 35 Jahren, ſich dafür
2241 372 3274 413 bemühte, daß dem König Jérôme die Erlaubniß zur Rückkehr nach
2240 411 3279 452 Frankreich ertheilt werde, während er jetzt, ſo lange er nämlich
2240 451 3272 490 noch Präſident der Republik war, ſich gegen den Aufenthalt des
2242 486 3276 528 Prinzen Napoleon in Frankreich ſtemmte. Vor 35 Jahren konnte
2240 527 3278 565 er die Rückkehr des einſtigen Königs „Luſtik“ für gefahrlos halten;
2238 566 3273 607 heute dürfte er in der Anweſenheit des ränkeſüchtigen Prinzen
2238 605 3186 643 eine Gefahr für das ſo tief erſchütterte Frankreich erblicken!
2314 643 3280 682 Uebrigens beweiſt der uns vorliegende Briefwechſel deutlich,
2241 681 3275 721 daß Herr Thiers, als er bei ſeiner 1837 in Florenz ſtattgehabten
2239 719 3277 761 Zuſammenkunft mit Jérôme dieſem das Verſprechen gab, ſich für
2238 759 3276 796 ihn zu verwenden, daran dachte, den jüngſten Bruder des Grün⸗
2243 797 3269 836 ders der napoleoniſchen Dynaſtie gewiſſermaßen zu einer Aner⸗
2244 836 3275 874 kennung der in Frankreich herrſchenden Verhältniſſe zu veran⸗
2240 874 3280 913 laſſen. Er wollte nämlich von Jérôme keinen andern Weg ein⸗
2244 912 3277 953 geſchlagen wiſſen, als den eines Schreibens an den König Louis
2236 952 3279 991 Philipp. Als Jérôme ſich im Jahre 1847 an die Kammer wen⸗
2236 990 3279 1029 dete, da nahm Thiers durchaus keinen Anſtand, ſich dem napo⸗
2239 1028 3279 1066 leoniſchen Agenten Pietri gegenüber in entſchieden mißbilligender
2241 1068 3279 1105 Weiſe zu äußern. Die Deputirten⸗Kammer hatte beinahe ein⸗
2240 1102 3272 1145 ſtimmig den Beſchluß gefaßt, die Petition Jérôme's dem Miniſter⸗
2239 1143 3274 1185 rathe zu überweiſen, und auch Thiers hatte, in Erfüllung ſeines
2244 1181 3277 1223 einſt gegebenen Wortes, in dieſem Sinne geſtimmt. Trotzdem
2241 1222 3277 1260 ſagte er aber zu Pietri, daß er, wenn er Miniſter wäre, den
2240 1259 3276 1298 Wünſchen der Kammer nicht willfahren würde; je günſtiger die
2239 1298 3275 1338 Kammer einem ſolchen Beſchluſſe wäre, deſto feindſeliger würde
2242 1336 3272 1376 er ſein; er würde, mit Einem Worte, in einem ſolchen Falle die
2240 1375 2707 1416 Kammer „ſpazieren“ ſchicken.
2316 1412 3277 1455 Und auch damals trennte Thiers die Sache des Königs
2239 1450 3278 1493 Jérôme von der des Prinzen Napoleon, von welch Letzterem er
2240 1490 3278 1529 nicht glaubte, daß man ihm die Pforten Frankreichs öffnen werde,
2240 1528 3281 1567 da derſelbe ſchon in jener Zeit Spuren jenes Talentes der Tact⸗
2240 1564 3277 1606 loſigkeit verrieth, welches ſpäter die Mitwelt ſo oft und ſo aus⸗
2242 1604 2754 1647 giebig in Erſtaunen ſetzen ſollte.
2320 1642 3272 1684 So viel, was das Meritoriſche des Pamphetes betrifft, welches
2241 1683 3281 1724 ſich überdies bemüht, den Heldenmuth und aufopferungsvollen
2246 1719 3278 1761 Patriotismus der Linie Jérôme Bonaparte in ein glänzendes Licht
2241 1759 3278 1800 zu ſetzen! Jetzt noch einige Details, die zur genaueren Charakte⸗
2242 1798 3277 1837 riſtik der heute wieder im Vordergrunde ſtehenden Bonapartiſten
2244 1834 3275 1876 dienen mögen. Als Jérôme ſeine larmoyanten Bittgeſuche 1847
2241 1875 3282 1915 vor die Kammern brachte, unterließ er es nicht, ſich ſchriftlich an
2245 1913 3282 1954 viele Pairs und Deputirte zu wenden, um ſich und ſeiner Sache
2241 1952 3279 1993 ihre Gunſt zu gewinnen. So beehrte er auch den Marquis de
2242 1991 3277 2032 Lawoeſtine mit einem Schreiben. Der Marquis, ſpäter ein
2239 2030 3278 2071 willenloſes Werkzeug Napoleons III., bemerkt in ſeiner Antwort
2243 2067 3282 2109 unter Anderem Folgendes: „. . . Ja, gewiß, Frankreich
2242 2107 3282 2147 will heute nichts Anderes, als was es beſitzt, ſeine Re⸗
2239 2144 3280 2185 gierung ſagt ihm zu; es hat volles Vertrauen in die
2242 2185 3276 2225 Geſchicklichkeit und Weisheit des Königs, und es iſt erfüllt von
2241 2223 3277 2263 Sympathien für ſeine Söhne, die im hohen Grade jene Eigen⸗
2242 2261 3273 2303 ſchaften in ſich vereinen, welche in unſerem Lande die Prinzen
2243 2300 3275 2339 populär machen.“ Wir ſehen, Herr v. Lawoeſtine war ein treuer
2240 2337 3277 2377 Orleaniſt, den die Machinationen Louis Napoleon's, der damals
2241 2374 3277 2415 bereits aus Ham entwichen war, mit Abſcheu erfüllten, denn er
2242 2411 3277 2454 ſchreibt an Jérôme: „Ich muß Eurer Majeſtät noch ſagen, daß alle
2243 2452 3282 2494 wahrhaften Freunde der kaiſerlichen Familie geſeufzt haben bei
2239 2491 3287 2532 den ſinnloſen Verſuchen des Prinzen Louis: dieſe Unbe⸗
2244 2530 3278 2572 ſonnenheit hat Ihrer Sache ſehr geſchadet. . .“ Und doch zögerte
2242 2569 3283 2612 Lawoeſtine ſpäter nicht, dem „unbeſonnenen“ Prinzen Louis den
2240 2611 2806 2647 Staub von den Stiefeln zu küſſen!
2322 2646 3272 2686 Seit der Discuſſion, die ſich in der Deputirtenkammer über
2243 2684 3272 2726 die Petition Jérôme's entſpann, war Letzterer nicht ſehr zufrieden.
2248 2724 3275 2764 „Man hat,“ wie er unterm 27. Juni 1847 an Pietri ſchreibt,
2244 2763 3279 2802 „das Exil nicht vom geſetzlichen Standpunkte aus beleuchtet; man
2238 2801 3279 2842 hätte all das Odioſe zeigen können, welches das auf mich an⸗
2238 2839 3278 2880 gewendete Ausnahmeprincip enthält; die Strafe des Oſtracismus
2241 2877 3281 2917 an und für ſich wurde nicht energiſch genug angegriffen, was
2242 2915 3280 2958 übrigens nicht ſchwer iſt; ohne große Anſtrengungen kann man
2242 2954 3288 2996 beweiſen, daß das Exil eine Strafe iſt, die nie und in kei⸗
2242 2994 3278 3035 nem Falle zur Anwendung kommen ſollte; das Exil iſt, wenn
2248 3033 3276 3075 auch etwas gemildert, eine Erklärung, daß der davon Betroffene
2243 3071 3287 3113 außerhalb des Geſetzes ſtehe. Die Geſetze aller civiliſir⸗
2242 3110 3278 3152 ten Völker haben dieſe Schmach, wie auch die der Confiscation
2242 3148 3282 3190 beſeitigt! . . .“ Ein echter und rechter Bonaparte, dem Exil und
2243 3188 3275 3228 Confiscation ein Gräuel ſind! Und doch ſind die „napoleoniſchen
2238 3226 3287 3268 Ideen“ in ihrer Bethätigung ohne Exil, Deportation und Con⸗
2239 3268 3285 3305 fiscation gar nicht denkbar, und es iſt auch nichts bekannt gewor⸗
2243 3304 3277 3344 den, was darauf ſchließen laſſe, daß König Jérôme es je verſucht
2243 3344 3278 3384 hätte, ſeinen Neffen, den Kaiſer Napoleon, von Exilirungen und
2247 3383 2676 3423 Confiscationen abzubringen.
2321 3419 3275 3461 In einem Anfalle moraliſcher Entrüſtung ſchreibt Pietri an
2241 3458 3274 3501 den Prinzen Napoleon: „Es iſt traurig, zu geſtehen, daß es heute
2243 3497 3276 3539 keinen anderen Tempel als die Börſe, keinen anderen Gott als
2242 3536 3277 3578 das Geld gibt. Die Gewiſſen und Ueberzeugungen werden wie die
2247 3576 3272 3614 Rente berechnet und verkauft!“ So Pietri, der einige Jahre ſpäter
2241 3613 3283 3654 das verruchteſte Polizeiwerkzeug jenes Regimes werden ſollte, wel⸗
2239 3651 3280 3693 ches den Börſenſchwindel zur Höhe eines kaiſerlichen Re⸗
2244 3690 3270 3734 gals erhob! Dieſe edlen bonapartiſtiſchen Seelen, die das Geld
2242 3730 3274 3771 nur inſolange verachten, als es nicht dazu dient, ihre eigenen
2241 3771 2532 3809 Taſchen zu füllen!
2320 3806 3277 3847 In Erwiderung des Dankes, den Jérôme an Victor Hugo
2242 3844 3278 3887 für ſeine in der Pairskammer zu Gunſten der Petition gehaltene
2237 3884 3282 3925 Rede richtete, ſchreibt der berühmte Dichter: „Prinz, Ihre könig⸗
2247 3922 3279 3964 lichen Worte haben mich tief ergriffen. Ich plaidirte die Sache
2244 3961 3284 4002 des Exilirten, ich plaidirte die Sache des Ruhmes; es ſind dies
2243 4000 3284 4044 zwei Motive, um ſtets und immer von Frankreich verſtanden zu
2246 4039 3282 4083 werden. Prinz, was Frankreich verſtanden hat, kann in der Aus⸗
2245 4078 3280 4121 führung nicht lange mehr auf ſich warten laſſen.“ Dies die Hul⸗
2246 4117 3276 4161 digung Victor Hugo's an Jérôme, an „Napoléon le plus petit“!
2320 4155 3278 4196 Schließlich noch eine hiſtoriſche Reminiscenz! In einem
2244 4193 3279 4236 Schreiben an ſeinen ehemaligen Adjutanten Vatry beſtätigt
2242 4233 3273 4273 Jérôme ebenfalls, daß Cambronne nie die ſo berühmt gewordenen
2247 4270 3274 4313 Worte: „Die Garde ſtirbt, aber ſie ergibt ſich nicht!“ gerufen
2243 4309 3278 4352 habe; wol aber ſeien ſie dem Munde eines Grenadiers von der
2244 4348 3285 4389 Inſel Elba entſtrömt, der ſie in dem Augenblicke rief, als er
2241 4385 3250 4430 auf dem Schlachtfelde von Waterloo ſich tödtete. M. L. H.
2482 4449 3039 4507 Aus dem Gerichtsſaale.
2332 4509 3278 4550 Wien, 4. Juli. [Orig.⸗Ber.] (Affaire des Baron
2243 4544 3281 4585 Max Heine. — Schluß aus dem Abendblatte.) Die als Zeugen
2244 4579 3282 4617 vernommenen Sicherheitswachmänner bekräftigen unter ihrem Dienſt⸗
2242 4614 3207 4651 eide die Angaben, welche die Grundlage der Anklage bildeten.
2331 4647 3276 4687 Der Vertheidiger Dr. Schönhof ſtellte den Antrag, es ſei
2243 4684 3035 4720 Lieutenant Rottel als Entlaſtungszeuge vorzuladen.
2332 4716 3280 4754 Der Gerichtshof gab dieſem Antrage keine Folge, und nach⸗
2247 4750 3280 4788 dem hierauf das Beweisverfahren geſchloſſen war, ſtellte Staats⸗
2244 4784 3280 4822 anwalts⸗Subſtitut Dr. v. Pelſer den Schlußantrag: Der Ange⸗
2243 4818 3283 4856 ſchuldete ſei des Verbrechens der öffentlichen Gewaltthätigkeit nach
2245 4853 3278 4891 dem höheren Strafſatze und der Uebertretung der Wachebeleidigung
2247 4888 3274 4926 ſchuldig zu erkennen, zu achtzehn Monaten ſchweren Kerkers, zum
2246 4920 3278 4959 Erſatze der Gerichtskoſten, dann des erwieſenen und angeſprochenen
2247 4952 3275 4996 Schadens zu verurtheilen und des Adels für verluſtig zu erklären.
2335 4987 3277 5027 Der Vertheidiger bekämpft in erſter Linie den That⸗
2247 5017 3278 5062 beſtand der öffentlichen Gewaltthätigkeit, in zweiter Linie die An⸗
2247 5056 2940 5099 wendung des geltend gemachten Strafſatzes.
