3488 5348
122 158 315 199 Nr. 11085
901 156 1177 199 Wien, Samstag
1423 158 1998 197 Neue Freie Presse.
2249 151 2484 194 6. Juli 1895
3067 151 3201 183 Seite 3
83 233 1108 280 nicht zur Ehre gereichen, die ſtolz darauf ſein kann, daß ſie
83 274 1110 315 Jedem die Freiheit der politiſchen Erwägung wahrt. Die
83 311 1108 357 Einigkeit aller czechiſchen Abgeordneten im
83 350 1111 394 Reichsrathe, die Einigkeit des geſammten czechi⸗
83 389 1112 431 ſchen Volkes gerade in dieſem Augenblicke iſt eine Forderung,
82 426 1112 470 welche die czechiſchen Abgeordneten an die czechiſche Oeffentlichkeit
83 467 1108 510 mit Recht ſtellen können, und deren Erfüllung Niemandem die
82 504 1114 548 Verleugnung ſeiner Ueberzeugung auferlegt, wenn er will, daß es
80 547 608 586 dem czechiſchen Volke wohl ergehe.
128 618 1069 670 Verſchiebung des Stapellaufes der „Wien“.
335 674 845 702 (Telegramm der „Neuen Freien Preſſe“.)
159 708 1108 750 Trieſt, 6. Juli. In Folge der herrſchenden heftigen
79 747 1108 787 Bora mußte der für heute Vormittags anberaumte Stapel⸗
82 783 1107 824 lauf des Küſtenvertheidigungsſchiffes „Wien“ verſchoben
82 822 1106 863 werden. Geſtern Abends nach Sonnenuntergang erhob ſich ein
81 860 1113 902 heftiger boraähnlicher Wind, welcher ſchwere Wolkenmaſſen auf⸗
83 900 1113 941 trieb. Es ſtellte ſich ein heftiger Gewitterregen ein, welcher bis
83 939 1111 979 heute Morgens andauerte. Das Meer iſt ſtark bewegt. Der
84 978 1113 1018 orcanartige Sturm hat auf dem Feſtplatze arg ge⸗
84 1018 1107 1056 hauſt, den Pavillon beſchädigt, Stangen und Wimpel umgeſtürzt
84 1053 1108 1096 und große Unordnung hervorgerufen. Heute Früh entſchloß man
83 1092 1111 1136 ſich, die Ceremonie des Stapellaufes auf morgen zu ver⸗
83 1131 1106 1171 ſchieben, da die Direction des Stabilimento tecnico
82 1169 1107 1210 keine Gewähr für das Gelingen übernehmen könnte. Der ſtarke
82 1207 1111 1250 Wind weht landeinwärts, und es war Gefahr vorhanden, daß das
85 1245 1112 1289 Schiff gegen das Ufer geſchleudert werden würde. Heute Abends
84 1286 1113 1325 findet, wenn es das Wetter, das Vormittags noch immer un⸗
83 1322 1108 1367 günſtig iſt, zuläßt, eine Garden party beim Podeſtà ſtatt
157 1416 1109 1457 Von Seite der nach Trieſt entſendeten Deputationen
80 1453 1107 1498 der Stadt Wien iſt an den Bezirkshauptmann v. Friebeis
85 1492 1107 1536 ein Telegramm eingelangt, in welchem berichtet wird, daß die
85 1532 1107 1575 Deputation durch den Podeſtà auf dem Bahnhofe empfangen
84 1570 1108 1613 und in die Stadt geleitet wurde; Landesausſchuß Angeli
84 1608 1112 1652 diente der Deputation als Cicerone und führte ſie in die ſtädti⸗
85 1646 1108 1690 ſchen Muſeen. Die Wiener fanden überall die freundlichſte und
82 1686 1108 1727 ehrenvollſte Aufnahme. Sie machten ihre Beſuche bei dem Statt⸗
86 1724 1112 1764 halter R. v. Rinaldini, dem Admiral Baron Sterneck, dem
85 1763 1108 1803 Podeſtà Dr. Pitteri und beim Handelskammer⸗Präſidenten Baron
85 1801 1109 1841 Reinelt. Abends begab ſich die Deputation zum Bahnhof,
83 1839 1110 1883 um den Grafen Hanns Wilczek und die Gräfin Anaſtaſia
87 1877 1115 1922 Kielmansegg zu erwarten. Sodann fand ein gemeinſchaft⸗
86 1917 866 1960 liches Souper der genannten Perſönlichkeiten ſtatt.
239 1993 948 2042 Der Cabinetswechſel in Serbien.
351 2048 848 2077 (Telegramm der „Neuen Freien Preſſe“.)
171 2081 1111 2127 Belgrad, 6. Juli. Ein rein fortſchrittliches
89 2125 1113 2170 Cabinet mit Novakovic an der Spitze, welches mo⸗
88 2168 1114 2213 mentan allein in Combination ſteht, iſt bis zur Stunde
88 2212 1110 2257 noch nicht gebildet. Die Unterhandlungen Novakovic' mit
88 2254 1113 2299 ſeinen Parteigenoſſen dauern fort und werden auf der Baſis
87 2297 1113 2343 geführt, daß die fortſchrittliche Majorität der
87 2340 1116 2384 Skupſchtina die Votirung des neuen Finanz⸗
89 2382 1117 2428 Arrangements für den Fall zuſichere, daß der König
89 2425 1112 2470 ein rein fortſchrittliches Cabinet beruft. Die Skupſchtina,
87 2467 1109 2513 welche heute um 9 Uhr Vormittags durch Verleſung des
87 2510 1114 2556 königlichen Einberufungsſchreibens eröffnet wird, dürfte
85 2553 1113 2599 noch das demiſſionirte Cabinet auf der Miniſter⸗
81 2596 1117 2641 bank antreffen und ſich bis zur endgiltigen Austragung der
86 2642 462 2686 Miniſterkriſe vertagen.
250 2720 930 2775 Wiener Börſe vom 6. Juli.
172 2779 1115 2816 Angeſichts der Nachrichten über die chineſiſche Anleihe hat ſich
86 2817 1117 2854 die Speculation ſehr zurückhaltend gezeigt, demzufolge der Verkehr
86 2851 1118 2888 mit internationalen Werthen im Laufe der heutigen Vorbörſe
86 2887 1114 2924 ganz geringfügig war. Deſto lebhafter waren die Transactionen in
86 2921 1115 2958 Induſtriepapieren, darunter wieder Brüxer Kohlen eine ſprunghafte
88 2954 1115 2992 Steigerung aufweiſen, doch ſind auch andere Kohlenactien, einige
87 2990 1115 3023 Bauwerthe und die Internationalen Elektricitäts⸗Aktien ſehr bedeutend
84 3024 1119 3059 im Curſe geſtiegen. Die Tendenz für Banken, Renten und Eiſenbahn⸗
87 3058 1119 3094 Actien iſt unverändert feſt geblieben, doch ſind mit Ausnahme der
82 3092 1114 3129 Unionbank⸗Actien, welche weiter geſtiegen ſind, keine bemerkenswerthen
89 3128 1116 3161 Cursänderungen eingetreten. Valuten ſind unverändert. Die Verſor⸗
88 3158 1120 3196 gung war leicht, beſonders in der Couliſſe, wo die Effecten fehlten;
89 3194 953 3231 Banken haben noch immer 5 ½ bis 5 ¾ Percent gefordert.
175 3228 1115 3266 Es notirten: Creditactien 408.50 bis 409.15, Ungariſche Credit⸗
85 3261 1120 3300 bank 400.25 bis 491, Länderbank 281.90 bis 282.30, Unionbank
81 3299 1115 3333 358.50 bis 380, Anglo⸗Bank 175.25 bis 175.50, Bankverein 168.90
89 3330 1116 3370 bis 169, Bodencredit 556 bis 556.50, Induſtriebank 137.50 bis
88 3367 1119 3404 137.75, Staatsbahn 441.15 bis 442.50, Lombarden 113 bis 113.15,
87 3398 1121 3437 Elbethalbahn 298.75 bis 299, Nordweſtbahn 295.75 bis 296, Buſch⸗
88 3433 1122 3472 tiehrader Bahn Lit. Z 573.75 bis 574, Prag⸗Duxer Bahn 113 bis
88 3467 1119 3508 113.50, Dampfſchiff⸗Actien 575, Alpine Montan⸗Actien 97.80 bis
88 3502 1123 3543 97.40, Rima⸗Muranyer 291 bis 292.25, Prager Eiſen 745, Brüxer
88 3536 1121 3573 Kohlen 343 bis 353, Kronſtädter Bergbau 344 bis 346, Trifailer
90 3571 1121 3611 175 bis 178, Allgemeine Baugeſellſchaft 116 bis 119, Union⸗Bau⸗
90 3605 1124 3646 materialien 149 bis 151, Perlmooſer 335 bis 336, Internationale
92 3639 1116 3680 Elektricitäts⸗Actien 335 bis 337, ex Coupon 4 fl., Ungariſche
91 3675 1116 3714 Elektricitäts ⸗ Actien 159.10 bis 159.40, Wagenteib⸗Actien 139.50 bis
90 3709 1118 3745 140, Zeitungs⸗Actien 156, Mai⸗Rente 101.25, Silber⸗Rente 101.45
90 3742 1119 3781 bis 101.50, Goldrente 123.85, ungariſche Kronenrente 99.90 bis 99.95,
92 3777 776 3817 Türkenloſe 83.50 bis 83.80, Marknoten 59.34.
172 3811 1117 3850 Um 11 Uhr blieben: Creditactien 408.62, Ungariſche Creditbank
90 3845 1123 3879 490.50, Unionbank 358.75, Staatsbahn 441.62, Alpine Montan⸗
92 3879 1126 3919 Actien 97.45, Brüxer Kohlen 354, ungariſche Goldrente 123.50,
88 3917 348 3953 Kaſſenoten 59.30.
180 3948 1121 3984 Die Mittagsbörſe ſetzte mit unveränderten Curſein ein.
90 3981 1122 4020 Um 12 Uhr 45 Minuten notirten: Creditactien 408.50, Ungariſche
92 4018 1123 4057 Creditbank 490.50, Länderbank 282, Unionbank 358.75, Anglo⸗Bank
94 4052 1121 4092 175.50, Bankverein 168.80, Bodencredit⸗Anſtalt 556.50, Staatsbahn
93 4087 1120 4125 441.50, Lombarden 113, Elbethalbabn 299, Nordweſtbahn 296.25,
94 4120 1127 4155 Alpine Montan⸗Actien 97.40, Rima⸗Muranyer 292.25, Prager Eiſen⸗
94 4151 1125 4193 Induſtrie 744, Brüxer Kohlen 353, Mai⸗Rente 101.20, ungariſche
95 4189 1083 4225 Goldrente 123.50, ungariſche Kronenrente 99.95, Marknoten 59.34.
181 4221 1119 4262 In Folge größerer Budapeſter Abgaben in Creditactien und
94 4257 1121 4296 luſtloſer Berliner Berichte iſt der weitere Verlauf des Geſchäftes un⸗
95 4292 1123 4330 befriedigend; nur im Schranken erhält ſich die Kaufluſt für Kohlen⸗
97 4324 1120 4363 Actien, Bauwerthe und Elektricitäts⸗Actien. Deviſen und Valuten
95 4360 1124 4399 unverändert. Brüxer Kohlen 352.50, Allgemeine Baugeſellſchaft 120.50,
95 4395 720 4434 Internationale Elektricitäts⸗Actien 339.50.
179 4440 686 4474 Um 1 Uhr 15 Minuten notirten:
89 4531 387 4566 Gem. Rente in Noten
87 4567 387 4602 Gem. Rente in Silber
87 4603 358 4638 Oeſterr. Goldrente
90 4633 388 4673 Oeſterr. Kronenrente
90 4671 349 4706 Ungar. Goldrente
90 4704 386 4740 Ungar. Kronenrente
94 4739 388 4776 Loſe vom Jahre 1860
90 4774 390 4809 Loſe vom Jahre 1864
89 4808 277 4843 Anglo⸗Bank
91 4843 259 4874 Bankverein
89 4875 380 4911 Bodencredit⸗Anſtalt
91 4909 290 4944 Creditanſtalt
90 4942 366 4980 Ungar. Creditbank
92 4980 269 5010 Länderbank
89 5012 390 5048 Oeſterr.⸗Ungar.Bank
91 5046 259 5079 Unionbank
92 5081 288 5116 Verkehrsbank
91 5115 350 5150 Donau⸗Dampfſch.
409 4504 489 4530 Geld
405 4534 498 4566 101.20
403 4568 498 4600 101.50
405 4602 498 4632 124.—
405 4636 499 4670 101.55
406 4672 499 4703 123.50
416 4705 499 4735 99.95
405 4739 495 4770 157.—
406 4776 497 4803 196.—
408 4809 497 4839 175.—
407 4843 497 4874 168.80
404 4877 497 4906 556.50
404 4913 498 4942 408 35
405 4945 498 4977 490.50
405 4980 498 5012 282.40
429 5014 497 5044 1078
405 5049 498 5078 358.50
405 5082 497 5113 189—
405 5118 497 5151 575.—
505 4503 594 4529 Waare
506 4533 598 4564 101.35
505 4568 598 4600 101.65
504 4604 598 4632 124.15
505 4638 598 4666 101.65
505 4673 598 4702 123.65
506 4706 598 4735 100.05
507 4740 599 4768 157.50
504 4774 599 4804 196.50
506 4808 600 4838 175.25
506 4844 600 4873 169.20
505 4879 599 4906 557.—
505 4912 599 4942 408.60
505 4947 600 4977 490.75
507 4980 600 5010 282.70
531 5016 600 5044 1080
506 5050 600 5079 359.—
507 5085 598 5113 190.—
507 5115 601 5151 575 50
608 4529 912 4565 Buſchtiehrader Lit. B
609 4565 757 4598 Nordbahn
608 4600 810 4635 Nordweſtbahn
609 4633 805 4669 Elbethalbahn
610 4669 780 4704 Staatsbahn
610 4703 746 4738 Südbahn
608 4738 808 4773 Prager Eiſen
609 4773 711 4806 Alpine
609 4804 903 4843 Wienerberger Ziegelf
610 4840 807 4870 Tabak⸗Actien
610 4872 761 4910 Türkenloſe
610 4909 825 4944 Deutſche Plätze
883 4926 914 4996 vista
610 4942 848 4979 London, 10 Pfd.
610 4978 861 5014 Paris, 100 Frcs.
610 5013 876 5048 K. Münz⸗Ducaten
613 5048 818 5081 Napoleonsd'or
610 5080 914 5116 Deutſche Reichsmark
612 5115 702 5150 Rubel
935 4503 1010 4527 Geld
925 4533 1020 4563 575.—
943 4567 1020 4598 3655
925 4601 1021 4633 296.25
924 4635 1021 4667 299.25
926 4669 1020 4700 441.25
925 4702 1019 4734 112.75
925 4737 1020 4769 744.—
936 4772 1020 4803 97.40
924 4807 1020 4838 371.—
926 4840 1019 4873 240.25
939 4877 1020 4906 83.—
939 4910 1020 4941 59.30
928 4942 1020 4976 121.15
941 4978 1021 5009 48.10
958 5013 1020 5044 5.68
926 5045 1019 5081 9.61 ½
940 5082 1020 5112 59.35
929 5113 1022 5152 1.29 ¾
1029 4504 1119 4529 Waare
1026 4532 1125 4564 575.50
1028 4568 1124 4597 3665
1027 4602 1124 4632 296.50
1029 4635 1128 4667 299.50
1027 4669 1127 4702 441 50
1026 4704 1124 4735 113.—
1027 4738 1127 4769 745.—
1040 4771 1128 4803 97.60
1028 4806 1126 4840 372.—
1028 4840 1125 4874 240 75
1040 4874 1127 4909 83.25
1041 4909 1126 4940 59.45
1029 4944 1128 4977 121.50
1042 4978 1128 5009 48.15
1057 5011 1123 5044 5.71
1061 5046 1126 5077 9.62
1041 5080 1126 5113 59.40
1059 5116 1127 5149 1.30
1222 229 2177 270 Curſe der Wiener Börſe um 1 Uhr 30 Minuten:
1146 266 2178 310 Creditactien 408.25, Ungariſche Creditbank 499.50, Anglo⸗Bank
1145 306 2177 346 175.—, Unionbank 358.25, Länderbank 283.70, Bankverein 168.80,
1145 342 2177 385 Staatsbahn 441.15, Lombarden 112.50, Elbethalbahn 299.25,
1148 383 2180 425 Nordweſtbahn 296.50, Dampfſchiff⸗Actien 575.—, Waffenfabrik
1145 420 2179 462 380.—, Prager Eiſen⸗Induſtrie 745.—, Tabak⸗Actien 240.25,
1149 459 2179 501 Alpine 97.40, Mai⸗Rente 101.22, ungariſche Goldrente 123.50,
1146 500 2058 540 Reichsmark 59.35, Rubel 1.29 ¾. Stiller und behauptet.
1224 543 2172 584 Schluß der Wiener Börſe um 2 Uhr 30 Minuten:
1146 580 2181 622 Creditactien 408.15, Ungariſche Creditbank 490.—, Anglo⸗Bank
1145 619 2179 660 175.—, Unionbank 358.50, Länderbank 283.40, Bankverein 168.80,
1143 656 2176 699 Staatsbahn 441.—, Lombarden 112.50, Elbethalbahn 299.—,
1146 695 2181 738 Dampfſchiff⸗Actien 576.—, Alpine Montan 97.25, Mai⸗Rente
1146 735 2182 775 101.22, öſterreichiſche Kronenrente 101.55, ungariſche Goldrente
1150 773 2178 814 123.50, ungariſche Kronenrente 99.95, Reichsmark 59.35.
1145 816 1341 850 Unverändert.
1228 882 2180 921 Bei der heutigen arrangementweiſen Verſorgung, welche vier
1151 917 2179 957 Tage (9., 10., 11. und 12. Juli) umfaßte, galten die folgenden Prolon⸗
1148 951 2182 991 gationsſätze: Ungariſche Creditactien 1 fl. 25 kr. bis 75 kr. Report
1146 986 2183 1025 (5 ⅝ bis 4 ⅜ Percent), Anglo⸗Bank 40 kr. bis 20 kr. Report
1144 1021 2184 1060 (6 ¼ bis 4 ⅝ Percent), Unionbank 60 kr. bis 30 kr. Report (5 ⅛ bis
1150 1057 2180 1095 4 Percent), Bankverein 35 kr. bis 15 kr. Report (5 ⅞ bis 4 ¼ Per⸗
1146 1091 2177 1127 cent), Länderbank 60 kr. bis 30 kr. Report (6 ⅜ bis 4 ⅞ Percent),
1149 1124 2185 1161 Mai⸗Rente 5 kr. Report bis glatt, Alpine Montan⸗Actien 10 kr. Report
1146 1158 2184 1198 bis glatt (6 ⅜ bis 5 Percent), Rima⸗Muranyer 80 kr. bis 60 kr. Report
1148 1197 1490 1229 (7 ⅛ bis 6 ¼ Percent).
1219 1259 2180 1303 [Telegr.] Newyork, 5. Juli. Die Börſe war an⸗
1145 1298 2185 1341 fangs ruhig, ſpäter trat Steigerung ein. Schluß feſt. Actien⸗
1144 1341 1506 1379 umſatz 195,000 Stück.
1230 1383 2186 1422 Berlin, 6. Juli, 12 Uhr — Minuten. Creditactien 253.75.
1148 1419 1718 1457 Disconto⸗Commandit 224.—. Ruhig.
1233 1459 2184 1497 Newyork, 5. Juli. (Kabel⸗Telegramm. — Schluß.)
1147 1495 2182 1533 Wechſel auf London 4.88 ¾. Wechſel auf Berlin per 400 Mark (60
1150 1531 2186 1566 Tage Sicht) 95 9⁄10. Wechſel auf Paris 5.15 ⅝. London Cable Trans⸗
1149 1565 2186 1600 fers 4.90. Denver Prefered 47 ½. Illinois Centralbahn 97 ¼. Lake
1146 1598 2187 1637 Shore Actien 149 ex. Louisville & Naſhville 58 ⅝. Newyork Lake
1147 1634 1918 1675 Erie Shares 10 ¼. Union Pacific 13. Silber 66 ⅝.
1525 1706 1821 1747 Wien, 6. Juli.
1225 1754 2187 1797 [Galiziſche Karpathen⸗Petroleum⸗Actien⸗
1154 1791 2188 1836 Geſellſchaft.] Amtlich wird gemeldet: Der Miniſter des
1151 1831 2184 1870 Innern hat im Einvernehmen mit den Miniſterien des Acker⸗
1155 1868 2183 1911 baues, der Finanzen, des Handels und der Juſtiz den Herrn John
1152 1906 2187 1950 Simeon Bergheim und William Henry Mac Garvey als
1150 1948 2187 1986 öffentlichen Geſellſchaftern der Firma Bergheim & Mac Garvey
1147 1984 2188 2027 in Mariampol die Bewilligung zur Errichtung einer Actien⸗
1154 2023 2189 2064 Geſellſchaft unter der Firma: Galiziſche Karpathen⸗Petroleum⸗
1149 2061 2188 2103 Actien⸗Geſellſchaft vormals Bergheim & Mac Garvey (polniſch:
1150 2100 2188 2141 Galicyjskie Karpackie naftowe Towarzystwo dawniej Bergheim
1150 2139 2187 2180 & Mac Garvey) mit dem Sitze in Mariampol, Bezirk Gorlice,
1148 2180 1765 2221 ertheilt und deren Statuten genehmigt.
1382 2257 1942 2316 Waarenberichte.
1223 2323 2194 2364 Wien, 6. Juli. [Orig. ⸗ Ber.] (Spiritus.) Die
1155 2361 2194 2404 Preiſe haben ſich heute behauptet. Prompter Contingent⸗Spiritus
1155 2401 2188 2443 wurde zu fl. 17.30 verkauft und ſchließt fl. 17.30 Geld,
1150 2442 1406 2482 fl. 17.40 Brief.
1222 2483 2189 2527 — (Börſe für landwirthſchaftliche Producte.)
1156 2525 2190 2568 Das regneriſche Wetter und vereinzelte Regenmeldungen aus
1157 2562 2183 2607 Ungarn haben trotz ausnahmslos flauer Auslandsberichte einen
1156 2599 2182 2644 weiteren Rückgang aufgehalten. Umgeſetzt wurden: Herbſtweizen
1154 2639 2183 2685 zu fl. 7, fl. 7.04 und fl. 7.01, Frühjahrsweizen zu fl. 7.35 und
1151 2679 2190 2721 fl. 7.38, Herbſtkorn zu fl. 6, fl. 6.03 und fl. 6.01, Herbſthafer
1157 2716 2190 2759 zu fl. 6 und fl. 6.02, Juli⸗Auguſt⸗Mais zu fl. 6.21, fl. 6.27
1150 2753 2189 2797 und fl. 6.26, September⸗October⸗Mais zu fl. 6.32 und fl. 6.38,
1157 2793 2188 2837 Neumais zu fl. 5.30 und fl. 5.31. Auguſt⸗September⸗Raps
1154 2837 1638 2874 notirte fl. 10.30 bis fl. 10.40.
1233 2869 2184 2914 Auf dem Effectivmarkte ſind Weizen, Korn und Mais 10
1158 2909 2184 2953 bis 15 kr., Hafer 5 bis 10 kr. billiger als vor acht Tagen, das
1158 2950 1885 2992 Geſchäft aber in allen Artikeln ganz belanglos.
1233 2995 2184 3040 — (Waarenbörſe.) Neueſte Waarendepeſchen: Prag
1158 3034 2189 3079 (Zucker): Rohzucker ab Auſſig fl. 12 ¾, neue Campagne fl. 13.35,
1156 3072 2189 3114 Raffinade ab Prag fl. 27.50. — Nach der Licht'ſchen Analyſe
1159 3110 2183 3155 beträgt das Durchſchnittsgewicht der Rübe mit Blättern 327
1155 3147 2186 3191 Gramm, ohne Blätter 64 Gramm, der Zuckergehalt 7·06 Percent,
1158 3188 2189 3229 der Quotient 64·77 Percent (gegen 322 und 74 Gramm, be⸗
1154 3225 2183 3271 ziehungsweiſe 8·17 und 65·9 Percent zur Zeit 1894). Die ein⸗
1158 3265 2183 3306 getretenen Regen erwieſen ſich vortheilhaft. Die ſichtbaren Welt⸗
1158 3304 2184 3345 vorräthe umfaſſen 2.145,000 Tonnen (um 795,000 Tonnen
1154 3341 2184 3385 mehr als zur Zeit des Vorjahres). — Hamburg (Kaffee): Per
1157 3380 2185 3424 Juli 73 ½, per September 73 ¾, per December 72 ¼, Werth
1153 3422 1553 3463 in Pfennigen per Pfund.
1229 3498 2107 3547 Telegramm der „Neuen Freien Preſſe“.
1231 3549 2188 3592 Hamburg, 6. Juli, [Mitgetheilt von Friedrich Schönau
1153 3588 2185 3632 in Wien.] (Rohzucker.) Per Juli 9.85, per Auguſt 10.—,
1156 3626 2189 3670 per September 10.07, per October⸗December 10.40, per Januar⸗
1155 3665 2186 3711 März 1896 10.72, Werth in Reichsmark per 50 Kilogramm
1157 3708 1572 3746 ſ. o. b. Hamburg. Ruhig.
1228 3781 2112 3829 Telegramme des Correſpondenz⸗Bureau.
1242 3834 2188 3874 Stettin, 5. Juli. Weizen per Juli⸗Auguſt 147.—, per Sep⸗
1158 3868 2192 3907 tember⸗October (neue Uſance) 148.50. Roggen per Juli⸗Auguſt 121.50,
1153 3902 2194 3943 per September ⸗ October (neue Uſance) 124.50. Rüböl per Juli
1160 3935 2196 3976 43.50, per September⸗October 13.75. Spiritus (mit 70 Mark Conſum⸗
1161 3978 1434 4010 ſteuer) loco 37.—.
1247 4013 2185 4053 Havre, 5. Juli. (Schluß.) Kaffee. Santos Good
1161 4051 1812 4087 Average per Juli 92.—, per October 90.—.
1240 4089 2194 4131 London, 5. Juli. Rübenzucker 9 ¾, Javazucker 11 ¾, ſtetig.
1244 4133 1975 4175 Mancheſter, 5. Juli. (Garnmarkt.) Ruhig.
1241 4171 2195 4213 Newyork, 5. Juli. (Productenmarkt.) Baumwolle in
1161 4207 2196 4249 Newyork 7 ⅛, per October 6.97, per November 6.99. Baumwolle in
1162 4242 2197 4282 New⸗Orleans 6 11⁄16. Raffinirtes Petroleum Standard White in New⸗
1164 4276 2194 4317 york per Juli 7.80. Standard White in Philadelphia per Juli
1163 4310 2195 4351 7.75. Rohwaare per Juli —. United Pipe Line Certificates per
1164 4344 2196 4386 Auguſt 1.42. Mehl 3.10. (Marke „Spring Elears“). Weizen loco 74 ⅜,
1162 4380 2189 4420 per Juli 73 ¼, per Auguſt 73 ⅞, per December 74 ⅜. Mais per
1162 4415 2196 4455 Auguſt 49 ½, per September 50 ⅜. Zucker Fair Refining Muscovados
1163 4448 2194 4488 2 ⅞. Rio⸗Kaffee Nr. 3 15 ¾. Schmalz Marke Wilcox 6.67. Ge⸗
1162 4481 2196 4523 treidefracht 1 ⅛. Schmalz Marke Fairbanks 6.95. Tageszufuhren
1159 4523 1343 4554 1000 Ballen
1198 4583 2159 4626 Meteorologiſche Beobachtungen an der k. k. Central⸗Anſtalt für
1288 4620 2071 4667 Meteorologie. Hohe Warte, Seehöhe 202·5 Meter.
1159 4717 1246 4748 Datum
1264 4718 1358 4747 Stunde
1370 4691 1479 4720 Luftdruck
1388 4718 1472 4744 Milli⸗
1388 4744 1473 4771 meter
1495 4686 1699 4717 Temper. Celſius
1504 4735 1576 4757 beob⸗
1501 4759 1585 4781 achtete
1605 4744 1708 4769 normale
1719 4681 1830 4705 Feuchtig⸗
1726 4703 1816 4730 keit in
1745 4732 1807 4756 Per⸗
1731 4759 1816 4778 centen
1847 4688 1974 4716 Windrich⸗
1850 4716 1969 4742 tung und
1861 4742 1959 4768 Stärke
2040 4702 2091 4725 Be⸗
2010 4726 2120 4753 wölkung
2158 4690 2189 4764 Ozon
1171 4801 1255 4827 5. Juli
1171 4829 1237 4855 5. „
1172 4856 1235 4882 6. „
1264 4802 1366 4826 2 U. Nm.
1264 4827 1366 4853 9 U. Abs.
1264 4853 1362 4881 7 U. Mg.
1398 4799 1469 4824 744 4
1397 4826 1471 4850 743 9
1397 4851 1470 4880 743 3
1513 4799 1576 4824 16·2
1512 4825 1578 4850 16 8
1514 4851 1579 4877 14 2
1643 4797 1705 4822 23 3
1649 4823 1703 4847 18 8
1641 4850 1704 4874 17 8
1754 4797 1800 4822 94
1755 4824 1799 4848 83
1757 4850 1800 4873 87
1842 4794 1894 4822 NW
1840 4823 1868 4847 N
1841 4849 1898 4872 NW
1957 4794 1979 4819 1
1957 4822 1979 4845 1
1957 4848 1979 4874 2
2025 4793 2105 4822 Regen
2037 4823 2099 4844 trub
2024 4847 2104 4873 Regen
2164 4792 2193 4822 7
2164 4820 2192 4846 7
2163 4847 2191 4872 11
1245 4897 2193 4939 Am 5. Juli: Höchſte Temperatur: 17˙3 Grad Celſius, tiefſte
1162 4935 1881 4973 15˙1 Grad Celſius. Niederſchlag 3˙1 Millimeter.
1246 4965 2191 5008 Maximum in der Sonne: 26˙1 Grad Celſius, Minimum durch
1157 5008 1619 5041 Strahlung 13˙4 Grad Celſius.
1248 5033 2191 5076 Der Luftdruck iſt gefallen und unter dem normalen. Wind
1163 5071 2193 5111 ſchwach aus Nordweſt. Tagesmittel der Geſchwindigkeit 11 Kilometer
1161 5108 1729 5148 per Stunde. Tag regneriſch und kühl.
2303 220 3245 266 Am 6. Juli, Morgens: Temperatur 3˙6 Grad Celſius unter
2215 260 3241 299 der normalen, ſchwacher Nordweſt, Regen. Morgen⸗Minimum 14˙1 Grad
2214 297 2330 331 Celſius.
2298 321 3244 367 Am 6. Juli, Wien, Stadt, Univerſitätsplatz, 12 Uhr Mit⸗
2217 360 3246 402 tags: Temperatur 17˙3 Grad Celſius. Niederſchlag, 7 Uhr Früh:
2218 399 2436 430 3˙4 Millimeter.
2300 428 3247 468 Weſt⸗ bis Nordweſtwinde, ſehr unbeſtändig,
2211 467 3047 504 zeitweiſe regneriſch und kühl anhaltend.
2356 524 3107 577 Theater für heute, Samſtag, 6. Juli.
2215 582 3249 624 Jantſch' Wiener Volkstheater im k. k. Prater: „Ein
2252 623 2560 655 Böhm' in Amerika.“
2252 721 3211 794 Die Osterinsel. Roman v. Adolf Wilbrandt.
2626 797 2836 835 Eleg. geb. fl. 3.
2254 835 3209 870 Vorräthig in der Buchhandlung Moritz Perles, Wien, I., Seilergaſſe 4.
2252 873 3206 903 Reichhaltigſtes Lager moderner Belletriſtik. Reiſebücher. Reiſeführer. Man ver⸗
2403 901 3035 929 lange gratis und franco Reiſebrochüre fürs Coupé.
3123 902 3208 928 10840
2342 985 3127 1051 ☛Flanell-Fix☚
2542 1045 3249 1074 iſt das einzige Gewebe aus reiner Schafwolle, welches in
2542 1073 3248 1100 der Wäsche nicht eingeht. Touristen-
2542 1100 3251 1128 Hemden aus Flanell-Fix, weiß und färbig,
2541 1125 3252 1154 unübertrefflich in Qualität, elegant, dauerhaft und
2828 1154 2961 1178 angenehm.
2636 1181 3162 1212 Alleinige Verkaufsstelle nur bei
2545 1214 3253 1253 J. Trettenhann, k. u. k. Hoflieferant, Wien.
2747 1250 3054 1282 I., Weihburggaſſe 4.
3169 1254 3252 1280 10144
2240 1249 2488 1265 REGISTRIRTE SCHUTZMARKE
2344 1328 3076 1404 KAPITALS-ANLAGEN.
2257 1461 2306 1526 A
2728 1416 3115 1454 Wir besorgen Käufe von
2310 1454 3181 1500 NLAGEWERTHEN zu den coulantesten Bedingungen
2679 1495 3182 1526 und übernehmen die von nun ab
2679 1528 3183 1563 bei uns gekauften Werthpapiere
2677 1562 3182 1598 unentgeltlich in Depot, und wer⸗
2674 1600 2822 1630 den die
2256 1636 2290 1694 E
2292 1632 3181 1677 VIDENZHALTUNG derselben, wodurch die Besitzer
2683 1667 3179 1703 von allen Auslosungen, Conver⸗
2676 1702 3182 1736 tirungen od. sonst. wichtigen Ver-
2678 1736 3184 1769 änderungen rechtzeitig verstän-
2681 1770 3180 1806 digt werden, kostenlos vornehmen
2711 1805 3182 1837 Alle etwa gewünschten Aus-
2672 1839 3183 1872 künfte über Kapitalsanlagen wer⸗
2677 1874 3044 1905 den in unseren beiden
2259 1911 2319 1978 W
2321 1907 3010 1948 ECHSELSTUBEN: I., Wollzeile 10, und
2684 1940 3123 1975 VII., Mariahilferstrasse 74 B,
2680 1976 2958 2012 kostenlos ertheilt.
3067 1982 3154 2009 10841
2527 2034 2924 2067 WECHSELSTUBEN-
2257 2074 3182 2160 Actien-Gesellschaft „MERCUR“,
2524 2161 2918 2201 WIEN, I, Wollzeile 10.
2353 2281 2425 2307 10827
2226 2310 2743 2412 Grenadine
2759 2281 3252 2311 in Waſſer oder Sodawaſſer ſehr er⸗
2761 2310 3253 2336 friſchendes Getränk, iſt echt und unver⸗
2756 2333 3254 2360 fälſcht ausſchließlich zu haben bei der
2761 2360 3253 2388 Amſterdamer Liqueur ⸗ Fabriks⸗
2753 2386 3252 2413 Commandit⸗Geſellſchaft in Möd⸗
2757 2411 3253 2441 ling. Bureau in Wien, I., Wollzeile 8.
2274 2496 3200 2572 Einſiede- und Conſervengläſer
2555 2575 2922 2614 neueſter Syſteme von
2253 2623 3221 2665 J. Schreiber & Neffen
2666 2675 2808 2706 WIEN,
2341 2707 3137 2747 IX. Bez., Liechtensteinstrasse Nr. 22—24.
2473 2749 2964 2784 Preiscourante gratis und franco.
3152 2749 3221 2783 9671
2226 2840 2950 2960 Tägliches Waschen
2963 2837 3251 2867 mit Wiener Hochquellen⸗
2965 2867 3251 2905 Sodawasser
2961 2907 3253 2935 macht die Haut zart und
2961 2934 3256 2962 fein. Aerztlich empfohlen.
2727 3011 3187 3067 Blitzableiter
2774 3071 3130 3102 vorzüglichste Construction,
2690 3101 3217 3159 Telegraphen,
2790 3164 3109 3239 Telephonanlagen,
2250 3242 3213 3292 Installation elektrischer Beleuchtungen,
2392 3287 3082 3322 garantirt solid fachgemäss ausgeführt, besorgt billigst
2277 3317 3184 3389 DECKERT & HOMOLKA, WIEN,
2324 3388 3136 3433 I., Kärntnerstrasse 46, IV., Favoritenstrasse 34.
3150 3288 3202 3313 9914
2220 3482 3249 3586 Einlösung von Gold und Silber, Münzen, Borten
2437 3581 3041 3623 G. A. Scheid'sche Affinerie.
2224 3618 3251 3655 Gold- und Silber-Gekrätz-, Legir- und Scheide-Anstalt
2309 3653 3166 3699 Wien, VI. Bez., Gumpendorferstrasse Nr. 85.
3173 3654 3253 3689 10821
2289 3737 3207 3818 Friedr. Wilhm. KRÖNIG & SÖHNE,
2414 3824 3072 3866 Schloss Harta b. Hohenelbe, Böhmen,
2254 3873 3228 3936 Möbelplüsch - Fabrikanten.
2547 3929 2943 3970 Etablirt Anno 1720.
3147 3929 3230 3963 10656
2496 4014 3003 4049 Die beſten, dauerhafteſten und leichteſten
2222 4051 3254 4128 Garten-Druckschläuche
2291 4132 3190 4179 sind Calmon's rothe Universalschläuche A.
2228 4170 3254 4208 Dieſelben ſind außerordentlich leicht, brechen nicht, werden nicht hart, vertragen
2330 4196 3149 4233 hohen Druck und rohe Behandlung und ſind bequem zu handhaben.
2225 4225 3253 4275 Zu beziehen von E. Munk, Wien, I., Rathhausſtraße 15.
3181 4198 3254 4221 10423
2269 4313 3216 4436 Cacao-Pulver Victor Schmidt & Söhne
2503 4444 2988 4490 bestens empfohlen.
3146 4446 3229 4485 9769
2245 4602 2337 4634 10854
2380 4585 3103 4629 Depot hygienischer Artikel.
2515 4620 2968 4654 Pariser Gummiwaarenlager
2247 4653 3220 4713 J. REIF, Specialist, Wien, I., Brandstätte Nr. 3.
2436 4712 3002 4748 Probesendungen zu 2, 3, 4 und 5 fl.
2474 4743 2973 4772 ☛Discreter Versandt.☚
2247 4852 2703 4884 Das Depot hygienischer Artikel von
2523 4873 2945 4968 Sigi Ernst
2561 4970 2906 4996 befindet sich nach wie vor
2371 4997 3087 5067 Wien, Kärntnerstrasse Nr. 45,
2503 5059 2947 5095 und Paris, 11 rue Martel.
3130 5055 3217 5084 10403
