2746 3589
599 280 956 318 Seite 4. Nr. 4130.
1343 257 1858 310 Illuſtrierte Kronen⸗Zeitung.
2320 241 2578 289 1. Juli 1911.
396 375 1307 463 Miniſter⸗Präſident Freiherr v. Gautſch.
514 2277 1290 2332 (Nach einer Aufnahme aus den letzten Tagen.)
191 2420 543 2499 Auskünfte.
214 2528 581 2566 J. W. T., Malaczka.
181 2562 583 2607 Hier ein Rezept für
182 2600 583 2642 Nußſchnaps: In eine 3
184 2635 581 2676 Liter faſſende Flaſche
181 2673 583 2713 füllt man 2 Liter echten
184 2710 586 2746 Kornbranntweins und
182 2746 585 2787 gibt ungefähr 40 Stück in
184 2783 586 2821 Vierteln geſchnittene
185 2820 590 2857 Nüſſe, von einer Orange
186 2858 588 2894 die feinen Schalen, unge⸗
186 2891 591 2930 fähr 8 Stück Gewürz⸗
191 2926 590 2966 nelken und einige Stück⸗
188 2960 589 3007 chen Zimmt dazu. Man
187 3001 594 3041 läßt die Flaſche durch
189 3035 592 3077 acht Wochen an einem
189 3070 597 3112 ſonnigen Orte ſtehen,
190 3108 596 3149 ſeiht dann den Brannt⸗
190 3143 596 3185 wein ab, läßt darin ein
193 3179 598 3222 Kilo Zucker auflöſen und
192 3218 599 3262 ſtellt die Flaſche mit dem
192 3255 601 3296 Branntwein nochmals 8
194 3290 602 3332 bis 14 Tage in die
197 3328 603 3368 Sonne. Dann filtriert
196 3364 603 3405 man den Branntwein,
199 3398 604 3444 füllt ihn in Flaſchen,
202 3433 609 3477 verkorkt dieſe gut und be⸗
203 3472 593 3512 wahrt ſie im Keller auf.
951 2395 1270 2449 Eingeſendet.
611 2444 1622 2539 Es ſchluchzt die Nachtigall im Hag
733 2528 1624 2578 und der Abend iſt ſchön. Die kühle Abendluft aber
734 2561 1624 2616 birgt bei alledem umſomehr die Gefahr einer Erkältung,
734 2599 1630 2649 weil man an milden Abenden ſich nicht ausreichend
735 2634 1626 2685 vorſieht. Laſſen Sie, wenn Sie zu Erkältungen neigen,
733 2662 1620 2720 ab und zu eine Sodener Mineral⸗Paſtille (Fays echte)
735 2703 1631 2755 im Munde zergehen. Die Paſtillen ſind angenehm und
736 2739 1627 2792 erfriſchend, und ſie ſchützen die Schleimhäute der Luft⸗
741 2776 1628 2828 wege gegen die ſchädlichen Einwirkungen der Nachtluft.
740 2813 1539 2863 Preis K 1.25 pro Schachtel, überall erhältlich.
619 2853 1631 2907 Generalrepräſentanz für Oeſterreich⸗Ungarn: W. Th. Guntzert,
651 2890 1592 2943 k. u. k. Hoflieferant, Wien, IV/1, Große Neugaſſe 17.
722 2965 1530 3046 Neuerliche Wahlexzeſſe. in Galizien.
885 3044 1364 3093 200 Perſonen verwundet?
697 3092 1639 3153 Im oſtgaliziſchen Bezirke Kalusz⸗Wojnilow⸗Nad⸗
621 3135 1641 3191 worno, den bisher die Ukrainer Romanczuk und
623 3182 1640 3237 Dr. Lahodynski vertraten, ſind die Wahlen noch
623 3224 1641 3281 immer nicht beendet und erſt am 3. d. ſoll der entſcheidende
625 3266 1645 3324 Wahlgang ſtattfinden. Unter der Wählerſchaft
627 3310 1644 3368 herrſcht eine außerordentliche Erregung und
627 3357 1647 3415 es ſoll bereits zu blutigen Krawallen gekommen
629 3398 1647 3456 ſein, bei denen etwa 200 Perſonen verwun⸗
619 3445 1445 3500 det und einige ſogar getötet wurden.
1695 315 2626 366 Ein Telegramm aus Lemberg meldete zunächſt
1608 367 1785 405 Folgendes:
1701 385 2629 438 In mehreren Nachbargemeinden von Kalusz ſind
1607 420 2628 477 Bauernunruhen entſtanden. Aus Stryj wurde Mili⸗
1608 458 2630 511 tär und Gendarmerie requiriert, da die Bauern
1609 495 2631 548 Häuſer in Brand ſteckten, Brücken zerſtörten,
1610 528 2628 584 Telegraphenſtangen umwarfen und Eiſen⸗
1611 564 2631 619 bahnſchienen beſchädigten. Es ſoll zu einem Zu⸗
1612 597 2632 657 ſammenſtoß zwiſchen Bauern und Militär ge⸗
1612 633 2632 691 kommen ſein, wobei angeblich mehr als 200 Per⸗
1614 668 2636 727 ſonen verwundet und einige auch getötet
1617 724 1907 763 worden ſein ſollen
1704 742 2635 795 Spätere Meldungen beſtätigen, daß von Seite der Bauern
1616 777 2635 834 Gewalttätigkeiten vorgekommen ſeien und daß ſich
1619 813 2636 868 daher der Bezirkshauptmann von Kalusz zwecks perſön⸗
1619 846 2640 906 licher Ueberwachung in die Landgemeinden begeben habe, doch
1620 881 2538 943 ſei von Gewalttätigkeiten vorläufig noch nichts bekannt.
1755 962 2502 1043 Die Landesumlagen in Böhmen.
1702 1035 2639 1095 Da durch die Lahmlegung des böhmiſchen Land⸗
1622 1080 2643 1138 tages infolge der Obſtruktion der Deutſchen die Steuer⸗
1624 1123 2640 1182 ausſchreibung nicht im geſetzmäßigen Wege erfolgen kann,
1624 1165 2646 1224 hat der Landesausſchuß vom Kaiſer die Erlaub⸗
1626 1209 2641 1269 nis erhalten, die Steuer ſo wie bisher einheben zu dürfen.
1627 1263 2254 1313 Amtlich wird hierüber verlautbart:
1720 1304 2649 1359 Prag, 30. Juni. Der Kaiſer hat dem Beſchluß des
1629 1340 2649 1398 Landesausſchuſſes des Königreiches Böhmen vom 21. Juni,
1632 1378 2647 1432 betreffend die proviſoriſche Forteinhebung der Landes⸗
1632 1413 2647 1468 zuſchläge zu den direkten landesfürſtlichen Steuern mit
1634 1449 2649 1503 Ausnahme der Perſonaleinkommenſteuer für die Zeit vom
1637 1484 2655 1541 1. Juli bis 31. Dezember 1911 die Allerhöchſte Genehmigung
1634 1517 2653 1578 mit der Einſchränkung erteilt, daß dieſe Zuſchläge während des
1636 1553 2651 1615 bezeichneten Zeitraumes nur im bisherigen Aus⸗
1642 1594 2467 1649 maße von 55 Prozent eingehoben werden dürfen.
1904 1664 2399 1744 Der „fliegende Tod“.
1788 1743 2502 1799 Wieder ein Todesſturz eines Aviatikers.
1717 1789 2666 1853 Die ſchwarze Liſte des „fliegenden Todes“ wird von
1644 1837 2664 1898 Woche zu Woche länger und faſt könnte man ſchon wie
1645 1881 2665 1943 im Kriege in gewiſſen Zeitabſchnitten eine Namensliſte
1645 1925 2667 1987 der im Kampfe um die Eroberung der Luft „Gefallenen“
1647 1991 1902 2034 veröffentlichen.
1728 2017 2669 2076 Diesmal ereilte der „fliegende Tod“ wieder einen
1645 2062 2670 2126 franzöſiſchen Offizier. Auf dem Flugfelde von Chalons⸗
1650 2106 2671 2169 ſur⸗Marne unternahm Donnerstag der Leutnant
1645 2150 2673 2215 Trochon ſeinen erſten Aufſtieg. Er ſtürzte und
1648 2197 2670 2262 zog ſich ſo ſchwere Verletzungen zu, daß er bald
1651 2260 1910 2309 darauf ſtarb.
1932 2289 2389 2342 Beim erſten Flugverſuch.
1747 2337 2672 2392 Leutnant Trochon vom dritten Kolonialartillerieregi⸗
1655 2375 2673 2434 ment verließ erſt vor einem Monat Toulon und wurde als
1655 2411 2672 2469 Aviatiker der Schule von Mourmelon zugeteilt, wo er auf
1658 2452 2509 2507 einem Farmanzweidecker ſeine Lehrzeit durchmachte.
1750 2481 2677 2542 Donnerstag lenkte er zum erſtenmal den Zwei⸗
1658 2521 2676 2578 decker allein. Er flog in geringer Höhe und zeigte ſich ganz
1659 2557 2674 2618 geſchickt in der Handhabung des Apparates. Als er aber im
1662 2590 2681 2653 Gleitfluge landen wollte, bemerkten Offiziere, die ihm zu⸗
1663 2629 2682 2690 ſahen, zu ihrem Schrecken, daß der Pilot den Motor noch
1665 2667 2676 2726 nicht abgeſtellt hatte, trotzdem das Flugzeug bereits
1668 2700 2682 2760 1 ½ Meter über dem Boden ſchwebte. Sie riefen Trochon zu,
1667 2738 2681 2800 dieſer beugte ſich raſch nach vorne, ſtellte die Zündung ab,
1666 2777 2683 2836 ſetzte aber in der Verwirrung gleichzeitig das Höhen⸗
1667 2809 2684 2871 ſteuer in Bewegung und im nächſten Augenblick zer⸗
1667 2848 2683 2910 ſchellte ſchon das Flugzeug auf der Erde, indem es ſich
1668 2883 2686 2946 überſchlug und mit dem Vorderteile, das vollſtändig in Trüm⸗
1670 2941 1985 2982 mer ging, aufſtieß.
1756 2956 2688 3017 Der junge Offizier erlitt einen Schädelbruch und wurde
1670 2996 2684 3056 von dem Flugfelde in das Garniſonsſpital von Chalon ge⸗
1674 3033 2687 3090 bracht, wo er, ohne das Bewußtſein erlangt zu haben, ſtarb.
1671 3079 2205 3128 Trochon war erſt 24 Jahre alt.
1854 3154 2514 3208 Von München nach Berlin.
1769 3203 2697 3261 Eine Flugleiſtung, wie ſie in Deutſchland bisher noch
1677 3238 2699 3301 nicht vollbracht worden iſt, hat der Oberingenieur Hirth aus
1677 3274 2698 3337 München auf ſeinem Rumpler⸗Eindecker ausgeführt. Er war
1680 3311 2701 3375 Donnerstag um halb 7 Uhr mit einem Paſſagier in
1682 3350 2704 3409 München aufgeſtiegen und kurz vor halb 9 Uhr in Nürn⸗
1680 3384 2700 3445 berg gelandet. Geſtern in früher Morgenſtunde ſetzte er den
1683 3424 2699 3486 Flug fort und landete nach kurzer Zwiſchenlandung in Leip⸗
