3488 5349
181 139 324 180 Seite 6
731 129 1017 177 Wien, Samstag
1441 121 2031 169 Neue Freie Presse.
2469 109 2715 161 1. Juli 1911
3060 107 3277 161 Nr. 16830
143 207 1173 264 bringen, ſondern vielmehr den Inhalt des Ausgleiches
142 250 1173 306 mit dem vom ungariſchen Ausgleichsgeſetze abweichenden
142 297 951 351 öſterreichiſchen Geſetzestexte zu beeinträchtigen.
357 377 953 445 Die Wahlen in Galizien.
215 451 1179 498 37. Myslenice. Endgiltiges Reſultat: Gewählt Andreas
141 490 1178 536 Sredniawski (Volkspartei) mit 5533 und Anton Banas
140 530 1177 575 (Fronde der Volkspartei) mit 3442 von 10.075 giltigen Stimmen.
142 568 1177 616 Als Erſatzmänner wurden gewählt: Für Sredniawski Fryderyk
143 609 947 657 Czepiel und für Banas Johann Modelski.
181 684 1136 751 Die Wahlexzeſſe und Bauernunruhen im
449 749 872 809 Kaluszer Bezirke.
386 807 921 850 (Telegramm der „Neuen Freien Preſſe“.)
774 848 1138 886 Lemberg, 30. Juni.
215 889 1173 941 Die Vermutung, daß die alarmierenden Nachrichten
134 935 1172 986 eines hieſigen Blattes von blutigen Exzeſſen, die im
137 980 1171 1031 Kaluszer Bezirk geſtern vorgekommen ſein ſollen, über⸗
137 1023 1170 1075 trieben waren, hat ſich nunmehr als begründet erwieſen.
135 1067 1171 1121 Wie aus Kalusz telegraphiert wird, iſt es in dieſem
135 1112 1169 1166 Bezirke geſtern überhaupt zu keinem Zuſammenſtoß
135 1157 1171 1212 zwiſchen Bauern und Militär, ſondern nur zu
133 1201 1171 1253 Reibungen zwiſchen Bauern verſchie⸗
138 1247 965 1300 dener Parteirichtungen gekommen.
215 1289 1173 1345 In einigen Dörfern des Kaluszer Bezirkes, den
136 1333 1175 1392 früher zwei Ukrainer, darunter auch der Vizepräſident des
135 1376 1171 1435 Abgeordnetenhauſes Romanczuk, vertreten haben,
135 1420 1173 1477 herrſcht unter den ukrainiſchen Parteigängern eine gewiſſe
136 1463 1173 1525 Mißſtimmung, weil jetzt dort eine ſehr lebhafte und an⸗
137 1509 1173 1568 ſcheinend ausſichtsreiche Agitation zu Gunſten des pol⸗
139 1554 1173 1611 niſchen Demokraten Zaranski, der ſchon in Weſt⸗
139 1599 1172 1658 galizien gewählt iſt, betrieben wird. Die ukrainiſchgeſinnten
140 1642 1173 1701 Bauern ergingen ſich deswegen gegen Andersgeſinnte in
139 1700 357 1743 Drohungen.
215 1728 1165 1788 In der Gemeinde Niegowice haben ſie auch in
139 1773 1173 1831 mehreren von Anhängern der gegneriſchen Partei be⸗
138 1815 1175 1876 wohnten Häuſern die Fenſterſcheiben einge⸗
140 1860 1175 1921 ſchlagen, Zäune und Brunnen zerſtört,
139 1905 1174 1965 einen Teil der Feldſaaten vernichtet und auch ſonſt ver⸗
138 1951 1173 2010 ſchiedene Verherungen angerichtet. Eine größere Aus⸗
140 1996 1172 2055 dehnung haben aber dieſe Krawalle nicht angenommen
140 2045 855 2096 und es wurde auch niemand verwundet.
214 2084 1176 2141 Der Kaluszer Bezirkshauptmann Waydowski iſt
139 2127 1172 2190 in Niegowice eingetroffen und hat auf die erregten Ge⸗
140 2170 1175 2234 müter beruhigend eingewirkt. Zur Aufrechterhaltung der
142 2217 1172 2274 Ruhe und Ordnung wurde eine Militärabteilung nach
142 2265 868 2317 Kalusz und Umgebung abkommandiert.
217 2302 1177 2364 Nach den telegraphiſchen Meldungen, die abends in
141 2348 1176 2408 Lemberg eingelangt ſind, verhält ſich im Kaluszer Bezirk
140 2393 1173 2453 die bäuerliche Bevölkerung bereits vollkommen
138 2448 313 2497 ruhig.
221 2478 1175 2537 „Kurjer Lwowski“ und „Wiek Nowy“ erfahren, daß
141 2522 1177 2582 die Bauernunruhen in mehreren Dorfgemeinden des
142 2568 1176 2626 Kaluszer Bezirkes einen agrariſchen Hinter⸗
144 2611 1176 2672 grund haben und nur teilweiſe mit der Wahlagitation
146 2664 623 2717 im Zuſammenhang ſtehen.
227 2698 1177 2760 „Kurjer Lwowski“ behauptet, daß es dort zwiſchen
144 2742 1178 2803 den rutheniſchen und polniſchen Bauern zu einem Zu⸗
146 2787 1176 2847 ſammenſtoß gekommen ſei. In mehreren Gutshöfen
149 2828 1179 2892 wurden Heuſchober in Brand geſteckt, was als Zeichen
150 2878 909 2935 für den Beginn der Ausſchreitungen galt.
557 2960 770 3020 Inland.
218 3023 1180 3072 Wien, 30. Juni. (Reiſe des ungariſchen
149 3064 1178 3114 Miniſterpräſidenten Grafen Khuen nach
147 3103 1180 3155 Wien.) Die „Budapeſter Korreſpondenz“ meldet: Miniſter⸗
148 3142 1179 3194 präſident Graf Khuen⸗Hedervary wird vor dem Kaiſer
148 3180 1180 3232 in Audienz erſcheinen, um den Monarchen vor deſſen Abreiſe
149 3222 1180 3272 nach Iſchl einen Vortrag über laufende Angelegenheiten zu
149 3260 1181 3310 erſtatten. Da der Miniſterpräſident durch die Appropriations⸗
149 3299 1179 3347 debatte und durch die Beratungen der Ausſchüſſe des Abge⸗
149 3338 1179 3388 ordnetenhauſes an Wochentagen abgehalten iſt, wird er die
148 3374 1179 3429 Reiſe nach Wien Samstag abends in Begleitung ſeines
149 3420 1180 3462 Sekretärs Dr. Stephan v. Barczy antreten, um im
151 3456 1180 3502 Laufe des Sonntags in Audienz zu erſcheinen. An⸗
149 3496 1180 3543 läßlich ſeiner diesmaligen Reiſe nach Wien wird Miniſterpräſi⸗
148 3533 1179 3582 dent Graf Khuen⸗Hedervary auch eine Begegnung mit
149 3575 1178 3620 dem neuernannten öſterreichiſchen Miniſter⸗
147 3615 922 3659 präſidenten Baron Gautſch haben.
224 3684 1182 3727 Wien, 30. Juni. (Freiherr v. Chlumecky für
141 3722 1181 3769 eine Reichspartei.) In der „Oeſterreichiſchen Rund⸗
142 3763 1180 3809 ſchau“ entwickelt Landtagsabgeordneter Freiherr v. Chlu⸗
142 3802 1179 3847 mecky den Gedanken einer Reichspartei, welche die Aufgabe
143 3841 1179 3885 haben ſoll, für die Erhaltung und Stärkung der Einheit der
143 3879 1178 3924 Monarchie zu wirken und ſeparatiſtiſchen Tendenzen entgegenzu⸗
144 3918 1180 3963 treten, Freiherr v. Chlumecky führt aus: Zerſtreut finden ſich
145 3957 1178 4001 hüben und drüben viele Freunde der Einheit der Monarchie.
146 3995 1180 4041 Sie zu einer alle umſchließenden, aus allen Schichten der Be⸗
146 4036 1180 4081 völkerung ſich rekrutierenden Reichspartei zu vereinigen, täte
145 4076 1180 4120 dringend not. Es würde ſich um die Bildung einer politiſchen
144 4112 1183 4159 Organiſation handeln, die ſich nicht auf Oeſter⸗
145 4152 1181 4197 reich allein beſchränkt, ſich vielmehr auch
145 4192 1181 4235 auf Ungarn und die annektierten
146 4231 1181 4273 Provinzen erſtreckt. Denn auch Bosnien und die Herzego⸗
146 4269 1181 4312 wina haben das größte Intereſſe daran, daß die Einheit der
147 4306 1182 4351 Monarchie erhalten und gefeſtigt werde und daß ſie nicht
147 4345 1182 4390 lange mehr den Zankapfel zwiſchen den beiden Reichshälften
146 4384 1182 4427 bilden. Viel Zeit iſt nicht mehr zu verlieren, denn nur eine
146 4423 1181 4466 kurze Friſt trennt uns vom Jahre 1917, bis zu welchem der
147 4461 1180 4506 Ausgleich befriſtet iſt. Und eben dieſe Ausgleichsgeſetze bergen
146 4500 1184 4547 in ſich eine große Gefahr — bieten ſie doch die Möglichkeit
146 4540 1183 4584 der wirtſchaftlichen Trennung Ungarns von Oeſterreich. Dieſe
151 4577 1182 4619 wäre aber der Anfang vom Ende der Monarchie. Denn in
144 4616 1183 4661 dem Augenblicke, wo die wirtſchaftliche Gemeinſamkeit aufhört,
148 4655 1182 4699 endet auch der Zweck aller anderen gemeinſamen Inſtitutionen,
148 4695 1182 4736 die doch ihre lebensfähigſte Wurzel in das Erdreich gemein⸗
148 4733 1183 4777 ſamer wirtſchaftlicher Intereſſen geſenkt haben. Im Jahre 1917
147 4773 1184 4814 wird eine für das Schickſal des Habsburgerreiches unendlich
147 4812 1188 4853 wichtige Frage zu beantworten ſein. Eine glückliche Löſung
146 4850 1185 4891 dieſer Frage vorzubereiten, iſt die Pflicht all jener, die noch
147 4890 1183 4931 der Fahne der Gemeinſamkeit folgen. Darum müßten ſie ſich
148 4930 1184 4969 zuſammentun ohne Rückſicht auf nationale Divergenzen und
147 4967 1184 5009 politiſche Meinungsverſchiedenheiten. Wo die Einheit und die
147 5007 1184 5046 Machtſtellung der Monarchie in Frage kommt, da ſollten die
149 5045 1185 5084 ſonſtigen politiſchen Differenzen zurückſtehen. Im Lager der
149 5084 1186 5125 Reichspartei können ſich alle finden, denn in dieſem Lager
150 5123 891 5165 befände ſich — die Zukunft der Monarchie.
1282 200 2243 244 Wien, 30. Juni. (Die Gemeindewahlen in
1210 240 2243 283 Mödling.) Aus Mödling wird uns berichtet: Morgen
1211 281 2244 322 finden die Gemeindewahlen mit der Abſtimmung des erſten
1207 318 2245 361 Wahlkörpers ihren Abſchluß. Von deutſchfreiheitlicher Seite ſind
1210 358 2244 400 aufgeſtellt: Handelskammerrat Walter Bohmayer, Advokat
1209 396 2246 440 Dr. Karl Walther, Bäckermeiſter Julius Ratz, Fabrikant
1211 435 2244 480 Richard Fiedler, Gaſtwirt Eugen Biegler und Privatier
1211 473 2244 515 Georg Stelzer. Erlangen die Deutſchfreiheitlichen auch die
1212 515 2245 555 ſechs Mandate des erſten Wahlkörpers, ſo ſtellt ſich das Parteien⸗
1212 552 2245 597 verhältnis in der künftigen Gemeindevertretung folgendermaßen:
1214 593 2245 637 25 Deutſchfreiheitliche, drei von beiden Parteien gewählte Ver⸗
1213 630 2245 674 treter und 14 Chriſtlichſoziale, deren Mandate jetzt nicht zur
1212 674 1530 714 Beſetzung gelangten.
1290 740 2243 785 Wien, 30. Juni. (Der Konflikt zwiſchen All⸗
1210 782 2242 826 deutſchen und Deutſchradikalen in Aſch.) Vom
1211 822 2244 864 Alldeutſchen Verein in Aſch geht uns zum Konflikt über die
1209 861 2243 903 Reichsratswahl eine Darſtellung zu, der wir folgendes ent⸗
1208 901 2243 942 nehmen: Am 20. d. fand im Aſcher Wahlkreiſe eine
1208 939 2243 980 Stichwahl ſtatt zwiſchen dem ſozialdemokratiſchen und dem deutſch⸗
1208 978 2242 1022 radikalen Reichsratswerber. Dieſe hat zu Uugunſten des letzteren
1209 1017 2241 1061 entſchieden. Entgegen den nach der Wahl aufgetauchten und ver⸗
1208 1057 2241 1100 ſchiedentlich auch in der Preſſe wiedergegebenen Gerüchten von
1208 1095 2244 1138 einem Kompromiß zwiſchen Sozialdemokraten und Alldeutſchen
1208 1131 2244 1178 bezüglich des Aſcher Mandats ſei folgendes feſtgeſtellt: 1. Es iſt
1208 1175 2244 1213 weder von den Sozialdemokraten noch von den Alldeutſchen auch
1210 1212 2244 1254 nur der Verſuch eines ſolchen Kompromiſſes angebahnt worden,
1206 1251 2243 1293 ja im Gegenteile, die Leitung der alldeutſchen Partei im Aſcher
1207 1289 2243 1335 Bezirke hätte ſich mit Entſchiedenheit gegen eine ſolche Verein⸗
1208 1331 2245 1371 barung, wäre ſie von welcher Seite immer angeregt worden, ge⸗
1210 1366 2244 1411 wehrt und ſelbe verworfen. Inzwiſchen hat auch die ſozial⸗
1207 1407 2245 1447 demokratiſche Partei in ihrem weſtböhmiſchen Organ erklärt,
1208 1446 2242 1488 daß ein Kompromiß zwiſchen Alldeutſchen und Sozialdemokraten
1210 1484 2241 1527 abſolut nicht vorhanden geweſen ſei, ihr Eintreten für die all⸗
1209 1522 2238 1569 deutſchen Bewerber ſich lediglich auf den Wiener Parteihaupt⸗
1208 1563 2242 1606 beſchluß, oppoſitionelle Bewerber gegenüber anderen bürgerlichen
1208 1602 2241 1644 Parteien zu unterſtützen, zurückführen laſſe. Eine Gegen⸗
1209 1640 2243 1684 leiſtung ſei nicht verlangt worden. 2. Wenn die Wahl in Aſch
1211 1679 2243 1723 gleichwohl ungünſtig für den deutſchradikalen Bewerber ausfiel,
1210 1718 2244 1762 ſo iſt das lediglich auf die freie Willensäußerung der alldeutſchen
1209 1758 2243 1799 Wählerſchaft zurückzuführen, hervorgerufen durch die jahrelang
1208 1796 2242 1840 geübte Brüskierungspolitik der gegneriſchen deutſchen Partei.
1209 1837 2244 1877 Dieſe Willensäußerung iſt alſo auch nicht eine Folge der von
1210 1875 2244 1915 den alldeutſchen Führern beim Aſcher Bürgermeiſteramte abge⸗
1210 1914 2244 1956 gebenen Erklärung, nach welcher der alldeutſchen Wählerſchaft die
1211 1952 2246 1994 Wahl freigegeben wird, ſondern es iſt umgekehrt dieſe Erklärung
1211 1991 2244 2033 nur das Produkt der Stimmung in der alldeutſchen Wählerſchaft.
1209 2029 2245 2073 Die alldeutſche Wählerſchaft hätte auch ohne dieſe Erklärung
1209 2069 2244 2114 ihren Willen frei kundgetan. Nun' aber werden die alldeutſchen
1210 2109 2247 2153 Führer überall als „Volksverräter“ ausgeſchrieen, in demſelben
1208 2150 2243 2193 Maße, wie ſie ſicher „Wortbrüchige“ genannt würden, wenn ſie
1210 2187 2241 2231 in einer andersgearteten Erklärung für den deutſchradikalen Be⸗
1211 2225 2242 2269 werber eingetreten und von der ihnen unterſtehenden Wähler⸗
1211 2264 2242 2308 ſchaft wären im Stiche gelaſſen worden. Solche Früchte hat der
1212 2302 2241 2344 ſeit Jahren geführte Vernichtungskampf der nur um weniges
1212 2341 2244 2386 ſtärkeren Partei der Deutſchradikalen gegen die alldeutſche Minori⸗
1212 2385 1412 2426 tät gezeitigt.
1284 2449 2247 2496 Wien, 30. Juni. (Ein Erfolg der Deutſchen
1215 2493 2246 2538 in Pilſen.) Die Deutſchen Pilſens, die bereits ſeit zwanzig
1215 2534 2246 2578 Jahren den Reichsrats⸗ und Landtagswahlen ferngeblieben waren,
1215 2574 2246 2617 folgten heuer einem Anrufe des deutſchen Ortsrates und ſtellten
1215 2613 2248 2657 in der Perſon des Fabrikanten Franz Schertler, des Führers
1215 2651 2247 2695 der deutſchen Kammerminorität, einen gemeinſamen Zähl⸗
1215 2690 2248 2734 kandidaten auf. Dank der regen Tätigkeit des Wahlausſchuſſes
1215 2728 2246 2771 und der Parteitreue der deutſchen Wählerſchaft wurde auch ein
1215 2768 2246 2814 kaum gehoffter Erfolg errungen. Im erſten Wahlbezirk Pilſen
1216 2806 2245 2850 wurden auf Schertler 1140 von 7362 Stimmen oder
1216 2843 2244 2890 15·5 Prozent konzentriert, während auf den gewählten Profeſſor
1217 2883 2243 2929 Lukawsky 3909 Stimmen entfielen. Im zweiten Wahlkreis
1216 2922 2241 2968 Pilſen (Vorſtädte), der faſt ausſchließlich czechiſch iſt, entfielen
1216 2962 2241 3004 273 Stimmen auf Schertler; hier wurde nur durch dieſe
1217 2999 2244 3045 Stimmen die Stichwahl zwiſchen dem Radikalnationalen Fresl
1216 3037 2242 3085 und dem Sozialdemokraten Dr. Soukup herbeigeführt. Dieſe
1218 3077 2242 3124 Konzentration von 1413 Stimmen auf den deutſchen Kandidaten
1218 3117 2245 3161 hat bei den Czechen ebenſo tiefen Eindruck hervorgerufen, wie ſie
1216 3158 2245 3201 die Deutſchen mit neuem Mute beſeelt. Das Märchen vom
1219 3195 2244 3242 czechiſchen Pilſen iſt zerſtört und ſoll es auch bleiben, denn
1220 3233 2243 3280 nunmehr ſteht der Entſchluß feſt, bei allen politiſchen Wahlen
1220 3273 2246 3323 einzugreifen. Die 11 ½ Prozent der Geſamtbevölkerung ſtarke
1218 3310 2244 3360 deutſche Minderheit, die hier große wirtſchaftliche und kulturelle
1220 3349 2247 3396 Werte zu ſchützen hat, iſt nunmehr organiſiert und gewillt, ſich
1218 3391 2247 3435 bei jeder Gelegenheit als ein Faktor, den man nicht überſehen
1218 3432 1863 3474 kann und darf, zur Geltung zu bringen.
1286 3506 2249 3554 Wien, 30. Juni. (Reiſe des Ackerbau⸗
1218 3550 2247 3596 miniſters nach Olmütz.) Ackerbauminiſter Freiherr von
1220 3592 2245 3632 Widmann traf heute um ¼ 12 Uhr vormittags in Olmütz
1220 3629 2248 3675 ein. Zum Empfang im Bahnhofe waren der Statthalter von
1220 3667 2247 3713 Mähren Dr. Freiherr v. Heinold, der Leiter der Bezirks⸗
1219 3706 2246 3753 hauptmannſchaft in Olmütz Statthaltereirat Gaſtheimb,
1220 3746 2247 3791 Gemeinderat Mader und die Vertreter der Gemeinde Hodo⸗
1217 3784 2246 3829 lein erſchienen. Der Miniſter begab ſich hierauſ zur feierlichen
1216 3821 2246 3868 Eröffnung der Landespferdeausſtellung, die durch den Präſi⸗
1219 3862 2246 3904 denten des mähriſchen Landeskulturrates Dr. Jaroslav Graf
1219 3899 2244 3946 Thun⸗Hohenſtein vorgenommen wurde und wobei
1219 3941 2244 3986 der Vizebürgermeiſter der Stadt Olmütz Söhner die Be⸗
1216 3980 2248 4024 grüßungsanſprache hielt. Der Eröffnungsfeier der Ausſtellung,
1216 4019 2246 4064 die ſehr reich beſchickt iſt, wohnten ſämtliche Großgrundbeſitzer
1218 4058 2245 4102 und zahlreiche Landwirte Mährens bei. Der Miniſter machte
1218 4098 2244 4141 ſodann einen Rundgang durch die Stallungen der ausgeſtellten
1219 4138 2244 4180 Pferde, worauf eine Vorführung des Pferdematerials folgte.
1217 4176 2245 4216 Nachmittags ſtatteten der Ackerbauminiſter und der Statthalter
1216 4214 2243 4253 dem Fürſterzbiſchof von Olmütz Dr. Bauer einen Beſuch
1217 4256 2241 4296 ab und begaben ſich hierauf im Automobil nach Weſſelicko
1217 4293 2244 4333 zum Grafen Podſtatzky⸗Lichtenſtein. Gegen 6 Uhr
1219 4330 2246 4374 abends erfolgte die Rückreiſe des Ackerbauminiſters nach Wien.
1286 4406 2249 4448 Wien, 30. Juni. (Die erſte Bezirksſchul⸗
1215 4448 2249 4489 rätin.) Von geſchätzter Seite wird uns geſchrieben: Zum
1213 4490 2249 4529 erſtenmal iſt eine Frau in den Wiener Bezirksſchulrat gewählt
1217 4529 2248 4568 worden, und es iſt gewiß nicht ohne Intereſſe, näheres über
1218 4568 2248 4607 die Gewählte zu erfahren. Die von ihren Kollegen und
1217 4605 2247 4648 Kolleginnen entſandte Lehrerin iſt in Fach⸗ wie in politiſchen
1218 4645 2247 4687 Kreiſen keine Unbekannte; ſie hat bereits längſt dargetan, daß
1218 4686 2246 4727 ſie in allen Schul⸗, Lehrer⸗ und politiſchen Fragen mit dem
1218 4727 2246 4765 Fortſchritt geht. Fräulein Stephanie v. Nauheimer iſt
1219 4763 2245 4804 die Tochter eines hohen öſterreichiſchen Offiziers und hat als
1219 4801 2244 4845 echtes Soldatenkind die Schulen der verſchiedenſten Provinz⸗
1219 4843 2245 4884 ſtädte beſucht. Ihre Ausbildung zur Lehrerin hat ſie an der
1218 4883 2248 4923 kaiſerlichen Staatsbildungsanſtalt in Wien, 1. Bezirk, Hegel⸗
1220 4922 2247 4962 gaſſe 14, ihre politiſche Schulung im Zentrallehrerverein em⸗
1217 4960 2249 5002 pfangen, in deſſen Ausſchuß ſie ſich durch elf Jahre lebhaft
1221 5000 2248 5038 betätigte. In Wort und Schrift iſt ſie für die Gleichberechti⸗
1219 5041 2248 5081 gung der Frau im Lehrſtande und gegen das Zölibat der
1221 5078 2247 5118 Lehrerin eingetreten. Daß eine ſo fortſchrittlich geſinnte Per⸗
1218 5118 2246 5158 ſönlichkeit auch an den allgemeinen Beſtrebungen der Frauen⸗
2275 188 3310 239 bewegung aktiven Anteil nimmt, iſt ſelbſtverſtändlich. Fräu⸗
2275 236 3312 278 lein v. Nauheimer war im Ausſchuſſe des Allgemeinen öſter⸗
2277 276 3312 318 reichiſchen Frauenvereines und hat ſpäter als Mitglied der
2278 315 3312 359 Rechtskommiſſion des Bundes öſterreichiſcher Frauenvereine an
2278 354 3311 398 den bekanntlich ſehr beachtenswerten Vorſchlägen mitgearbeitet,
2279 395 3312 437 die der Bund zur Reform des Bürgerlichen Geſetzbuches er⸗
2278 432 3311 476 ſtattet hat. Als Mitbegründerin des Wiener Frauenſtimmrechts⸗
2277 475 3309 517 komitees ſetzt ſie ſich für das politiſche Vereinsrecht der Frau
2278 515 3310 557 ein, das in Oeſterreich noch geſchaffen werden muß, da der
2279 553 3309 596 § 30 des beſtehenden Vereinsgeſetzes Frauen und Minder⸗
2277 592 3308 637 jährigen die Teilnahme an politiſchen Vereinen unterſagt. Sie
2278 633 3309 675 hat auf dieſem Gebiete viel Aufklärungsarbeit geleiſtet und in
2277 671 3309 715 mancher begeiſterten Rede den innigen Zuſammenhang der
2276 709 3310 755 Politik mit den Intereſſen der Frau — als Hausfrau, Gattin,
2278 751 3310 794 Mutter und berufliche Tätigkeit — dargetan. Wer Fräulein von
2275 790 3311 835 Nauheimer in Verſammlungen ſprechen oder einer ſolchen mit
2277 828 3310 874 Ruhe, Energie und Gewandtheit präſidieren geſehen hat,
2278 870 3311 913 mußte den Eindruck bekommen, daß er hier einer in ſich ge⸗
2278 907 3309 953 feſtigten, von freiheitlichen Ideen erfüllten Perſönlichkeit gegen⸗
2277 945 3310 992 überſtehe. Ihre Kandidatur für den Bezirksſchulrat hat der
2276 988 3308 1029 Verein der Lehrerinnen und Erzieherinnen aufgeſtellt, in deſſen
2275 1025 3310 1070 Leitung ſie iſt. Die Qualitäten der erſten Bezirksſchulrätin
2278 1064 3308 1111 als Lehrerin beleuchtet am beſten die Tatſache, daß ſie, ſeit
2277 1103 3307 1152 24 Jahren in ſtädtiſchen Dienſten, und zwar an exponierten
2277 1144 3307 1190 Schulen (Meidling, Rudolfsheim) wirkend, trotz ihrer ſtets
2277 1183 3307 1228 unverhüllt zur Schau getragenen Geſinnung, ihrer hervor⸗
2278 1221 3307 1269 ragenden agitatoriſchen Tätigkeit ſelbſt unter dem Regime der
2278 1261 3273 1307 chriſtlichſozialen Machthaber nie einen Anſtand hatte. R. M.
2358 1334 3311 1378 Haag (Niederöſterreich), 30. Juni. [Orig.⸗Korr.]
2277 1372 3310 1417 (Von der Roſegger⸗Stiftung.) Der Sängergauverband
2279 1413 3311 1456 „Oſtmark“ hat auf dem am 25. d. in Haag abgehaltenen Gau⸗
2278 1449 3311 1497 tage einſtimmig beſchloſſen, zur Roſegger⸗Stiftung einen zweiten
2278 1490 3314 1537 Bauſtein zu zeichnen. Der erſte wurde anläßlich des vor zwei
2281 1527 3314 1575 Jahren in Amſtetten ſtattgehabten Gautages über Antrag des
2274 1566 3314 1613 Männergeſangvereines „Liedertafel“ Haag (Niederöſterreich) ge⸗
2274 1608 3312 1651 zeichnet und konnte ſchon im Oktober des Vorjahres an die
2275 1646 3249 1695 Hauptleitung des Deutſchen Schulvereines abgeführt werden.
2350 1716 3313 1766 Graz, 30. Juni. [Orig.⸗Telegr.] (Ankauf der
2278 1758 3313 1806 Grazer Waſſerwerke durch die Gemeinde.)
2279 1795 3313 1845 Der Gemeinderat von Graz hat heute in vertraulicher Sitzung
2276 1835 3315 1884 über den Antrag des Bürgermeiſterſtellvertreters Habiſch
2278 1875 3314 1922 beſchloſſen, den Vertrag wegen Ankauf des Grazer
2277 1916 3313 1961 Waſſerwerkes mit der Grazer Waſſerverſorgungsgeſell⸗
2276 1956 3313 2003 ſchaft, deren Präſident Herr Oskar v. Pongracz in Wien
2279 1994 3315 2043 iſt, abzuſchließen. Mit dieſem Beſchluß geht das Waſſerwerk
2276 2034 3312 2083 um den Betrag von rund 6 ¼ Millionen Kronen ohne Hinzu⸗
2279 2073 3312 2121 rechnung der Liquidationsgebühren in das Eigentum der
2278 2115 2714 2157 Stadtgemeinde Graz über.
2352 2184 3317 2231 Budapeſt, 30. Juni. [Telegr.] (Abgeordneten⸗
2276 2223 3313 2273 haus.) In Fortſetzung der Appropriationsdebatte erklärt
2277 2268 3314 2312 Abgeordneter Ludwig Hollo (Juſth⸗Partei), er bedauere,
2278 2306 3312 2350 daß die trialiſtiſchen und andere gegen Ungarn gerichteten
2275 2345 3312 2387 ſtaatsrechtlichen Tendenzen bei den Kroaten eine Stütze finden.
2275 2386 3310 2426 Er erörtert ſodann die Gründe ſeines Mißtrauens zur Re⸗
2277 2424 3310 2465 gierung, kritiſiert ihre kulturelle und wirtſchaftliche Tätigkeit.
2277 2464 3309 2502 bemängelt ihre Steuerpolitik, welche die breiten Schichten der
2275 2503 3310 2545 Bevölkerung belaſte, ſowie die anderweitige politiſche Tätigkeit
2277 2543 3309 2584 des Kabinetts und betont, die dringendſte Aufgabe des
2278 2583 3308 2624 Landes bilde jetzt eine parlamentariſche Reform. Redner
2275 2622 3307 2662 nimmt hierauf gegen die Wehrreformvorlagen Stellung, die ein
2277 2661 3310 2701 Ueberhandnehmen des Militarismus zum Schaden der kultu⸗
2276 2700 3309 2740 rellen Entwicklung Ungarns bedeuten. Er unterbreitet einen
2276 2738 3309 2779 Beſchlußantrag, wonach die Regierung vor Be⸗
2277 2779 3309 2819 ratung der Wehrvorlagen eine Wahlreform⸗
2276 2818 3309 2856 vorlage unterbreiten und verhandeln laſſen ſoll, durch
2276 2855 3308 2896 welche das allgemeine Wahlrecht geſchaffen wird. (Beifall
2276 2896 2386 2935 links.)
2345 2931 2963 2974 Die Verhandlung wird abgebrochen.
2346 2973 3315 3014 Bei Feſtſtellung der Tagesordnung der morgigen Sitzung
2276 3013 3317 3055 beantragt Abg. Deſider Polonyi (Juſth⸗Partei) die Kon⸗
2278 3053 3316 3092 ſtatierung der Beſchlußfähigkeit. Die Aus⸗
2278 3092 3315 3136 zählung des Hauſes ergibt die Anweſenheit von 73. Abge⸗
2279 3132 3116 3172 ordneten. Das Haus iſt daher nicht beſchlußfähig.
2340 3171 3315 3209 Der Präſident ſuspendiert die Sitzung auf 10 Minuten.
2342 3209 3316 3249 Nach Wiederaufnahme der Sitzung verzichtet Abgeordneter
2274 3249 3157 3288 Polonyi auf die Konſtatierung der Beſchlußfähigkeit.
2349 3287 3315 3330 Nächſte Sitzung morgen. Tagesordnung: Fortſetzung der
2279 3331 2427 3371 heutigen.
2674 3396 2909 3453 Ausland.
2356 3462 3314 3510 Wien, 30. Juni. (Zur Tagesgeſchichte.)
2280 3505 3314 3552 Aus Eſſen a. d. R. wird uns, berichtet: Der Ausſchuß
2280 3549 3314 3597 der niederrheiniſch⸗weſtfäliſchen Bezirks⸗
2281 3592 3313 3643 gruppe des Hanſabundes beſchäftigte ſich heute mit der
2282 3634 3313 3684 Situation aus Anlaß des Austrittes des Landrates
2281 3677 3311 3726 Rötger vom Hanſabunde. Die verſammelten Delegierten
2282 3722 3311 3771 beſchloſſen, weil ihnen die Politik des jetzigen Hanſa⸗
2282 3764 3310 3814 bundes zu einſeitig liberal erſchien, mit 47 von 56 Stimmen
2281 3807 3310 3856 die Gründung einer ſelbſtändigen Organi⸗
2282 3850 3310 3900 ſation. Damit iſt der Austritt der rechtsſtehenden
2282 3898 2873 3943 Gruppe des Hanſabundes erfolgt.
2359 3936 3317 3988 Präſident Taft hat Befehl gegeben, daß vier
2280 3980 3317 4032 Regimenter der Manöverdiviſion in Texas, die jetzt in
2281 4025 3313 4072 San Antonio ſind, zurückgezogen werden.
2280 4067 3315 4116 Verſchiedene Regimenter werden wahrſcheinlich den ganzen
2281 4115 2854 4160 Sommer über in Texas bleiben.
2396 4189 3196 4254 Mitteilungen aus dem Publikum.
2363 4274 3318 4321 Die geehrten Einſender werden erſucht, Briefe, Bei⸗
2279 4318 3314 4360 träge und Bücher, die für unſer Blatt beſtimmt ſind, nicht
2281 4361 3317 4404 an eine einzelne Perſon, ſondern an die Redaktion der
2282 4407 2947 4447 Neuen Freien Preſſe“ zu adreſſieren.
2608 4479 2980 4520 Erſtes Verzeichnis
2283 4528 3314 4568 der beim Galiziſchen Hilfsverein, 9. Bezirk, Berggaſſe 4,
2284 4564 3321 4599 eingelangten Spenden für die Opfer der Drohobyezer Ereigniſſe.
2361 4597 3314 4635 Aus Wien: Herr und Frau Alexander Schorr 1000 K. vier⸗
2280 4632 3316 4671 prozentige ungariſche Kronenrente ſamt laufenden Zinſen, Friedrich
2281 4667 3315 4705 Nadler 10 K., k. und k. Oberſtlieutenant i. R. Huſſerl 5 K., Reichs⸗
2281 4700 3314 4739 ratsabgeordneter Nikolaj Ritter v. Waſſilko 100 K., Sammlung des
2282 4735 3315 4773 Vorſtandes des humanitären Vereines zur Unterſtützung jüdiſcher
2283 4769 3316 4806 Kurbedürftiger in Wien durch Herrn Dr. Iſidor J. Braun 14 K.,
2283 4806 3313 4842 Dr. Albert Rachmil 5 K., Albert Winterberg 20 K., Regine Winter⸗
2284 4839 3313 4876 berg 10 K., Jakob Kann 20 K., Guſtav Brüll 5 K., Oberinſpektor
2282 4874 3315 4911 Theodor Sachſel 5 K., Joſef Silberſtein 30 K., Ludwig Bauer
2282 4910 3314 4944 20 K., kaiſerlicher Rat Alois Lemberger 200 K., kaiſerlicher Rat,
2282 4942 3315 4982 Wilhelm Anninger 150 K., Moritz Zweig 100 K., Siegfried Karpeles
2282 4979 3314 5016 10 K., Sammlung des Herrn Siegfried Karpeles: Jacques Schick
2282 5015 3313 5050 5 K., Adolf Fried 5 K., Richard Krall 5 K., H. Kohorn 2 K.,
2283 5050 3313 5085 M. Sonnenſchein 3 K., Leopold Singer 10 K.; Kaufmann & Schloß
2282 5085 3313 5119 30 K., Adolf Freiwillig 20 K., Anna Weſchler 2 K. 2 H., Th. E.
2284 5119 3315 5158 10 K., Dr. Bernhard Singer 10 K., Johann Schindler 10 K., Emil
