3346 5257
80 112 270 161 Nr. 3184
835 101 1115 149 Wien, Samstag
1391 94 1970 149 Neue Freie Presse.
2198 92 2442 136 5. Juli 1873
3047 93 3189 133 Seite 5
47 183 1081 236 keineswegs theilt. Zwar läßt ſich nicht leugnen, daß dabei, wie
52 223 1081 272 ich früher einmal auszuführen Gelegenheit hatte, mitunter Beweg⸗
51 261 1081 310 gründe mitſpielen, die der Sache ſelbſt ganz fern ſtehen; daß zum
50 300 1081 348 Beiſpiel Graf Schuwaloff, wenn es gerade ſonſt nichts zu thun
52 338 1087 387 gibt für ſeine Gendarmen, nicht verſchmäht, aus einer ganz harm⸗
52 376 1082 424 loſen Arbeitseinſtellung eine große Angelegenheit zu machen. Allein
53 416 1082 461 daraus allein läßt ſich die Aufmerkſamkeit doch nicht erklären,
49 452 1083 500 mit welcher die Regierung jedes Symptom auf dieſem Gebiete
54 492 1083 537 verfolgt. Sie weiß natürlich recht gut, daß bei dem äußerſt zurück⸗
52 530 1086 577 gebliebenen Bildungsſtande der ruſſiſchen Arbeiter eine Entwick⸗
53 568 1082 615 lung ſocial⸗demokratiſcher Grundſätze, wie ſie die „Internationale“
57 603 1086 655 vertritt, nicht in zu naher Zukunft noch zu befürchten ſteht; gleich⸗
57 645 1083 693 wol fürchtet ſie, und nicht mit Unrecht, daß der ſtark ſocialiſtiſche
53 684 1087 736 Zug, der dem Ruſſen von Natur innewohnt und in der Erhal⸗
55 723 1083 772 tung des Gemeindebeſitzes, wie in dem eigenthümlich organiſirten
55 758 1086 810 Genoſſenſchaftsweſen (Artulj) höchſt bezeichnend zu Tage tritt, die
54 796 1085 848 Arbeiterfrage bei uns früher zu einer brennenden machen könnte, als
54 838 1083 885 bei anderer Anlage des Volkscharakters zu erwarten ſtünde. Und
56 873 1089 925 es fehlt nicht an Anzeichen, daß die Entwicklung der Idee auf
57 915 1089 963 dieſem Gebiete der allgemeinen Bildung in der That vorauseilen
56 953 1085 1002 will. Die erſte größere Arbeitseinſtellung auf ruſſiſchem Gebiete
57 991 1088 1041 fand im vorigen Herbſte in der Baumwollenſpinnerei zu Krähn⸗
56 1030 1092 1085 holm bei Narva ſtatt. Da ſie mit ziemlich erheblichen Unord⸗
56 1069 1085 1119 nungen verbunden war, ſo fehlte es nicht an dem gewünſchten
56 1107 1089 1155 Vorwande, Strenge zu entwickeln. Fünfunddreißig der Schuldi⸗
60 1146 1085 1195 gen wurden theils zu lebenslänglicher, theils zu zeitweiliger Ver⸗
61 1183 1085 1233 bannung nach entfernten Gegenden von Oſtſibirien verurtheilt.
58 1222 1087 1271 In Petersburg beruhigte man ſich erſt wieder, als die gerichtliche
58 1262 1092 1309 Unterſuchung nicht den geringſten unmittelbaren Zuſammenhang
57 1299 1092 1347 mit der weſteuropäiſchen Arbeiterbewegung entdecken konnte, viel⸗
56 1337 1091 1388 mehr überzeugend dargethan wurde, daß lediglich ſchlechte Behand⸗
59 1377 1091 1426 lung von Seite des Fabriks⸗Directors an dem Tumulte ſchuld
59 1415 1091 1468 geweſen war. Ein ſchöner Troſt! Als ob „ſchlechte Behandlung“
58 1454 1095 1502 nicht überall in der Welt eine der weſentlichſten Vorausſetzungen
62 1493 1090 1541 für die Entwicklung ſocialiſtiſcher Grundſätze geweſen wäre! Zu⸗
59 1529 1090 1581 nächſt hat ſie eine Wiederholung der Krähnholmer Vorgänge in
63 1569 1091 1618 weit erheblicherem Umfange und ohne gewaltthätige Auftritte zur
60 1609 1091 1657 Folge gehabt, diesmal nicht in einer Fabrik, ſondern unter Eiſen⸗
63 1647 1091 1693 bahn⸗Arbeitern. Ich habe Ihnen ſchon früher einmal die Härte
61 1684 1098 1733 und Gewiſſenloſigkeit geſchildert, mit welcher unſere Bau⸗Unter⸗
58 1725 1096 1772 nehmer ihre Leute zu behandeln pflegen. Beſonders arg iſt es
58 1764 1096 1810 beim Baue der Sebaſtopol⸗Loſower Bahn hergegangen. Hier wur⸗
62 1799 1097 1852 den die Arbeiter genöthigt, auf weiten Sumpfwieſen, die zeitweiſe
60 1841 1098 1886 unter Waſſer ſtehen, in elenden Holzbaraken ohne Heizvorrichtung
66 1877 1095 1927 zu wohnen bei einer Winterkälte von 14—15 Grad Réaumur
64 1916 1099 1963 und bei einer Nahrung, die ſelbſt für den nicht verwöhnten Gau⸗
63 1956 1094 2001 men eines ruſſiſchen Bauers ungenießbar iſt; dabei wurde ihnen,
62 1995 1101 2041 wie gewöhnlich, ihr Lohn unter allerlei Vorwänden entweder ganz
65 2033 1100 2080 vorenthalten oder doch nach Willkür gekürzt. Endlich, als die Sumpf⸗
65 2072 1096 2118 fieber binnen kurzer Zeit über 500 Mann hingerafft hatten, forderte
64 2111 1095 2155 ein Theil der Ueberlebenden, gegen 1000 Mann, ihre Päſſe und verließ,
67 2148 1101 2194 als ſie ihnen verweigert wurden, die Arbeit, um nach Hauſe zu⸗
66 2186 1100 2232 rückzukehren. Die Bau⸗Unternehmer klagten wegen angeblich an
63 2223 1102 2273 ihnen verübter Diebſtähle und die Arbeiter wurden in Ketten auf
68 2261 1101 2306 eine Entfernung von 1000 Werſten zurückgeſchleppt, darunter eine
63 2298 1103 2346 Menge Leute, die nie an der Eiſenbahn gearbeitet hatten und
72 2333 1097 2384 „irrthümlich“ verhaftet waren. Vor Gericht ſtellte ſich indeſſen
69 2372 1103 2422 heraus, daß die Leute ganz unſchuldig waren. Sie wurden frei⸗
68 2413 1099 2461 gelaſſen, befanden ſich nun aber, von allen Mitteln entblößt, wie
67 2453 1099 2504 ſie waren, erſt recht in Abhängigkeit von den Unternehmern, die
67 2493 1102 2538 denn auch das alte Spiel ungeſcheut ſo lange forttrieben, bis
71 2531 1106 2578 endlich eine neue, noch großartigere Arbeitseinſtellung ausbrach;
73 2571 1102 2618 aber dieſelbe verlief ebenfalls ohne alle Gewaltthätigkeiten und bot
64 2610 1104 2655 den Behörden daher umſoweniger Gelegenheit zum Einſchreiten,
70 2647 1105 2693 als es ſich um Tauſende von Arbeitern handelte, die man doch
69 2684 1106 2729 nicht alle beſtrafen konnte. Man wählte alſo diesmal den Weg
69 2720 1102 2770 friedlicher Vermittelung, und bei der mißlichen Lage der Arbeiter
69 2757 1102 2802 würde man dieſelben auch leicht zu einer Wiederaufnahme ihrer
72 2795 1106 2841 Thätigkeit bewegen können, wenn nicht immer wieder die Ge⸗
73 2834 1107 2881 wiſſenloſigkeit und Habgier der Unternehmer den neugeſchloſſenen
74 2875 1103 2921 Frieden aufs neue gefährdete. So ſind mehrere Wochen über
73 2916 1102 2961 mehr oder minder gelungenen Verſöhnungsverſuchen vergangen.
75 2955 1107 3003 Neuerdings ſcheint ein Theil der Arbeiter wieder in Thätigkeit
75 2995 1107 3038 getreten zu ſein, ohne daß die Kriſis deßhalb ſchon ihr Ende erreicht
77 3035 1108 3078 haben dürfte. Immerhin haben die Arbeiter die Erfahrung ge⸗
76 3073 1105 3116 macht, daß ſie ſelbſt in Rußland eine gewiſſe Macht bedeuten,
77 3110 1111 3155 ſobald ſie zuſammenhalten und ſich zu keiner Verletzung der ſtaat⸗
76 3149 1110 3194 lichen Ordnung hinreißen laſſen. Das iſt es, was dieſer Arbeits⸗
78 3188 1112 3232 einſtellung bei uns eine principielle Bedeutung gibt, die derartige
77 3225 1114 3273 Vorgänge anderweitig längſt nicht mehr in Anſpruch nehmen dür⸗
77 3265 1113 3312 fen. Auch in Rußland iſt der verhängnißvolle erſte Schritt auf
78 3304 1108 3348 der Bahn der Arbeiterbewegung nun geſchehen. Die weitere
79 3342 1109 3391 Entwicklung mag langſam ſein, aber ſie läßt ſich nicht mehr
71 3391 236 3429 aufhalten.
194 3453 1001 3518 Mittheilungen aus dem Publicum.
70 3540 1118 3599 Allen Kranken Kraft und Geſundheit ohne
278 3594 911 3652 Medicin und ohne Koſten.
80 3646 764 3833 REVALESCIÈRE
773 3668 1117 3757 Du Barry
790 3759 1104 3825 aus London.
164 3833 1119 3876 Keine Krankheit vermag der delicaten Revalescière Du Barry
77 3869 1122 3911 zu widerſtehen, und beſeitigt dieſelbe ohne Medicin und ohne Koſten
80 3906 1126 3945 alle Magen⸗, Nerven⸗, Bruſt⸗, Lungen⸗, Leber⸗, Drüſen⸗, Schleim⸗
82 3940 1121 3978 haut⸗, Athem⸗, Blaſen⸗ und Nierenleiden, Tuberculoſe, Schwindſucht,
82 3974 1121 4013 Aſthma, Huſten, Unverdaulichkeit, Verſtopfung, Diarrhöen, Schlaf⸗
81 4009 1122 4045 loſigkeit, Schwäche, Hämorrhoiden, Waſſerſucht, Fieber, Schwindel,
84 4042 1125 4082 Blutaufſteigen, Ohrenbrauſen, Uebelkeit und Erbrechen ſelbſt während
80 4078 1126 4115 der Schwangerſchaft, Diabetes, Melancholie, Abmagerung, Rheuma⸗
81 4114 1124 4150 tismus, Gicht, Bleichſucht. — Auszüge aus 75,000 Certificaten vom
82 4145 1124 4183 königlichen Medicinalrath Dr. Angelſtein, Berlin; Profeſſor Dr.
80 4177 1125 4217 Rud. Wurzer, Bonn; den Doctoren Ure, Campbell, Thoveland ꝛc.,
86 4213 1129 4255 über Geneſungen, die aller Medicin widerſtanden, werden auf Ver⸗
90 4247 483 4287 langen franco eingeſendet.
172 4281 1125 4322 Nahrhafter als Fleiſch, erſpart die Revalescière bei Erwachſenen
92 4313 837 4358 und Kindern fünfzigmal ihren Preis in Arzneien.
174 4345 1120 4394 In Blechbüchſen von ½ Pfund fl. 1.50, 1 Pfund fl. 2.50,
91 4381 1128 4428 2 Pfund fl. 4.50, 5 Pfund 10 fl., 12 Pfund 20 fl., 24 Pfund 36 fl.
92 4416 1133 4459 — Revalescière-Biscuiten in Büchſen à fl. 2.50 und fl. 4.50. —
90 4446 1121 4492 Revalescière Chocolatée in Pulver und in Tabletten für 12 Taſſen
86 4481 1131 4529 fl. 1.50, 24 Taſſen fl. 2.50, 48 Taſſen fl. 4.50, in Pulver für 120
88 4514 1131 4563 Taſſen fl. 10, für 288 Taſſen fl. 20, für 576 Taſſen fl. 36. — Zu
87 4548 1133 4597 beziehen durch Barry du Barry & Comp. in Wien, Wallſiſch⸗
88 4583 1134 4632 gaſſe Nr. 8, ſowie in allen Städten bei Du Barry's Agenten;
92 4620 768 4667 auch gegen Poſtanweiſung oder Nachnahme.
203 4690 1019 4766 Fremden,
84 4762 1134 4808 die Wien zur Weltausſtellung beſuchen und
88 4795 1136 4842 Einkäufe in Gold- und Silber-Uhren und
87 4832 1136 4876 Goldketten zu machen gedenken, empfehlen
93 4863 1134 4909 wir das Lager des Uhren⸗Fabrikanten Herrn
89 4898 1136 4948 Philipp Fromm, Rothenthurmſtraße Nr. 9
326 4934 889 4982 (gegenüber der Wollzeile).
91 4974 1131 5020 ☛ Preise die billigsten am Platze. ☚
127 5018 1103 5063 Man merke genau auf Nummer und Namen.
1206 176 2156 218 Als eine Miniatur⸗Ausſtellung, wo die beſten Erzeugniſſe aller
1117 213 2160 254 Länder in Einem Raume vereinigt ſind, können wir getroſt die
1121 247 2157 286 Neumann'ſche Galanteriewaaren⸗Handlung, Fleiſch⸗
1119 280 2163 322 markt 17, allen P. T. Fremden empfehlen. Entrée iſt frei; ob
1121 317 2161 356 jedoch die Beſucher der Lockung, praktiſche und elegante Ausſtellungs⸗
1121 349 2161 389 Souvenirs einzukaufen, widerſtehen werden, garantiren wir nicht.
1121 382 2158 422 Wenn man echte Juchten⸗Albums, Portemonnaies, Brief⸗, Cigarren⸗
1121 415 2160 458 und Handtaſchen, echte Korallen, Granaten und Filigran⸗Schmuck⸗
1118 451 2164 491 ſachen ſo unglaublich billig findet, als in dieſer ſeit mehr als 20
1123 483 2160 527 Jahren beſtehenden Handlung, benützt man gewiß dieſe Gelegenheit,
1121 524 1435 562 Einkäufe zu machen.
1264 586 2032 679 Dr. Caspar Singer
1356 680 1929 722 heilt gründlich folgende Krankheiten:
1255 722 1732 753 1) Entzündungen der Harnröhre,
1249 752 1769 779 2) Geſchwüre der Geſchlechtsorgane,
1250 772 1849 805 3) Stricturen (Verengerungen der Harnröhre),
1254 801 1483 829 4) Schleimflüſſe,
1256 826 1428 856 5) Flechten,
1249 847 2025 881 6) alle Folgen der Onanie (beſonders Mannesſchwäche),
1253 876 1729 907 7) Schönheitsfehler der Haut und
1253 898 1976 933 8) Krankheiten der Niere, Blaſe und Gebärmutter.
1124 932 2161 976 Dr. Caspar Singer ordinirt perſönlich von 10—2 und von
1170 968 2120 1011 4—5 Uhr. — An Sonn⸗ und Feiertagen von 10—12 Uhr.
1298 1010 1987 1051 Honorirte Briefe werden gleich beantwortet.
1121 1052 2167 1098 Adreſſe der Anſtalt: Franciscanerplatz Nr. 5, II. Stock, in Wien.
1130 1130 1237 1229 G
1236 1126 2019 1167 eschlechts-, Haut- u. Bruchleiden heilt gründlich
1243 1164 2020 1199 u. schnell ein Specialist, gew. Assistenz-Arzt der
1243 1196 2018 1233 Wiener Klinik, täglich von 9—5 Kärntnerstrasse
2022 1126 2148 1230 6.
1210 1260 2164 1303 In Folge mehrfacher, von Gläubigern der Induſtrial⸗Bank
1129 1295 2163 1340 an meine Kanzlei gerichteten Anfragen ſehe ich mich veranlaßt, zu
1127 1330 2164 1374 erklären, daß ich zur Induſtrial⸗Bank in keiner Beziehung ſtehe und
1127 1364 2163 1410 daß hier nur eine Verwechslung der Namen Morawetz und Mo⸗
1126 1407 1359 1448 rawitz vorliegt.
1206 1442 1622 1487 Wien, den 4. Juli 1873.
1594 1484 1981 1523 Dr. Joſeph Morawetz,
1428 1522 2135 1563 Hof⸗ und Gerichtsadvocat, Kärntnerſtraße 14.
1213 1598 1505 1637 Die Actionäre der
1145 1635 2152 1718 Ungarischen Ostbahn
1131 1712 2166 1757 werden zu einer wichtigen Beſprechung für heute den 5. d. M.,
1131 1747 2168 1794 2 Uhr Nachmittags, in der Wohnung des Gefertigten eingeladen.
1481 1789 2121 1833 Ludwig Schönberger,
1575 1838 2071 1883 Schriftſteller, Burgring. Nr. 13.
1163 1916 2142 1970 Niederöſterreichiſche Landes⸗Gebär⸗ und Findelanſtalt.
1225 1971 2166 2014 Die gefertigte Direction beehrt ſich, nachfolgende Beiträge zum
1138 2005 2166 2050 Stammvermögen eines Unterſtützungsfonds für Wiener
1134 2041 1923 2086 Findlinge zur allgemeinen Kenntniß zu bringen:
1219 2081 2172 2125 Geſpendet wurden: Von Herrn v. Scheuer zu Wien 50 fl.;
1139 2117 2178 2159 von Herrn Med. Dr. Hermann Teleky 20 fl.; von Herrn Bankier
1136 2151 2177 2194 Vincenz Dutſchka 100 fl. Papier⸗Rente; von Herrn Reithofer,
1135 2186 2174 2226 Fabriksbeſitzer, 50 fl.; von der Großcommune Wien 2000 fl.; von
1135 2218 2176 2260 dem regierenden Herrn Johann Fürſt von und zu Liechtenſtein nach
1138 2251 2168 2296 Schenkung von 2000 fl. Papier⸗Rente neuerlich durch 10 Jahre ein
1137 2289 2175 2330 jährlicher Beitrag per 100 fl.; von Herrn Dr. Ob. 9 fl.; von Herrn
1137 2317 2169 2363 v. Schr. 2 fl.; von Herrn Med. Dr. Pollender, k. k. Bezirksarzt,
1137 2355 2174 2397 1 fl. 10 kr.; von Herrn Julius Porges in Wien 100 fl. Summe
1137 2388 2174 2433 2332 fl. 10 kr. bar und 100 fl. Obligation. Bereits ausgewieſen
1137 2421 2169 2472 6490 fl. 30 kr. bar und 41,100 fl. Obligationen. Zuſammen 50,022 fl.
1141 2469 1361 2506 40 kr. Oe. W.
1223 2491 2177 2539 Die gefertigte Direction ſagt allen Wohlthätern, insbeſondere
1145 2526 2182 2575 dem menſchenfreundlichen Wiener Gemeinderathe, für die den Findel⸗
1142 2564 1950 2613 kindern erwieſene Wohlthat den aufrichtigſten Dank.
1505 2605 2147 2647 Niederöſterreichiſche Landes⸗Findelanſtalt:
1614 2641 2044 2679 Dr. Fridinger, Director.
1220 2713 2179 2757 Herr Redacteur! Geſtatten Sie mir, Ihre Aufmerkſam⸗
1138 2751 2181 2791 keit auf einige Uebelſtände zu lenken, zu deren Abſtellung der Weg
1140 2787 1842 2826 der Oeffentlichkeit vielleicht der geeignetſte iſt.
1231 2816 2174 2862 1. In den lebhafteren Stunden des Tages drängt eine ſolche
1144 2851 2179 2897 Menge von Fuhrwerken über die Ferdinands⸗Brücke, daß ſich eine
1142 2888 2181 2932 zuſammenhängende Kette bildet, welche den Paſſanten völlig den
1141 2920 2176 2967 Weg verſperrt. Es ſollte dem dort poſtirten Sicherheitswachmanne
1141 2957 2185 3002 zur Pflicht gemacht werden, zeitweilig den Wagenverkehr zu unter⸗
1147 2987 2186 3036 brechen, um den auf beiden Seiten angeſammelten Fußgängern den
1147 3026 1844 3069 Uebergang ohne Lebensgefahr zu ermöglichen.
1226 3058 2184 3103 2. Man ſieht auf den frequenteſten Plätzen, beſonders wo
1149 3094 2189 3140 Geländer u. dgl. die Gelegenheit bieten, zu jeder Tageszeit Teppiche
1149 3129 2185 3173 ausklopfen, deren Staub die Vorübergehenden, wollen ſie nicht weite
1149 3167 1708 3209 Umwege machen, einathmen müſſen.
1231 3196 2184 3241 3. Beläſtigen allenthalben, ſogar auf der Ringſtraße, Bettler,
1153 3234 2186 3276 oft von krüppelhaftem Ausſehen, hauſirende Kinder u. ſ. w. die
1152 3275 1390 3312 Promenirenden.
1233 3300 2186 3344 Eine aufmerkſame Polizeiverwaltung ſollte es ſich doch nicht
1153 3339 2186 3381 entgehen laſſen, derlei Unzukömmlichkeiten von unſerer ſchönen
1148 3373 2187 3416 Stadt, in welche wir das geſammte Ausland zu Gaſte laden, fern⸗
1151 3404 2154 3451 zuhalten. Achtungsvoll Dr. P.
1448 3479 1884 3549 Kleine Chronik.
1903 3541 2154 3588 Wien, 4. Juli.
1224 3593 2195 3640 [Hof⸗ und Perſonal⸗Nachrichten.] Herr Erz⸗
1149 3631 2195 3680 herzog Rainer, Präſident der großen Weltausſtellungs⸗Commiſ⸗
1154 3670 2194 3715 ſion, veranſtaltet für dieſelbe morgen am 5. Juli ein Bankett. —
1153 3708 2197 3756 Herr Erzherzog Leopold hat heute die Ausſtellung der Hoff⸗
1155 3746 2193 3792 mann'ſchen Wandgemälde in der Handels⸗Akademie in Begleitung
1151 3785 2195 3831 ſeines Adjutanten beſucht. — Aus Iſchl telegraphirt man uns:
1153 3822 2199 3869 Prinz Alexander von Holland iſt heute (Freitag) Abends
1155 3863 2196 3908 mit Suite angekommen und im „Hotel Bauer“ abgeſtiegen. —
1156 3900 2195 3950 Herr Juſtizminiſter Dr. Glaſer begibt ſich mit einem mehr⸗
1154 3940 2197 3985 wöchentlichen Urlaub nach Berchtesgaden und nicht, wie irrthüm⸗
1155 3976 2198 4024 lich berichtet ward, nach Gaſtein. — Der Präſident des k. k.
1157 4015 2202 4064 Oberſten Rechnungshofes, Herr Graf v. Mercandin, hat
1156 4054 2203 4105 eine zweimonatliche Urlaubsreiſe angetreten. — Herr Ralph Re⸗
1156 4095 2199 4147 ginald Lewis, Profeſſor der engliſchen Sprache an vielen hie⸗
1159 4133 2201 4183 ſigen Mittelſchulen, tritt am 5. d. eine dreimonatliche Studien⸗
1160 4180 1522 4222 reiſe nach England an.
1236 4216 2197 4265 [Verleumdungen gegen Wien.] Es exiſtirt irgendwo
1160 4260 2197 4306 im Ausland und zunächſt wol in Deutſchland eine Verſchwörung
1158 4298 2199 4348 gegen das Wien der Weltausſtellung. Es geht uns heute ein
1160 4336 2203 4383 ſchwarzberändertes Octavblättchen zu, auf welchem Folgendes zu
1157 4382 1313 4421 leſen iſt:
1246 4423 2200 4464 Verwandten und Freunden theilen wir hiedurch mit, daß
1161 4463 1344 4504 unſer lieber
1489 4494 1880 4531 Louis Lindheimer
1160 4532 2204 4576 in Wien an der Cholera erkrankt und am 30. Juni Morgens
1160 4570 2204 4611 im Krankenhauſe zu Nürnberg verſchieden iſt. Um ſtille Theil⸗
1163 4606 2169 4645 nahme bitten Die trauernden Hinterbliebenen.
1253 4646 1795 4686 Frankfurt a. M., den 2. Juli 1873.
1250 4688 2020 4729 Die Beerdigung fand vorläufig in Nürnberg ſtatt.
1239 4728 2200 4772 Die Styliſirung dieſes Partezettels läßt die ganze Abſcheulichkeit
1165 4770 2212 4812 des damit beabſichtigten Zweckes erkennen. Es ſoll damit ange⸗
1165 4806 2210 4851 deutet werden, daß Wien gegenwärtig ein Herd der Cholera iſt.
1170 4846 2209 4894 Zu dieſem Zwecke wird dieſes nichtswürdige Flugblatt in Tau⸗
1167 4884 2208 4933 ſenden von Exemplaren verbreitet. Sollen wir dieſen Partezettel
1168 4924 2209 4967 analyſiren? Das Datum, wann der genannte Louis Lindheimer
1167 4963 2212 5004 in Wien war und daſelbſt erkrankt ſein konnte, wird nicht ange⸗
1168 5001 2211 5044 geben; es wird nur geſagt, daß derſelbe am 30. Juni im Nürn⸗
1168 5039 2210 5082 berger Krankenhauſe verſtorben iſt. Verſteht man, daß ein in
2192 168 3225 215 Wien an der Cholera Erkrankter die Reiſe nach Nürnberg ma⸗
2189 208 3223 250 chen konnte, um dort zu ſterben? Louis Lindheimer mag in Wien
2192 248 3222 291 geweſen ſein, aber ganz gewiß iſt er nicht in ſolcher Weiſe er⸗
2189 283 3225 328 krankt von Wien nach Nürnberg gereiſt, und ſtarb er wirklich an
2188 324 3230 366 jener Krankheit, ſo muß er in Nürnberg davon befallen
2191 363 3229 405 worden ſein. Die Lüge jenes Flugblattes liegt alſo auf
2195 403 3228 444 der Hand, und ſeine tendenziöſe Verſendung durch ganz
2194 441 3226 481 Deutſchland weiſt deutlich auf die infame Abſicht gegen
2195 480 3228 519 Wien hin. Die Sache iſt ernſt genug, um näher unter⸗
2196 514 3222 556 ſucht zu werden. Läßt man die Meinung in Deutſchland, im
2193 555 3234 597 Auslande Wurzel faſſen, daß in Wien Cholera⸗Erkrankungen vor⸗
2192 592 3227 636 kommen, ſo wird Wien von jetzt ab gemieden. Wir meinen alſo,
2190 632 3228 672 daß die Sanitäts⸗Behörde ſchon geſtern auf die Mittheilungen der
2193 667 3228 712 Times hin mit einer officiellen Erklärung hätte hervortreten ſollen.
2193 708 3226 748 Schweigen heißt in ſolchem Falle beſtätigen. Neulich wurde ver⸗
2191 745 3231 788 breitet, daß im Canton Bern (Thun und Interlaken) die Blat⸗
2193 784 3227 828 tern ausgebrochen ſeien. Die Berner Regierung ſowol, als die
2197 822 3224 864 Sanitäts⸗Behörden von Thun und Interlaken erkannten ſofort
2198 858 3224 904 die Schädlichkeit dieſes Gerüchtes und traten demſelben mit ihrer
2199 901 3233 944 ganzen Autorität entgegen. Im Falle Louis Lindheimer iſt vor
2197 936 3224 980 Allem zu ermitteln, ob derſelbe in Wien war, wo er ſich in Wien
2200 976 3228 1020 aufhielt, an welchem Tage er Wien verließ, damit erkannt werden
2195 1012 3229 1058 kann, inwieweit die Angaben des Partezettels auf Wahrheit be⸗
2200 1051 3234 1097 ruhen. Brechruhrfälle kommen in der heißen Jahreszeit ſpora⸗
2201 1089 3232 1135 diſch allerwärts und namentlich in großen Städten vor; aber die
2197 1128 3231 1174 Verleumdung, daß in Wien die Epidemie herrſche, darf man nicht
2202 1169 3232 1210 aufkommen laſſen. Eine behördliche Aufklärung iſt dringend ge⸗
2202 1205 3229 1251 boten, wenn die nichtsnutzigen Umtriebe gegen uns nicht ihren
2202 1247 2736 1290 ſchändlichen Zweck erreichen ſollen.
2284 1301 3230 1341 [Kirchenmuſik.] Am Sonntag den 6. Juli kommen zur
2200 1335 3235 1376 Aufführung: In der k. k. Hofcapelle: Meſſe in F, Graduale
2197 1370 3238 1409 (Timor Domini) und Offertorium (Ora pro nobis) von Ludwig
2194 1404 3240 1445 Rotter. — In der k. k. Hofpfarrkirche St. Auguſtin wird
2199 1437 3243 1475 um 11 Uhr Capellmeiſter Eder eine Mozart⸗Meſſe, Graduale
2197 1472 3242 1513 (Contra⸗Altſolo) von Frau Baronin Conſtanze Ruttenſtein, Offer⸗
2200 1505 3239 1546 torium (Sopranſolo) von Schubert aufführen. Die Soli werden
2202 1540 3237 1580 die Hofopernſängerin Minka Treml und ihre Schweſter Thereſe
2202 1575 3237 1614 Treml, Hofopernſängerin aus Kaſſel, vortragen. — In der Do⸗
2202 1608 3235 1650 minicaner⸗Kirche kommt am 6. um 9 Uhr eine Meſſe in Es
2205 1643 3240 1685 von Robert Führer, eine Einlage von Johann Krall (Fräulein
2205 1675 3239 1722 Labrée) und ein Altſolo von L. Weiß (Fräulein Adelsberg)
2198 1718 2454 1753 zur Aufführung.
2280 1750 3239 1798 [Schlußfeier des Pädagogiums.] Donnerſtag,
2208 1791 3238 1836 10 Uhr Vormittags, fand im Wiener Lehrer⸗Pädagogium die übliche
2204 1828 3238 1876 Schlußfeier ſtatt, welcher nebſt dem Lehrkörper und den Zöglingen
2204 1868 3243 1911 der Anſtalt auch die Mitglieder der Pädagogiums⸗Aufſichts⸗Com⸗
2204 1906 3241 1953 miſſion, die Herren Gemeinderäthe Regierungsrath Dr. Weiſer
2210 1944 3243 1992 und Dr. Hoffer, beiwohnten. Director Dr. Dittes gab zunächſt
2206 1983 3239 2029 einen Ueberblick über die wichtigſten Ereigniſſe des abgelaufenen
2207 2022 3248 2069 Schuljahres, gedachte des der Anſtalt zu früh durch den Tod ent⸗
2206 2061 3238 2107 riſſenen Lehrers der Mathematik, Raimund Heilsberg, und richtete
2211 2099 3236 2143 zum Schluſſe an die verſammelten Lehrer und Lehrerinnen Worte
2206 2138 3241 2182 der Aufmunterung zu treuem Ausharren in ihrem ebenſo ſchwieri⸗
2205 2176 3244 2221 gen als ehrenvollen Berufe. In demſelben Sinne ſprachen auch
2207 2213 3240 2259 die beiden anweſenden Gemeinderäthe. Die vom Director Dr.
2212 2253 3247 2298 Dittes gegebenen Daten über die diesjährige Frequenz der Anſtalt
2212 2291 3244 2337 zeigen uns dieſelbe in einem höchſt erfreulichen Aufſchwunge. Die
2207 2331 3250 2372 Anſtalt zählte am Schluſſe des Schuljahres 58 Zöglinge, unter
2207 2369 3247 2411 welchen zwei Lehrerinnen; außerdem wurden am Beginne desſel⸗
2205 2407 3243 2447 ben 128 „Hörer“ inſcribirt, unter welchen 29 Lehrerinnen. Den
2210 2443 3244 2490 Schlußprüfungen („Wiederholungen“ nach dem Wortlaute des
2212 2484 3245 2528 Statuts) unterzogen ſich 103 „Zöglinge“ und „Hörer“, eine
2213 2521 3249 2570 weitere Anzahl wird die Schlußprüfungen nach den Ferien able⸗
2211 2562 3246 2609 gen. Am Abende desſelben Tages veranſtalteten die die Anſtalt
2217 2599 3244 2645 verlaſſenden Zöglinge des dritten Jahrganges im „Hotel Kreuz“
2215 2638 3249 2683 in Mariahilf ein kleines Abſchiedsfeſt, welchem der geſammte Lehr⸗
2211 2676 3244 2722 körper beiwohnte. Director Dr. Dittes wurde von den Zöglingen
2218 2716 3241 2760 als Zeichen dankbarer Verehrung ein geſchmackvoll ausgeſtattetes
2217 2753 3242 2800 Album mit den Photographien der Spender überreicht; heitere
2216 2792 3245 2836 Wechſelreden und zahlreiche Toaſte zeugten nicht nur von der
2218 2830 3243 2875 animirten Stimmung, ſondern auch von dem herzlichen Einver⸗
2216 2869 3248 2914 nehmen, welches zwiſchen allen mit dieſer Anſtalt in Verbindung
2218 2908 3252 2955 Stehenden herrſcht. Erſt in früher Morgenſtunde löſte ſich die
2220 2949 2558 2994 frohe Geſellſchaft auf.
2295 2992 3243 3040 [Lehrerconferenz.] Die Lehrer des VIII. Bezirkes verſam⸗
2220 3031 3244 3080 melten ſich am 2. und 3. Juli zur letzten diesjährigen Conferenz.
2218 3072 3257 3117 Um den Eltern die Kenntniß der Schulgeſetze zu ermöglichen,
2221 3109 3254 3157 einigte ſich die Verſammlung dahin, an den Bezirksſchul⸗
2219 3148 3250 3197 rath das Anſuchen zu ſtellen, daß die wichtigſten Beſtimmun⸗
2216 3185 3254 3234 gen dieſer Geſetze in Form einer Broſchüre den Eltern der Schul⸗
2220 3225 3252 3272 kinder zuzuſtellen ſeien. Weiters wurde feſtgeſtellt: 1. In jedem
2219 3264 3253 3315 Bezirke ſei vorläufig wenigſtens Ein Kindergarten zu errichten.
2224 3303 3249 3350 2. Die dem Lehrer zu Gebote ſtehenden Disciplinarmittel ſeien
2225 3341 3258 3389 nicht ausreichend, und deßhalb ſei in jedem Bezirke eine Beſſe⸗
2222 3380 3255 3431 rungsſchule zu errichten, in welcher die ſittlich verdorbenen Schüler
2225 3419 3251 3467 bis zur Zeit ihrer gänzlichen Beſſerung zu verbleiben haben.
2225 3456 3262 3505 (Dieſen Beſchluß halten wir für ſehr bedenklich. Man kann nach
2223 3496 3261 3543 unſerer Anſicht nichts Geeigneteres thun, um das Ehrgefühl der
2226 3534 3251 3582 Kinder gründlich zu zerſtören. Das wäre ein ſchlechter Erzieher,
2228 3570 3252 3620 der erſt ſolche Mittel erfinden müßte. D.R.) Die Schlußfeier habe
2229 3611 3257 3661 künftig den Charakter eines Schulfeſtes anzunehmen. 4. Den
2229 3647 3261 3700 heuer austretenden Schülern ſeien von Seite des Bezirksſchul⸗
2228 3689 3259 3737 rathes Eintrittskarten zur hiſtoriſchen Ausſtellung der Stadt Wien zu
2227 3728 3262 3777 erwirken. 5. Die Kinder notoriſch armer Eltern ſind mit den
2227 3767 3260 3816 nöthigen Lernmitteln zu verſehen und die Verpflegsgebühren der
2228 3804 3259 3856 Findlinge und Waiſen den jetzigen Verhältniſſen angemeſſen
2227 3844 3261 3895 zu erhöhen. Am zweiten Tage hielt Herr Dr. Oelberg einen mit
2229 3881 3263 3932 großem Beifalle aufgenommenen Vortrag über Somatologie. Der
2231 3921 3260 3972 hierauf folgende Antrag, es ſeien die an den Volksſchulen Wiens
2228 3959 3263 4008 wirkenden Katecheten von der Seelſorge zu befreien und ſo wie
2229 3998 3262 4048 die Lehrer zu dotiren, erlangte trotz heftiger Oppoſition die Ma⸗
2230 4037 3264 4087 jorität. Wegen vorgerückter Zeit mußte von der Berathung der
2232 4076 3263 4126 noch auf der Tagesordnung ſtehenden Punkte abgeſehen werden.
2306 4134 3260 4182 [Feſt⸗Freiſchießen des Wiener Schützenver⸗
2236 4170 3260 4222 eins.] Zu dieſem Feſte, welches Sonntag den 6. Juli ſeinen
2236 4209 3272 4259 Anfang nimmt, ſind zahlreiche Veſte und Ehrengaben von Schützen⸗
2233 4248 3265 4299 vereinen aus allen Weltgegenden, darunter eine ſehr ſchöne Wid⸗
2236 4287 3269 4337 mung von Chicago, angelangt. In hervorragender Weiſe hat ſich
2239 4326 3264 4377 auch die Preßburger Schützengeſellſchaft mit einer ſehr werthvollen
2236 4364 3270 4414 Ehrengabe betheiligt. Wie wir hören, ſoll auch der Kaiſer ſeinen
2233 4402 3263 4452 Beſuch an einem der Feſttage in ſichere Ausſicht geſtellt haben.
2235 4442 3269 4489 — Anläßlich der Eröffnung des Feſt⸗ und Freiſchießens findet
2236 4479 3277 4529 Sonntag den 6. d. Stuwer's erſtes Feuerwerk auf der Militär⸗
2237 4527 2685 4567 Schießſtätte im Prater ſtatt.
2320 4564 3276 4614 [Regelung der Poſtmeiſter⸗Gehalte.] Der
2238 4602 3276 4653 1. Juli d. J. brachte auch die Regelung des Gehaltes der Poſt⸗
2239 4641 3274 4691 meiſter und Poſt⸗Expedienten. Bei jenen Aemtern, welche eine
2237 4677 3276 4731 reelle Brief⸗ und Fahrpoſt⸗Einnahme (mit Ausſchluß der Einzah⸗
2243 4716 3283 4768 lungen an Poſtanweiſungen und Nachnahmen und des Paſſagiers⸗
2244 4756 3283 4808 Erträgniſſes) bis 2000 fl. haben, wird die Entlohnung in fol⸗
2241 4792 3278 4849 gender Weiſe feſtgeſetzt: Bei einer Einnahme bis incluſive 400 fl.
2243 4832 3280 4884 150 fl. Beſtallung und 40 fl. Amtspauſchale; bei einer Einnahme
2244 4868 3283 4925 über 400 fl. bis 800 fl. 200 fl. Beſtallung und 60 fl. Amts⸗
2242 4904 3280 4965 pauſchale; bei einer Einnahme über 800 fl. bis 1200 fl. 300 fl.
2243 4942 3286 5000 Beſtallung und 80 fl. Amtspauſchale; bei einer Einnahme über
2242 4980 3283 5036 1200 fl. bis 1600 fl. 400 fl. und reſpective 100 fl. ; bei einer
2247 5013 3286 5077 Einnahme von 1600 fl. bis 2000 fl. 500 fl. Beſtallung und
