<?xml version="1.0" encoding="UTF-8" standalone="yes"?>
<PcGts xmlns="http://schema.primaresearch.org/PAGE/gts/pagecontent/2013-07-15" xmlns:xsi="http://www.w3.org/2001/XMLSchema-instance" xsi:schemaLocation="http://schema.primaresearch.org/PAGE/gts/pagecontent/2013-07-15 http://schema.primaresearch.org/PAGE/gts/pagecontent/2013-07-15/pagecontent.xsd">
    <Metadata>
        <Creator>University of Innsbruck</Creator>
        <Created>2018-11-29T10:44:38.032+01:00</Created>
        <LastChange>2023-04-25T10:54:27.490+02:00</LastChange>
        <Comments>
                Measurement unit: pixel
                PrimaryLanguage: German
                Language: GermanStandard
                Producer: https://transkribus.eu/Transkribus/</Comments>
        <TranskribusMetadata docId="1394947" pageId="53863168" pageNr="32" tsid="119418711" status="GT" userId="48446" imgUrl="https://files.transkribus.eu/Get?id=GEDGLTLMKYUKSVJWPNJKAHWP&amp;fileType=view" xmlUrl="https://files.transkribus.eu/Get?id=HCSDIMSTFICNBGTTKIUDLQMO" imageId="38488795"/>
    </Metadata>
    <Page imageFilename="ONB_ibn_19110701_003.tif" imageWidth="3168" imageHeight="4829">
        <PrintSpace>
            <Coords points="0,0 3168,0 3168,4829 0,4829"/>
        </PrintSpace>
        <ReadingOrder>
            <OrderedGroup id="ro_1682495881170" caption="Regions reading order">
                <RegionRefIndexed index="0" regionRef="r1"/>
                <RegionRefIndexed index="1" regionRef="r2"/>
                <RegionRefIndexed index="2" regionRef="r3"/>
                <RegionRefIndexed index="3" regionRef="r4"/>
                <RegionRefIndexed index="4" regionRef="r5"/>
                <RegionRefIndexed index="5" regionRef="r6"/>
                <RegionRefIndexed index="6" regionRef="r7"/>
                <RegionRefIndexed index="7" regionRef="r8"/>
                <RegionRefIndexed index="8" regionRef="r9"/>
                <RegionRefIndexed index="9" regionRef="r10"/>
                <RegionRefIndexed index="10" regionRef="r11"/>
                <RegionRefIndexed index="11" regionRef="r12"/>
                <RegionRefIndexed index="12" regionRef="r13"/>
                <RegionRefIndexed index="13" regionRef="r14"/>
                <RegionRefIndexed index="14" regionRef="r15"/>
                <RegionRefIndexed index="15" regionRef="r16"/>
                <RegionRefIndexed index="16" regionRef="r17"/>
                <RegionRefIndexed index="17" regionRef="r18"/>
                <RegionRefIndexed index="18" regionRef="r19"/>
                <RegionRefIndexed index="19" regionRef="r20"/>
                <RegionRefIndexed index="20" regionRef="r21"/>
                <RegionRefIndexed index="21" regionRef="r22"/>
                <RegionRefIndexed index="22" regionRef="r23"/>
                <RegionRefIndexed index="23" regionRef="r24"/>
                <RegionRefIndexed index="24" regionRef="r25"/>
            </OrderedGroup>
        </ReadingOrder>
        <TextRegion type="header" id="r1" custom="readingOrder {index:0;} structure {type:header;}">
            <Coords points="192,94 748,95 747,162 191,161"/>
            <TextLine id="r1l1" primaryLanguage="German" custom="readingOrder {index:0;}">
                <Coords points="207,111 708,107 742,114 742,140 731,147 237,153 211,150"/>
                <Baseline points="213,146 376,145 462,144 514,143 619,141 739,139"/>
                <TextEquiv>
                    <Unicode>Samstag den 1. Juli 1911.</Unicode>
                </TextEquiv>
                <TextStyle fontFamily="Times New Roman" fontSize="8.0" bold="true"/>
            </TextLine>
        </TextRegion>
        <TextRegion type="header" id="r2" custom="readingOrder {index:1;} structure {type:header;}">
            <Coords points="1264,82 1826,80 1823,153 1261,155"/>
            <TextLine id="r2l1" primaryLanguage="German" custom="readingOrder {index:0;}">
                <Coords points="1277,96 1440,96 1725,96 1812,109 1812,137 1748,143 1724,144 1277,144"/>
                <Baseline points="1278,138 1536,137 1812,137"/>
                <TextEquiv>
                    <Unicode>Innsbrucker Nachrichten</Unicode>
                </TextEquiv>
                <TextStyle fontFamily="Times New Roman" fontSize="8.5" bold="true"/>
            </TextLine>
        </TextRegion>
        <TextRegion type="header" id="r3" custom="readingOrder {index:2;} structure {type:header;}">
            <Coords points="2504,81 2880,81 2881,147 2505,147"/>
            <TextLine id="r3l1" primaryLanguage="German" custom="readingOrder {index:0;}">
                <Coords points="2512,97 2534,91 2876,91 2876,137 2519,137 2512,134"/>
                <Baseline points="2515,132 2575,131 2669,131 2875,131"/>
                <TextEquiv>
                    <Unicode>Nr. 148. Seite 3.</Unicode>
                </TextEquiv>
            </TextLine>
        </TextRegion>
        <TextRegion type="heading" id="r4" custom="readingOrder {index:3;} structure {type:heading;}">
            <Coords points="314,196 925,191 928,281 317,283"/>
            <TextLine id="r4l1" primaryLanguage="German" custom="readingOrder {index:0;}">
                <Coords points="338,208 808,203 863,206 905,213 905,267 898,272 338,278"/>
                <Baseline points="342,267 444,264 902,261"/>
                <TextEquiv>
                    <Unicode>Zur Tagesgeſchichte.</Unicode>
                </TextEquiv>
                <TextStyle fontFamily="Times New Roman" fontSize="14.0" bold="true"/>
            </TextLine>
        </TextRegion>
        <TextRegion type="heading" id="r5" custom="readingOrder {index:4;} structure {type:heading;}">
            <Coords points="413,282 839,281 838,341 412,342"/>
            <TextLine id="r5l1" primaryLanguage="German" custom="readingOrder {index:0;}">
                <Coords points="419,286 834,288 834,336 420,339"/>
                <Baseline points="423,334 831,327"/>
                <TextEquiv>
                    <Unicode>Öſterreich ⸗ Ungarn.</Unicode>
                </TextEquiv>
                <TextStyle fontFamily="Times New Roman" fontSize="8.0" bold="true"/>
            </TextLine>
        </TextRegion>
        <TextRegion type="paragraph" id="r6" custom="readingOrder {index:5;}">
            <Coords points="163,346 1073,341 1072,574 156,581"/>
            <TextLine id="r6l1" primaryLanguage="German" custom="readingOrder {index:0;}">
                <Coords points="218,351 1051,344 1069,359 1069,372 1062,386 217,395"/>
                <Baseline points="220,387 308,386 419,385 503,385 675,381 714,381 741,380 899,379 1064,375"/>
                <TextEquiv>
                    <Unicode>Aus der Zeitungswelt. Das deutſch⸗</Unicode>
                </TextEquiv>
            </TextLine>
            <TextLine id="r6l2" primaryLanguage="German" custom="readingOrder {index:1;}">
                <Coords points="170,397 1066,390 1066,430 171,440"/>
                <Baseline points="176,432 374,429 528,427 614,426 725,424 833,423 1064,422"/>
                <TextEquiv>
                    <Unicode>freiheitliche Organ für das Land Vorarlberg,</Unicode>
                </TextEquiv>
                <TextStyle fontFamily="Times New Roman" fontSize="7.0"/>
            </TextLine>
            <TextLine id="r6l3" primaryLanguage="German" custom="readingOrder {index:2;}">
                <Coords points="171,442 1066,434 1069,475 174,485"/>
                <Baseline points="177,475 237,475 470,473 659,470 710,470 788,468 885,467 1002,465 1065,466"/>
                <TextEquiv>
                    <Unicode>das „Bregenzer Tagblatt“, geht von heute an</Unicode>
                </TextEquiv>
                <TextStyle fontFamily="Times New Roman" fontSize="7.0"/>
            </TextLine>
            <TextLine id="r6l4" primaryLanguage="German" custom="readingOrder {index:3;}">
                <Coords points="172,488 210,488 1069,479 1069,523 172,530"/>
                <Baseline points="178,521 289,520 363,519 460,518 664,515 798,513 979,512 1066,511"/>
                <TextEquiv>
                    <Unicode>wieder in das Eigentum ſeines früheren Be⸗</Unicode>
                </TextEquiv>
                <TextStyle fontFamily="Times New Roman" fontSize="7.0"/>
            </TextLine>
            <TextLine id="r6l5" primaryLanguage="German" custom="readingOrder {index:4;}">
                <Coords points="173,532 634,528 675,537 675,560 660,569 192,575 173,570"/>
                <Baseline points="179,565 276,565 429,563 551,561 670,559"/>
                <TextEquiv>
                    <Unicode>ſitzers Anton Flatz über.</Unicode>
                </TextEquiv>
                <TextStyle fontFamily="Times New Roman" fontSize="7.0"/>
            </TextLine>
        </TextRegion>
        <TextRegion type="paragraph" id="r7" custom="readingOrder {index:6;}">
            <Coords points="160,617 1073,615 1079,1423 1080,2554 1083,3088 161,3088 166,2252 157,1439"/>
            <TextLine id="r7l1" primaryLanguage="German" custom="readingOrder {index:0;}">
                <Coords points="214,630 1068,627 1068,664 216,669"/>
                <Baseline points="222,665 253,665 381,664 614,660 797,661 979,659 1066,657"/>
                <TextEquiv>
                    <Unicode>Vom Kaiſer. Wie beſtimmt verlautet, er⸗</Unicode>
                </TextEquiv>
            </TextLine>
            <TextLine id="r7l2" primaryLanguage="German" custom="readingOrder {index:1;}">
                <Coords points="176,678 1069,670 1068,710 175,718"/>
                <Baseline points="181,710 259,709 338,708 498,706 582,706 738,704 853,704 957,702 1066,701"/>
                <TextEquiv>
                    <Unicode>folgt die Abreiſe des Kaiſers nach Iſchl nicht</Unicode>
                </TextEquiv>
                <TextStyle fontFamily="Times New Roman" fontSize="7.0"/>
            </TextLine>
            <TextLine id="r7l3" primaryLanguage="German" custom="readingOrder {index:2;}">
                <Coords points="176,722 1069,714 1069,754 176,758"/>
                <Baseline points="180,754 237,753 341,752 428,751 514,750 600,749 679,749 776,749 970,748 1069,747"/>
                <TextEquiv>
                    <Unicode>vor dem 15. ds. M. — Die Nachricht, daß</Unicode>
                </TextEquiv>
                <TextStyle fontFamily="Times New Roman" fontSize="7.0"/>
            </TextLine>
            <TextLine id="r7l4" primaryLanguage="German" custom="readingOrder {index:3;}">
                <Coords points="176,765 1034,758 1051,762 1067,766 1069,798 186,804 176,797"/>
                <Baseline points="180,799 233,798 372,796 450,795 574,793 732,793 815,791 910,791 1067,790"/>
                <TextEquiv>
                    <Unicode>der Kaiſer die Villa Hermes als ſein Privat⸗</Unicode>
                </TextEquiv>
                <TextStyle fontFamily="Times New Roman" fontSize="7.0"/>
            </TextLine>
            <TextLine id="r7l5" primaryLanguage="German" custom="readingOrder {index:4;}">
                <Coords points="175,808 1069,799 1069,841 177,852"/>
                <Baseline points="182,842 340,841 527,838 644,839 772,836 877,835 959,834 1067,833"/>
                <TextEquiv>
                    <Unicode>eigentum erworben habe, beruht nicht auf Rich⸗</Unicode>
                </TextEquiv>
                <TextStyle fontFamily="Times New Roman" fontSize="7.0"/>
            </TextLine>
            <TextLine id="r7l6" primaryLanguage="German" custom="readingOrder {index:5;}">
                <Coords points="178,854 1071,846 1069,885 177,898"/>
                <Baseline points="181,886 295,885 390,884 512,882 642,881 744,880 903,879 982,878 1067,878"/>
                <TextEquiv>
                    <Unicode>tigkeit. Die Villa wurde vom Hofärar für den</Unicode>
                </TextEquiv>
                <TextStyle fontFamily="Times New Roman" fontSize="7.0"/>
            </TextLine>
            <TextLine id="r7l7" primaryLanguage="German" custom="readingOrder {index:6;}">
                <Coords points="176,898 1069,891 1069,930 175,939"/>
                <Baseline points="181,930 279,930 369,929 572,927 778,924 930,924 1068,923"/>
                <TextEquiv>
                    <Unicode>Preis von anderthalb Millionen Kronen erwor⸗</Unicode>
                </TextEquiv>
                <TextStyle fontFamily="Times New Roman" fontSize="7.0"/>
            </TextLine>
            <TextLine id="r7l8" primaryLanguage="German" custom="readingOrder {index:7;}">
                <Coords points="179,943 1071,935 1068,975 176,981"/>
                <Baseline points="181,975 249,974 343,972 482,972 544,970 657,970 898,968 953,968 1067,966"/>
                <TextEquiv>
                    <Unicode>ben. Der Grund zu dieſer Transaktion iſt darin</Unicode>
                </TextEquiv>
                <TextStyle fontFamily="Times New Roman" fontSize="7.0"/>
            </TextLine>
            <TextLine id="r7l9" primaryLanguage="German" custom="readingOrder {index:8;}">
                <Coords points="178,988 249,985 313,983 1070,977 1070,1018 178,1027"/>
                <Baseline points="182,1017 221,1017 360,1016 453,1016 533,1014 690,1014 916,1011 1066,1010"/>
                <TextEquiv>
                    <Unicode>zu ſuchen, daß der Lainzer Tiergarten, welcher</Unicode>
                </TextEquiv>
                <TextStyle fontFamily="Times New Roman" fontSize="7.0"/>
            </TextLine>
            <TextLine id="r7l10" primaryLanguage="German" custom="readingOrder {index:9;}">
                <Coords points="179,1030 1070,1023 1070,1065 179,1071"/>
                <Baseline points="182,1064 232,1063 356,1062 520,1061 672,1060 779,1059 898,1058 989,1057 1067,1056"/>
                <TextEquiv>
                    <Unicode>die Villa Hermes umgibt, und durch den die</Unicode>
                </TextEquiv>
                <TextStyle fontFamily="Times New Roman" fontSize="7.0"/>
            </TextLine>
            <TextLine id="r7l11" primaryLanguage="German" custom="readingOrder {index:10;}">
                <Coords points="181,1073 1069,1067 1071,1110 180,1116"/>
                <Baseline points="187,1110 309,1107 373,1106 492,1106 606,1105 713,1105 824,1103 913,1103 1067,1101"/>
                <TextEquiv>
                    <Unicode>Zufuhr zu dieſer Villa geht, ſchon dem Hofärar</Unicode>
                </TextEquiv>
                <TextStyle fontFamily="Times New Roman" fontSize="7.0"/>
            </TextLine>
            <TextLine id="r7l12" primaryLanguage="German" custom="readingOrder {index:11;}">
                <Coords points="180,1119 1071,1113 1071,1154 179,1162"/>
                <Baseline points="182,1152 293,1152 385,1152 473,1150 553,1150 701,1148 796,1149 877,1148 950,1146 1068,1147"/>
                <TextEquiv>
                    <Unicode>gehört und nur der Grund, auf dem die Villa</Unicode>
                </TextEquiv>
                <TextStyle fontFamily="Times New Roman" fontSize="7.0"/>
            </TextLine>
            <TextLine id="r7l13" primaryLanguage="German" custom="readingOrder {index:12;}">
                <Coords points="180,1165 1071,1159 1068,1198 180,1203"/>
                <Baseline points="185,1196 258,1197 347,1196 430,1195 602,1193 712,1193 839,1193 1066,1191"/>
                <TextEquiv>
                    <Unicode>ſteht und das Gebäude ſelbſt durch Vermächtnis</Unicode>
                </TextEquiv>
                <TextStyle fontFamily="Times New Roman" fontSize="7.0"/>
            </TextLine>
            <TextLine id="r7l14" primaryLanguage="German" custom="readingOrder {index:13;}">
                <Coords points="180,1209 1071,1204 1070,1244 179,1248"/>
                <Baseline points="185,1242 237,1241 422,1240 498,1239 593,1239 715,1238 820,1236 1068,1235"/>
                <TextEquiv>
                    <Unicode>der Kaiſerin in den Beſitz der Erzherzogin</Unicode>
                </TextEquiv>
                <TextStyle fontFamily="Times New Roman" fontSize="7.0"/>
            </TextLine>
            <TextLine id="r7l15" primaryLanguage="German" custom="readingOrder {index:14;}">
                <Coords points="180,1251 1071,1247 1071,1289 182,1294"/>
                <Baseline points="185,1285 296,1284 459,1283 729,1281 807,1281 909,1280 1067,1279"/>
                <TextEquiv>
                    <Unicode>Marie Valerie übergegangen iſt. Der künftige</Unicode>
                </TextEquiv>
                <TextStyle fontFamily="Times New Roman" fontSize="7.0"/>
            </TextLine>
            <TextLine id="r7l16" primaryLanguage="German" custom="readingOrder {index:15;}">
                <Coords points="180,1299 1071,1293 1071,1331 181,1338"/>
                <Baseline points="182,1331 391,1328 475,1328 598,1328 710,1327 878,1325 977,1324 1067,1324"/>
                <TextEquiv>
                    <Unicode>Eigentümer der Villa wird demnach, wie das</Unicode>
                </TextEquiv>
                <TextStyle fontFamily="Times New Roman" fontSize="7.0"/>
            </TextLine>
            <TextLine id="r7l17" primaryLanguage="German" custom="readingOrder {index:16;}">
                <Coords points="181,1342 1072,1336 1072,1376 181,1382"/>
                <Baseline points="183,1374 248,1374 363,1373 469,1372 628,1371 840,1369 909,1369 1003,1368 1067,1368"/>
                <TextEquiv>
                    <Unicode>jetzt ſchon beim Lainzer Tiergarten der Fall iſt,</Unicode>
                </TextEquiv>
                <TextStyle fontFamily="Times New Roman" fontSize="7.0"/>
            </TextLine>
            <TextLine id="r7l18" primaryLanguage="German" custom="readingOrder {index:17;}">
                <Coords points="181,1387 938,1381 962,1391 962,1414 952,1424 196,1429 181,1419"/>
                <Baseline points="186,1419 238,1419 424,1417 558,1418 657,1417 841,1415 957,1413"/>
                <TextEquiv>
                    <Unicode>der jeweilige Kaiſer von Öſterreich ſein.</Unicode>
                </TextEquiv>
                <TextStyle fontFamily="Times New Roman" fontSize="7.0"/>
            </TextLine>
            <TextLine id="r7l19" primaryLanguage="German" custom="readingOrder {index:18;}">
                <Coords points="224,1437 1072,1431 1073,1475 224,1479"/>
                <Baseline points="229,1472 602,1472 745,1469 1067,1466"/>
                <TextEquiv>
                    <Unicode>Sanktionierung von Salzburger</Unicode>
                </TextEquiv>
                <TextStyle fontFamily="Times New Roman" fontSize="7.0"/>
            </TextLine>
            <TextLine id="r7l20" primaryLanguage="German" custom="readingOrder {index:19;}">
                <Coords points="180,1483 1072,1479 1072,1521 180,1525"/>
                <Baseline points="183,1517 209,1517 655,1515 794,1513 877,1513 965,1511 1068,1513"/>
                <TextEquiv>
                    <Unicode>Landesgeſetzen. Der Kaiſer hat den vom</Unicode>
                </TextEquiv>
            </TextLine>
            <TextLine id="r7l21" primaryLanguage="German" custom="readingOrder {index:20;}">
                <Coords points="180,1527 468,1528 1072,1522 1072,1565 180,1569"/>
                <Baseline points="183,1561 331,1562 431,1562 675,1559 873,1559 1070,1557"/>
                <TextEquiv>
                    <Unicode>Landtage des Herzogtums Salzburg beſchloſſe⸗</Unicode>
                </TextEquiv>
                <TextStyle fontFamily="Times New Roman" fontSize="7.0"/>
            </TextLine>
            <TextLine id="r7l22" primaryLanguage="German" custom="readingOrder {index:21;}">
                <Coords points="182,1570 256,1574 970,1570 986,1569 1072,1577 1072,1611 182,1613"/>
                <Baseline points="185,1606 248,1606 565,1604 779,1603 1068,1601"/>
                <TextEquiv>
                    <Unicode>nen Geſetzentwürfen betreffend Durchführung</Unicode>
                </TextEquiv>
                <TextStyle fontFamily="Times New Roman" fontSize="7.0"/>
            </TextLine>
            <TextLine id="r7l23" primaryLanguage="German" custom="readingOrder {index:22;}">
                <Coords points="180,1624 242,1618 1072,1612 1072,1653 180,1660"/>
                <Baseline points="185,1650 248,1650 503,1650 636,1649 726,1648 970,1646 1068,1644"/>
                <TextEquiv>
                    <Unicode>von Ergänzungsarbeiten im Sturmbache, be⸗</Unicode>
                </TextEquiv>
                <TextStyle fontFamily="Times New Roman" fontSize="7.0"/>
            </TextLine>
            <TextLine id="r7l24" primaryLanguage="German" custom="readingOrder {index:23;}">
                <Coords points="182,1666 214,1662 1034,1658 1073,1667 1073,1697 182,1703"/>
                <Baseline points="185,1695 319,1696 396,1695 600,1696 928,1691 991,1690 1068,1690"/>
                <TextEquiv>
                    <Unicode>treffend die Verbauung des Kalmbaches in der</Unicode>
                </TextEquiv>
                <TextStyle fontFamily="Times New Roman" fontSize="7.0"/>
            </TextLine>
            <TextLine id="r7l25" primaryLanguage="German" custom="readingOrder {index:24;}">
                <Coords points="179,1707 1072,1703 1072,1742 181,1750"/>
                <Baseline points="182,1741 430,1740 669,1741 881,1738 968,1736 1069,1735"/>
                <TextEquiv>
                    <Unicode>Landgemeinde Saalfelden, betreffend die Er⸗</Unicode>
                </TextEquiv>
                <TextStyle fontFamily="Times New Roman" fontSize="7.0"/>
            </TextLine>
            <TextLine id="r7l26" primaryLanguage="German" custom="readingOrder {index:25;}">
                <Coords points="181,1763 205,1754 206,1753 1071,1749 1071,1791 181,1796"/>
                <Baseline points="182,1786 328,1785 423,1787 639,1785 743,1784 969,1782 1067,1781"/>
                <TextEquiv>
                    <Unicode>gänzung der Verbauung des Fiſchbaches und</Unicode>
                </TextEquiv>
                <TextStyle fontFamily="Times New Roman" fontSize="7.0"/>
            </TextLine>
            <TextLine id="r7l27" primaryLanguage="German" custom="readingOrder {index:26;}">
                <Coords points="182,1798 1074,1794 1073,1837 181,1841"/>
                <Baseline points="184,1830 233,1829 445,1832 552,1830 816,1827 887,1828 973,1828 1069,1825"/>
                <TextEquiv>
                    <Unicode>die Verbauung des Brunnbaches in der Ge⸗</Unicode>
                </TextEquiv>
                <TextStyle fontFamily="Times New Roman" fontSize="7.0"/>
            </TextLine>
            <TextLine id="r7l28" primaryLanguage="German" custom="readingOrder {index:27;}">
                <Coords points="177,1849 222,1843 1074,1839 1074,1879 179,1885"/>
                <Baseline points="184,1874 307,1874 490,1874 593,1874 801,1872 886,1870 1071,1869"/>
                <TextEquiv>
                    <Unicode>meinde Thalgau und betreffend die Entſum⸗</Unicode>
                </TextEquiv>
                <TextStyle fontFamily="Times New Roman" fontSize="7.0"/>
            </TextLine>
            <TextLine id="r7l29" primaryLanguage="German" custom="readingOrder {index:28;}">
                <Coords points="180,1887 214,1886 1072,1883 1072,1915 1028,1925 179,1929"/>
                <Baseline points="184,1919 281,1919 370,1919 578,1918 752,1917 976,1915 1068,1915"/>
                <TextEquiv>
                    <Unicode>pfung des Ennstales zwiſchen Altenmarkt und</Unicode>
                </TextEquiv>
                <TextStyle fontFamily="Times New Roman" fontSize="7.0"/>
            </TextLine>
            <TextLine id="r7l30" primaryLanguage="German" custom="readingOrder {index:29;}">
                <Coords points="178,1931 801,1929 809,1955 805,1965 797,1972 196,1974 178,1964"/>
                <Baseline points="182,1964 346,1963 469,1963 659,1962 802,1962"/>
                <TextEquiv>
                    <Unicode>Mandling ſeine Sanktion erteilt.</Unicode>
                </TextEquiv>
                <TextStyle fontFamily="Times New Roman" fontSize="7.0"/>
            </TextLine>
            <TextLine id="r7l31" primaryLanguage="German" custom="readingOrder {index:30;}">
                <Coords points="225,1984 1073,1981 1073,2022 224,2025"/>
                <Baseline points="230,2017 262,2017 617,2017 671,2017 958,2014 1070,2013"/>
                <TextEquiv>
                    <Unicode>Der Salzburger Landtag. Wie man</Unicode>
                </TextEquiv>
            </TextLine>
            <TextLine id="r7l32" primaryLanguage="German" custom="readingOrder {index:31;}">
                <Coords points="178,2039 229,2033 276,2029 373,2026 987,2025 1073,2030 1074,2068 178,2070"/>
                <Baseline points="182,2062 248,2062 372,2063 514,2063 591,2062 674,2061 901,2060 1069,2060"/>
                <TextEquiv>
                    <Unicode>aus Wien meldet, iſt der Salzburger Landtag</Unicode>
                </TextEquiv>
                <TextStyle fontFamily="Times New Roman" fontSize="7.0"/>
            </TextLine>
            <TextLine id="r7l33" primaryLanguage="German" custom="readingOrder {index:32;}">
                <Coords points="180,2074 1072,2071 1072,2113 180,2116"/>
                <Baseline points="184,2107 236,2108 338,2107 407,2107 526,2107 605,2107 730,2106 911,2104 1068,2103"/>
                <TextEquiv>
                    <Unicode>für den 4. Juli zu einer einzigen Sitzung</Unicode>
                </TextEquiv>
                <TextStyle fontFamily="Times New Roman" fontSize="7.0"/>
            </TextLine>
            <TextLine id="r7l34" primaryLanguage="German" custom="readingOrder {index:33;}">
                <Coords points="182,2117 1016,2116 1072,2121 1072,2156 181,2160"/>
                <Baseline points="187,2152 367,2153 546,2152 641,2151 695,2151 963,2149 1069,2148"/>
                <TextEquiv>
                    <Unicode>einberufen worden, um ein Anlehen der</Unicode>
                </TextEquiv>
            </TextLine>
            <TextLine id="r7l35" primaryLanguage="German" custom="readingOrder {index:34;}">
                <Coords points="181,2165 1071,2160 1074,2202 183,2206"/>
                <Baseline points="186,2198 319,2197 370,2197 665,2196 837,2194 938,2193 1069,2193"/>
                <TextEquiv>
                    <Unicode>Stadt Salzburg im Betrage von ſieben</Unicode>
                </TextEquiv>
            </TextLine>
            <TextLine id="r7l36" primaryLanguage="German" custom="readingOrder {index:35;}">
                <Coords points="182,2208 645,2207 699,2208 774,2214 787,2222 786,2250 193,2252 182,2240"/>
                <Baseline points="186,2241 365,2242 528,2242 599,2242 782,2239"/>
                <TextEquiv>
                    <Unicode>Millionen Kronen zu votieren.</Unicode>
                </TextEquiv>
                <TextStyle fontFamily="Times New Roman" fontSize="7.0"/>
            </TextLine>
            <TextLine id="r7l37" primaryLanguage="German" custom="readingOrder {index:36;}">
                <Coords points="225,2263 1076,2259 1076,2300 225,2304"/>
                <Baseline points="229,2295 259,2295 288,2296 309,2295 331,2295 356,2295 388,2296 408,2295 440,2295 470,2294 512,2294 549,2295 592,2295 635,2294 688,2293 878,2293 931,2293 984,2291 1026,2291 1045,2291 1070,2291"/>
                <TextEquiv>
                    <Unicode>Anſiedlung öſterreichiſcher Fami⸗</Unicode>
                </TextEquiv>
                <TextStyle fontFamily="Times New Roman" fontSize="7.0"/>
            </TextLine>
            <TextLine id="r7l38" primaryLanguage="German" custom="readingOrder {index:37;}">
                <Coords points="180,2306 1074,2304 1074,2346 180,2348"/>
                <Baseline points="185,2339 275,2340 355,2339 422,2339 808,2335 906,2336 1069,2335"/>
                <TextEquiv>
                    <Unicode>lien in Argentinien. Wie aus Buenos</Unicode>
                </TextEquiv>
            </TextLine>
            <TextLine id="r7l39" primaryLanguage="German" custom="readingOrder {index:38;}">
                <Coords points="182,2351 1073,2349 1073,2391 182,2393"/>
                <Baseline points="186,2384 282,2384 457,2382 596,2382 702,2381 792,2381 1069,2379"/>
                <TextEquiv>
                    <Unicode>Aires gemeldet wird, läßt ein öſterreichiſcher</Unicode>
                </TextEquiv>
                <TextStyle fontFamily="Times New Roman" fontSize="7.0"/>
            </TextLine>
            <TextLine id="r7l40" primaryLanguage="German" custom="readingOrder {index:39;}">
                <Coords points="181,2394 1074,2393 1074,2432 181,2437"/>
                <Baseline points="184,2429 486,2427 579,2426 725,2425 884,2424 957,2424 1070,2423"/>
                <TextEquiv>
                    <Unicode>Großinduſtrieller den Bezirk Chubut in Süd⸗</Unicode>
                </TextEquiv>
                <TextStyle fontFamily="Times New Roman" fontSize="7.0"/>
            </TextLine>
            <TextLine id="r7l41" primaryLanguage="German" custom="readingOrder {index:40;}">
                <Coords points="182,2440 497,2438 1042,2436 1056,2437 1074,2441 1074,2478 184,2481"/>
                <Baseline points="187,2473 398,2472 530,2472 633,2471 945,2471 1070,2469"/>
                <TextEquiv>
                    <Unicode>Argentinien durch einen Studienausſchuß zwecks</Unicode>
                </TextEquiv>
                <TextStyle fontFamily="Times New Roman" fontSize="7.0"/>
            </TextLine>
            <TextLine id="r7l42" primaryLanguage="German" custom="readingOrder {index:41;}">
                <Coords points="182,2486 193,2485 1009,2481 1076,2486 1076,2522 1029,2524 182,2528"/>
                <Baseline points="187,2518 374,2518 479,2517 604,2517 890,2514 1073,2514"/>
                <TextEquiv>
                    <Unicode>Anſiedlung von 1200 öſterreichiſchen Arbeiter⸗</Unicode>
                </TextEquiv>
                <TextStyle fontFamily="Times New Roman" fontSize="7.0"/>
            </TextLine>
            <TextLine id="r7l43" primaryLanguage="German" custom="readingOrder {index:42;}">
                <Coords points="182,2530 320,2529 450,2529 495,2539 504,2550 496,2570 182,2573"/>
                <Baseline points="184,2561 330,2562 496,2562"/>
                <TextEquiv>
                    <Unicode>familien bereiſen.</Unicode>
                </TextEquiv>
                <TextStyle fontFamily="Times New Roman" fontSize="7.0"/>
            </TextLine>
            <TextLine id="r7l44" primaryLanguage="German" custom="readingOrder {index:43;}">
                <Coords points="225,2582 1071,2578 1071,2620 225,2624"/>
                <Baseline points="230,2618 255,2618 594,2616 1068,2613"/>
                <TextEquiv>
                    <Unicode>Ein kroatiſcher „Nationalfeiertag“.</Unicode>
                </TextEquiv>
            </TextLine>
            <TextLine id="r7l45" primaryLanguage="German" custom="readingOrder {index:44;}">
                <Coords points="183,2632 264,2630 363,2629 978,2626 999,2627 1072,2631 1074,2666 183,2671"/>
                <Baseline points="186,2662 248,2663 309,2664 419,2661 525,2661 592,2661 718,2663 882,2659 959,2658 1072,2658"/>
                <TextEquiv>
                    <Unicode>Am 5. Juli wird in ganz Kroatien ein ſoge⸗</Unicode>
                </TextEquiv>
                <TextStyle fontFamily="Times New Roman" fontSize="7.0"/>
            </TextLine>
            <TextLine id="r7l46" primaryLanguage="German" custom="readingOrder {index:45;}">
                <Coords points="184,2685 256,2675 964,2671 1055,2672 1076,2684 1076,2711 184,2717"/>
                <Baseline points="187,2707 325,2707 616,2707 829,2704 977,2704 1072,2702"/>
                <TextEquiv>
                    <Unicode>nannter Nationalfeiertag begangen werden, deſ⸗</Unicode>
                </TextEquiv>
                <TextStyle fontFamily="Times New Roman" fontSize="7.0"/>
            </TextLine>
            <TextLine id="r7l47" primaryLanguage="German" custom="readingOrder {index:46;}">
                <Coords points="182,2721 288,2719 332,2718 972,2716 1075,2717 1075,2760 182,2763"/>
                <Baseline points="186,2752 237,2752 520,2751 611,2751 830,2750 924,2749 1071,2749"/>
                <TextEquiv>
                    <Unicode>ſen Reinerträgnis zur Kräftigung des kroati⸗</Unicode>
                </TextEquiv>
                <TextStyle fontFamily="Times New Roman" fontSize="7.0"/>
            </TextLine>
            <TextLine id="r7l48" primaryLanguage="German" custom="readingOrder {index:47;}">
                <Coords points="181,2766 199,2765 214,2764 1075,2761 1075,2801 181,2805"/>
                <Baseline points="186,2797 268,2797 486,2796 638,2795 779,2796 998,2793 1071,2793"/>
                <TextEquiv>
                    <Unicode>ſchen Elementes dienen ſoll, insbeſondere in</Unicode>
                </TextEquiv>
                <TextStyle fontFamily="Times New Roman" fontSize="7.0"/>
            </TextLine>
            <TextLine id="r7l49" primaryLanguage="German" custom="readingOrder {index:48;}">
                <Coords points="182,2811 301,2809 554,2807 1075,2805 1075,2849 182,2854"/>
                <Baseline points="186,2841 279,2842 487,2841 572,2841 669,2840 874,2838 973,2838 1073,2837"/>
                <TextEquiv>
                    <Unicode>jenen Gegenden, wo die Anſiedlung von Un⸗</Unicode>
                </TextEquiv>
                <TextStyle fontFamily="Times New Roman" fontSize="7.0"/>
            </TextLine>
            <TextLine id="r7l50" primaryLanguage="German" custom="readingOrder {index:49;}">
                <Coords points="184,2866 320,2854 1075,2851 1075,2892 184,2897"/>
                <Baseline points="185,2887 269,2887 321,2886 427,2886 841,2884 1074,2883"/>
                <TextEquiv>
                    <Unicode>garn und Deutſchen „überhand genommen“</Unicode>
                </TextEquiv>
            </TextLine>
            <TextLine id="r7l51" primaryLanguage="German" custom="readingOrder {index:50;}">
                <Coords points="184,2900 1076,2896 1075,2937 183,2941"/>
                <Baseline points="187,2932 248,2930 497,2930 606,2932 702,2930 812,2929 983,2928 1071,2927"/>
                <TextEquiv>
                    <Unicode>hat. Namentlich ſoll aus dem Ertrage die</Unicode>
                </TextEquiv>
                <TextStyle fontFamily="Times New Roman" fontSize="7.0"/>
            </TextLine>
            <TextLine id="r7l52" primaryLanguage="German" custom="readingOrder {index:51;}">
                <Coords points="183,2946 266,2945 492,2944 789,2943 1034,2943 1075,2954 1075,2985 183,2986"/>
                <Baseline points="186,2978 360,2979 476,2978 707,2976 899,2977 1071,2975"/>
                <TextEquiv>
                    <Unicode>Errichtung und Gründung kroatiſcher Schulen</Unicode>
                </TextEquiv>
                <TextStyle fontFamily="Times New Roman" fontSize="7.0"/>
            </TextLine>
            <TextLine id="r7l53" primaryLanguage="German" custom="readingOrder {index:52;}">
                <Coords points="187,3001 230,2986 365,2990 1048,2992 1077,2999 1077,3033 187,3033"/>
                <Baseline points="188,3023 365,3024 537,3022 668,3022 835,3023 943,3022 1071,3023"/>
                <TextEquiv>
                    <Unicode>ermöglicht werden. Über Beſchluß des kroa⸗</Unicode>
                </TextEquiv>
                <TextStyle fontFamily="Times New Roman" fontSize="7.0"/>
            </TextLine>
            <TextLine id="r7l54" primaryLanguage="German" custom="readingOrder {index:53;}">
                <Coords points="184,3037 258,3032 1077,3033 1077,3076 213,3076 184,3068"/>
                <Baseline points="187,3068 296,3069 701,3068 858,3067 931,3067 1073,3067"/>
                <TextEquiv>
                    <Unicode>tiſchen Journaliſtenvereines werden an dieſem</Unicode>
                </TextEquiv>
                <TextStyle fontFamily="Times New Roman" fontSize="7.0"/>
            </TextLine>
        </TextRegion>
        <TextRegion type="paragraph" id="r8" custom="readingOrder {index:7;}">
            <Coords points="1086,185 2004,188 2002,294 2003,440 1291,441 1288,467 1085,467 1086,288"/>
            <TextLine id="r8l1" primaryLanguage="German" custom="readingOrder {index:0;}">
                <Coords points="1092,202 1337,199 1618,199 1887,200 1998,200 1998,242 1092,243"/>
                <Baseline points="1094,235 1185,237 1263,235 1393,236 1486,235 1543,235 1620,234 1791,233 1996,234"/>
                <TextEquiv>
                    <Unicode>Tage in Agram und in der Provinz auch keine</Unicode>
                </TextEquiv>
                <TextStyle fontFamily="Times New Roman" fontSize="7.0"/>
            </TextLine>
            <TextLine id="r8l2" primaryLanguage="German" custom="readingOrder {index:1;}">
                <Coords points="1091,245 1505,243 1505,286 1091,288"/>
                <Baseline points="1099,278 1275,280 1350,279 1446,279 1473,278 1493,279"/>
                <TextEquiv>
                    <Unicode>Zeitungen erſcheinen.</Unicode>
                </TextEquiv>
                <TextStyle fontFamily="Times New Roman" fontSize="7.0"/>
            </TextLine>
            <TextLine id="r8l3" primaryLanguage="German" custom="readingOrder {index:2;}">
                <Coords points="1127,291 1997,288 1997,332 1127,335"/>
                <Baseline points="1141,324 1215,323 1512,324 1756,322 1992,321"/>
                <TextEquiv>
                    <Unicode>Das ungariſche Magnatenhaus hat</Unicode>
                </TextEquiv>
            </TextLine>
            <TextLine id="r8l4" primaryLanguage="German" custom="readingOrder {index:3;}">
                <Coords points="1092,337 1996,334 1996,376 1092,378"/>
                <Baseline points="1097,369 1155,369 1409,368 1535,369 1620,368 1869,366 1992,366"/>
                <TextEquiv>
                    <Unicode>den Geſetzentwurf über die Verlängerung des</Unicode>
                </TextEquiv>
                <TextStyle fontFamily="Times New Roman" fontSize="7.0"/>
            </TextLine>
            <TextLine id="r8l5" primaryLanguage="German" custom="readingOrder {index:4;}">
                <Coords points="1091,380 1996,377 1995,420 1090,423"/>
                <Baseline points="1094,413 1343,412 1433,413 1557,410 1685,412 1859,409 1993,409"/>
                <TextEquiv>
                    <Unicode>Bankprivilegs bis 1917 ohne Debatte ange⸗</Unicode>
                </TextEquiv>
                <TextStyle fontFamily="Times New Roman" fontSize="7.0"/>
            </TextLine>
            <TextLine id="r8l6" primaryLanguage="German" custom="readingOrder {index:5;}">
                <Coords points="1093,429 1257,429 1257,458 1093,457"/>
                <Baseline points="1096,458 1253,457"/>
                <TextEquiv>
                    <Unicode>nommen.</Unicode>
                </TextEquiv>
                <TextStyle fontFamily="Times New Roman" fontSize="7.0"/>
            </TextLine>
        </TextRegion>
        <TextRegion type="heading" id="r9" custom="readingOrder {index:8;} structure {type:heading;}">
            <Coords points="1350,456 1737,456 1740,516 1348,519"/>
            <TextLine id="r9l1" primaryLanguage="German" custom="readingOrder {index:0;}">
                <Coords points="1367,467 1719,462 1722,512 1367,511"/>
                <Baseline points="1373,506 1572,504 1715,503"/>
                <TextEquiv>
                    <Unicode>Deutſches Reich.</Unicode>
                </TextEquiv>
                <TextStyle fontFamily="Times New Roman" fontSize="8.5" bold="true"/>
            </TextLine>
        </TextRegion>
        <TextRegion type="paragraph" id="r10" custom="readingOrder {index:9;}">
            <Coords points="1086,520 2003,518 2007,2043 2008,2219 1094,2216 1094,2071"/>
            <TextLine id="r10l1" primaryLanguage="German" custom="readingOrder {index:0;}">
                <Coords points="1134,525 1624,524 1999,524 1999,565 1137,568"/>
                <Baseline points="1142,559 1172,559 1514,560 1584,561 1906,557 1994,557"/>
                <TextEquiv>
                    <Unicode>Der preußiſche Landtag wurde am</Unicode>
                </TextEquiv>
            </TextLine>
            <TextLine id="r10l2" primaryLanguage="German" custom="readingOrder {index:1;}">
                <Coords points="1093,572 1914,570 1999,570 2000,613 1094,616"/>
                <Baseline points="1097,606 1261,606 1480,606 1624,605 1715,605 1783,604 1889,603 1997,603"/>
                <TextEquiv>
                    <Unicode>Mittwoch geſchloſſen. Zuvor gab es aber noch</Unicode>
                </TextEquiv>
                <TextStyle fontFamily="Times New Roman" fontSize="7.0"/>
            </TextLine>
            <TextLine id="r10l3" primaryLanguage="German" custom="readingOrder {index:2;}">
                <Coords points="1095,628 1115,618 1275,616 1999,615 1999,656 1095,658"/>
                <Baseline points="1099,650 1167,650 1269,650 1464,649 1633,650 1724,649 1825,648 1898,648 1997,648"/>
                <TextEquiv>
                    <Unicode>eine recht ſtürmiſche Sitzung. Als über die rhei⸗</Unicode>
                </TextEquiv>
                <TextStyle fontFamily="Times New Roman" fontSize="7.0"/>
            </TextLine>
            <TextLine id="r10l4" primaryLanguage="German" custom="readingOrder {index:3;}">
                <Coords points="1094,672 1122,662 1200,660 1999,659 1999,702 1094,704"/>
                <Baseline points="1098,694 1192,695 1589,694 1716,694 1832,693 1994,692"/>
                <TextEquiv>
                    <Unicode>niſche Landgemeindeordnung nach einer ziemlich</Unicode>
                </TextEquiv>
                <TextStyle fontFamily="Times New Roman" fontSize="7.0"/>
            </TextLine>
            <TextLine id="r10l5" primaryLanguage="German" custom="readingOrder {index:4;}">
                <Coords points="1095,707 1106,707 1997,703 1997,747 1095,750"/>
                <Baseline points="1098,740 1254,739 1427,738 1520,738 1775,738 2000,736"/>
                <TextEquiv>
                    <Unicode>lebhaften Debatte zur Abſtimmung geſchritten</Unicode>
                </TextEquiv>
                <TextStyle fontFamily="Times New Roman" fontSize="7.0"/>
            </TextLine>
            <TextLine id="r10l6" primaryLanguage="German" custom="readingOrder {index:5;}">
                <Coords points="1095,758 1115,749 1999,748 1999,790 1095,791"/>
                <Baseline points="1098,783 1216,783 1347,783 1457,783 1613,782 1708,783 1791,781 1919,780 1997,781"/>
                <TextEquiv>
                    <Unicode>wurde, ſtellte ſich heraus, daß das Haus be⸗</Unicode>
                </TextEquiv>
                <TextStyle fontFamily="Times New Roman" fontSize="7.0"/>
            </TextLine>
            <TextLine id="r10l7" primaryLanguage="German" custom="readingOrder {index:6;}">
                <Coords points="1094,795 1147,793 1864,791 1942,791 1956,792 2000,802 2000,832 1094,835"/>
                <Baseline points="1097,827 1328,828 1424,826 1549,827 1739,826 1877,824 1996,824"/>
                <TextEquiv>
                    <Unicode>ſchlußunfähig ſei. Das Zentrum hatte ſeine</Unicode>
                </TextEquiv>
                <TextStyle fontFamily="Times New Roman" fontSize="7.0"/>
            </TextLine>
            <TextLine id="r10l8" primaryLanguage="German" custom="readingOrder {index:7;}">
                <Coords points="1095,838 1999,836 1997,877 1095,877"/>
                <Baseline points="1098,872 1192,871 1486,871 1603,871 1673,870 1757,869 1923,868 1997,868"/>
                <TextEquiv>
                    <Unicode>Leute abkommandiert, weil es die Vorlage zu</Unicode>
                </TextEquiv>
                <TextStyle fontFamily="Times New Roman" fontSize="7.0"/>
            </TextLine>
            <TextLine id="r10l9" primaryLanguage="German" custom="readingOrder {index:8;}">
                <Coords points="1094,883 1171,881 2001,878 2001,919 1094,923"/>
                <Baseline points="1098,915 1174,915 1340,915 1476,914 1679,913 1763,913 1916,912 1996,911"/>
                <TextEquiv>
                    <Unicode>Fall bringen wollte. Präſident von Kröcher be⸗</Unicode>
                </TextEquiv>
                <TextStyle fontFamily="Times New Roman" fontSize="7.0"/>
            </TextLine>
            <TextLine id="r10l10" primaryLanguage="German" custom="readingOrder {index:9;}">
                <Coords points="1095,928 1273,924 2000,924 2000,966 1098,967"/>
                <Baseline points="1098,959 1222,959 1384,959 1485,958 1628,958 1800,957 1895,958 1999,958"/>
                <TextEquiv>
                    <Unicode>raumte hierauf eine zweite Sitzung an, von</Unicode>
                </TextEquiv>
                <TextStyle fontFamily="Times New Roman" fontSize="7.0"/>
            </TextLine>
            <TextLine id="r10l11" primaryLanguage="German" custom="readingOrder {index:10;}">
                <Coords points="1095,971 1116,970 1999,968 1999,1009 1095,1011"/>
                <Baseline points="1099,1004 1192,1004 1430,1003 1550,1003 1654,1002 1845,1002 2001,1001"/>
                <TextEquiv>
                    <Unicode>deren Tagesordnung er dem Zentrum zuliebe</Unicode>
                </TextEquiv>
                <TextStyle fontFamily="Times New Roman" fontSize="7.0"/>
            </TextLine>
            <TextLine id="r10l12" primaryLanguage="German" custom="readingOrder {index:11;}">
                <Coords points="1096,1017 1175,1016 1345,1015 2000,1013 2000,1054 1096,1057"/>
                <Baseline points="1099,1049 1147,1048 1323,1048 1434,1047 1517,1048 1716,1046 1999,1046"/>
                <TextEquiv>
                    <Unicode>die Vorlage über die rheiniſche Gemeindeord⸗</Unicode>
                </TextEquiv>
                <TextStyle fontFamily="Times New Roman" fontSize="7.0"/>
            </TextLine>
            <TextLine id="r10l13" primaryLanguage="German" custom="readingOrder {index:12;}">
                <Coords points="1095,1061 1189,1059 1999,1058 1999,1100 1097,1102"/>
                <Baseline points="1099,1094 1199,1093 1353,1093 1465,1092 1631,1091 1724,1091 1998,1092"/>
                <TextEquiv>
                    <Unicode>nung abſetzte. Das behagte den Nationallibe⸗</Unicode>
                </TextEquiv>
                <TextStyle fontFamily="Times New Roman" fontSize="7.0"/>
            </TextLine>
            <TextLine id="r10l14" primaryLanguage="German" custom="readingOrder {index:13;}">
                <Coords points="1094,1104 1164,1101 1999,1100 1999,1144 1096,1146"/>
                <Baseline points="1099,1138 1191,1138 1308,1139 1384,1137 1471,1137 1546,1137 1652,1136 1998,1137"/>
                <TextEquiv>
                    <Unicode>ralen nicht, die ſich für dieſe Gemeindeordnung</Unicode>
                </TextEquiv>
                <TextStyle fontFamily="Times New Roman" fontSize="7.0"/>
            </TextLine>
            <TextLine id="r10l15" primaryLanguage="German" custom="readingOrder {index:14;}">
                <Coords points="1096,1151 1153,1150 1692,1146 2000,1146 2000,1188 1097,1190"/>
                <Baseline points="1101,1182 1249,1182 1346,1181 1543,1181 1626,1180 1710,1181 1909,1179 1996,1180"/>
                <TextEquiv>
                    <Unicode>einſetzen. Sie erklärten, daß der Präſident un⸗</Unicode>
                </TextEquiv>
                <TextStyle fontFamily="Times New Roman" fontSize="7.0"/>
            </TextLine>
            <TextLine id="r10l16" primaryLanguage="German" custom="readingOrder {index:15;}">
                <Coords points="1096,1193 1122,1195 1123,1194 1833,1191 1918,1192 2001,1195 2001,1233 1096,1236"/>
                <Baseline points="1101,1228 1242,1226 1434,1226 1545,1227 1643,1225 1716,1224 2000,1224"/>
                <TextEquiv>
                    <Unicode>geſetzlich gehandelt habe, weil die Tagesordnung</Unicode>
                </TextEquiv>
                <TextStyle fontFamily="Times New Roman" fontSize="7.0"/>
            </TextLine>
            <TextLine id="r10l17" primaryLanguage="German" custom="readingOrder {index:16;}">
                <Coords points="1096,1239 2001,1235 2001,1276 1096,1280"/>
                <Baseline points="1100,1272 1284,1271 1442,1270 1628,1269 1756,1269 1850,1268 2000,1268"/>
                <TextEquiv>
                    <Unicode>jedermann gedruckt vorliegen müſſe. Der Sozial⸗</Unicode>
                </TextEquiv>
                <TextStyle fontFamily="Times New Roman" fontSize="7.0"/>
            </TextLine>
            <TextLine id="r10l18" primaryLanguage="German" custom="readingOrder {index:17;}">
                <Coords points="1097,1284 1104,1284 2001,1280 2001,1320 1097,1324"/>
                <Baseline points="1099,1316 1255,1315 1458,1314 1667,1313 1906,1312 1998,1312"/>
                <TextEquiv>
                    <Unicode>demokrat Hoffmann beantragte namentliche Ab⸗</Unicode>
                </TextEquiv>
                <TextStyle fontFamily="Times New Roman" fontSize="7.0"/>
            </TextLine>
            <TextLine id="r10l19" primaryLanguage="German" custom="readingOrder {index:18;}">
                <Coords points="1096,1328 2000,1324 2000,1364 1096,1368"/>
                <Baseline points="1101,1360 1268,1361 1361,1359 1463,1359 1581,1358 1655,1358 1906,1359 1997,1356"/>
                <TextEquiv>
                    <Unicode>ſtimmung und fand dabei die Unterſtützung der</Unicode>
                </TextEquiv>
                <TextStyle fontFamily="Times New Roman" fontSize="7.0"/>
            </TextLine>
            <TextLine id="r10l20" primaryLanguage="German" custom="readingOrder {index:19;}">
                <Coords points="1097,1383 1137,1372 1144,1370 1998,1368 1998,1411 1097,1414"/>
                <Baseline points="1097,1404 1257,1404 1403,1404 1483,1403 1553,1403 1642,1402 1994,1401"/>
                <TextEquiv>
                    <Unicode>geſamten Linken bis zu den Nationalliberalen.</Unicode>
                </TextEquiv>
                <TextStyle fontFamily="Times New Roman" fontSize="7.0"/>
            </TextLine>
            <TextLine id="r10l21" primaryLanguage="German" custom="readingOrder {index:20;}">
                <Coords points="1096,1416 2001,1414 2003,1454 1098,1456"/>
                <Baseline points="1100,1448 1162,1448 1238,1448 1487,1447 1631,1448 1744,1447 1827,1445 1921,1445 1997,1445"/>
                <TextEquiv>
                    <Unicode>Bei der Abſtimmung verließ jedoch ein Teil der</Unicode>
                </TextEquiv>
                <TextStyle fontFamily="Times New Roman" fontSize="7.0"/>
            </TextLine>
            <TextLine id="r10l22" primaryLanguage="German" custom="readingOrder {index:21;}">
                <Coords points="1099,1460 2002,1457 2000,1497 1097,1500"/>
                <Baseline points="1102,1494 1217,1493 1309,1492 1431,1493 1530,1492 1623,1491 1750,1491 1852,1490 1997,1489"/>
                <TextEquiv>
                    <Unicode>Linken den Saal und das Haus war wieder</Unicode>
                </TextEquiv>
                <TextStyle fontFamily="Times New Roman" fontSize="7.0"/>
            </TextLine>
            <TextLine id="r10l23" primaryLanguage="German" custom="readingOrder {index:22;}">
                <Coords points="1097,1506 1112,1505 2001,1501 2003,1544 1099,1548"/>
                <Baseline points="1101,1539 1383,1537 1462,1537 1599,1536 1697,1535 1811,1537 1884,1534 1998,1534"/>
                <TextEquiv>
                    <Unicode>beſchlußunfähig. Es mußte eine neue, die dritte</Unicode>
                </TextEquiv>
                <TextStyle fontFamily="Times New Roman" fontSize="7.0"/>
            </TextLine>
            <TextLine id="r10l24" primaryLanguage="German" custom="readingOrder {index:23;}">
                <Coords points="1099,1550 1113,1550 2000,1547 2000,1588 1099,1591"/>
                <Baseline points="1102,1583 1260,1582 1466,1582 1616,1581 1771,1580 1859,1580 1922,1580 1999,1580"/>
                <TextEquiv>
                    <Unicode>Sitzung, anberaumt werden. Wieder gab es er⸗</Unicode>
                </TextEquiv>
                <TextStyle fontFamily="Times New Roman" fontSize="7.0"/>
            </TextLine>
            <TextLine id="r10l25" primaryLanguage="German" custom="readingOrder {index:24;}">
                <Coords points="1099,1606 1122,1594 1983,1591 2000,1600 1999,1633 1098,1638"/>
                <Baseline points="1103,1627 1187,1626 1703,1627 1838,1625 1998,1623"/>
                <TextEquiv>
                    <Unicode>regte Geſchäftsordnungsdebatten, deren Schärfe</Unicode>
                </TextEquiv>
                <TextStyle fontFamily="Times New Roman" fontSize="7.0"/>
            </TextLine>
            <TextLine id="r10l26" primaryLanguage="German" custom="readingOrder {index:25;}">
                <Coords points="1101,1640 1145,1637 2002,1636 2002,1677 1101,1680"/>
                <Baseline points="1102,1671 1154,1672 1299,1671 1416,1671 1592,1670 1687,1670 1798,1669 1892,1668 2001,1669"/>
                <TextEquiv>
                    <Unicode>ſich immer mehr ſteigerte. Als Herr von Pap⸗</Unicode>
                </TextEquiv>
                <TextStyle fontFamily="Times New Roman" fontSize="7.0"/>
            </TextLine>
            <TextLine id="r10l27" primaryLanguage="German" custom="readingOrder {index:26;}">
                <Coords points="1100,1689 1166,1683 1217,1682 2001,1680 2001,1721 1100,1724"/>
                <Baseline points="1101,1716 1246,1716 1328,1715 1471,1715 1640,1716 1723,1715 1797,1713 1918,1713 1998,1713"/>
                <TextEquiv>
                    <Unicode>penheim der Linken vorwarf, daß ſie unter der</Unicode>
                </TextEquiv>
                <TextStyle fontFamily="Times New Roman" fontSize="7.0"/>
            </TextLine>
            <TextLine id="r10l28" primaryLanguage="German" custom="readingOrder {index:27;}">
                <Coords points="1099,1728 1299,1724 2001,1723 2001,1767 1099,1768"/>
                <Baseline points="1101,1760 1257,1760 1340,1760 1683,1759 1885,1758 2000,1760"/>
                <TextEquiv>
                    <Unicode>Führung des Sozialdemokraten Hoffmann ſtehe,</Unicode>
                </TextEquiv>
                <TextStyle fontFamily="Times New Roman" fontSize="7.0"/>
            </TextLine>
            <TextLine id="r10l29" primaryLanguage="German" custom="readingOrder {index:28;}">
                <Coords points="1101,1783 1139,1772 1152,1771 1156,1770 2004,1768 2003,1814 1101,1814"/>
                <Baseline points="1104,1804 1269,1804 1402,1805 1511,1805 1667,1804 1870,1803 2002,1801"/>
                <TextEquiv>
                    <Unicode>erſchollen Rufe, wie: „Dieſe Frechheit! Dieſe</Unicode>
                </TextEquiv>
                <TextStyle fontFamily="Times New Roman" fontSize="7.0"/>
            </TextLine>
            <TextLine id="r10l30" primaryLanguage="German" custom="readingOrder {index:29;}">
                <Coords points="1101,1817 1164,1815 1454,1813 2002,1813 2002,1856 1101,1856"/>
                <Baseline points="1104,1848 1397,1849 1542,1848 1689,1847 1812,1847 1897,1846 1998,1848"/>
                <TextEquiv>
                    <Unicode>Unverſchämtheit!“ Man richtete gegen den Prä⸗</Unicode>
                </TextEquiv>
                <TextStyle fontFamily="Times New Roman" fontSize="7.0"/>
            </TextLine>
            <TextLine id="r10l31" primaryLanguage="German" custom="readingOrder {index:30;}">
                <Coords points="1100,1860 2002,1857 2002,1899 1100,1902"/>
                <Baseline points="1101,1894 1241,1893 1340,1893 1531,1894 1625,1892 1903,1890 1999,1891"/>
                <TextEquiv>
                    <Unicode>ſidenten den Vorwurf der Parteilichkeit. In</Unicode>
                </TextEquiv>
                <TextStyle fontFamily="Times New Roman" fontSize="7.0"/>
            </TextLine>
            <TextLine id="r10l32" primaryLanguage="German" custom="readingOrder {index:31;}">
                <Coords points="1100,1906 1219,1905 1470,1903 2002,1902 2002,1944 1100,1946"/>
                <Baseline points="1104,1938 1172,1937 1428,1937 1623,1937 1799,1935 1999,1936"/>
                <TextEquiv>
                    <Unicode>dem allgemeinen Rummel erklärte ſchließlich</Unicode>
                </TextEquiv>
                <TextStyle fontFamily="Times New Roman" fontSize="7.0"/>
            </TextLine>
            <TextLine id="r10l33" primaryLanguage="German" custom="readingOrder {index:32;}">
                <Coords points="1099,1950 1981,1945 2001,1955 2001,1991 1099,1992"/>
                <Baseline points="1101,1984 1272,1982 1446,1982 1549,1982 1642,1981 1854,1980 1999,1979"/>
                <TextEquiv>
                    <Unicode>Präſident Kröcher, daß ein Schreiben einge⸗</Unicode>
                </TextEquiv>
                <TextStyle fontFamily="Times New Roman" fontSize="7.0"/>
            </TextLine>
            <TextLine id="r10l34" primaryLanguage="German" custom="readingOrder {index:33;}">
                <Coords points="1100,2004 1257,1993 1273,1992 2003,1990 2003,2032 1100,2035"/>
                <Baseline points="1103,2027 1229,2027 1307,2027 1395,2027 1491,2026 1576,2027 1927,2025 2001,2024"/>
                <TextEquiv>
                    <Unicode>gangen ſei, mit dem das Abgeordnetenhaus um</Unicode>
                </TextEquiv>
                <TextStyle fontFamily="Times New Roman" fontSize="7.0"/>
            </TextLine>
            <TextLine id="r10l35" primaryLanguage="German" custom="readingOrder {index:34;}">
                <Coords points="1101,2039 1558,2036 1805,2036 1824,2043 1824,2079 1117,2078 1101,2070"/>
                <Baseline points="1103,2070 1124,2070 1224,2072 1468,2071 1681,2070 1820,2069"/>
                <TextEquiv>
                    <Unicode>5 Uhr nachmittags geſchloſſen werde.</Unicode>
                </TextEquiv>
                <TextStyle fontFamily="Times New Roman" fontSize="7.0"/>
            </TextLine>
            <TextLine id="r10l36" primaryLanguage="German" custom="readingOrder {index:35;}">
                <Coords points="1142,2081 1157,2081 2002,2078 2002,2120 1142,2122"/>
                <Baseline points="1148,2115 1253,2113 1377,2114 1471,2114 1665,2112 1998,2112"/>
                <TextEquiv>
                    <Unicode>Eine neue Partei. Eine elſaß⸗lothringiſche</Unicode>
                </TextEquiv>
            </TextLine>
            <TextLine id="r10l37" primaryLanguage="German" custom="readingOrder {index:36;}">
                <Coords points="1100,2127 1124,2126 1709,2123 2002,2123 2002,2167 1100,2168"/>
                <Baseline points="1103,2159 1364,2158 1419,2159 1477,2158 1687,2159 1862,2157 2001,2158"/>
                <TextEquiv>
                    <Unicode>Nationalpartei iſt in Straßburg endgültig konſti⸗</Unicode>
                </TextEquiv>
                <TextStyle fontFamily="Times New Roman" fontSize="7.0"/>
            </TextLine>
            <TextLine id="r10l38" primaryLanguage="German" custom="readingOrder {index:37;}">
                <Coords points="1100,2174 1140,2171 1561,2167 1750,2167 1777,2169 1789,2201 1780,2209 1769,2211 1249,2215 1101,2207"/>
                <Baseline points="1102,2203 1199,2203 1356,2202 1442,2202 1566,2204 1779,2203"/>
                <TextEquiv>
                    <Unicode>tuiert worden. Sie iſt autonomiſtiſch.</Unicode>
                </TextEquiv>
                <TextStyle fontFamily="Times New Roman" fontSize="7.0"/>
            </TextLine>
        </TextRegion>
        <TextRegion type="heading" id="r11" custom="readingOrder {index:10;} structure {type:heading;}">
            <Coords points="1452,2220 1648,2219 1648,2273 1452,2274"/>
            <TextLine id="r11l1" primaryLanguage="German" custom="readingOrder {index:0;}">
                <Coords points="1457,2229 1495,2228 1588,2227 1608,2227 1641,2236 1641,2269 1457,2269"/>
                <Baseline points="1464,2262 1634,2262"/>
                <TextEquiv>
                    <Unicode>Italien.</Unicode>
                </TextEquiv>
                <TextStyle fontFamily="Times New Roman" fontSize="8.5" bold="true"/>
            </TextLine>
        </TextRegion>
        <TextRegion type="paragraph" id="r12" custom="readingOrder {index:11;}">
            <Coords points="1093,2274 2009,2278 2012,3090 1098,3089"/>
            <TextLine id="r12l1" primaryLanguage="German" custom="readingOrder {index:0;}">
                <Coords points="1142,2280 1627,2282 1894,2284 2003,2288 2002,2325 1142,2324"/>
                <Baseline points="1148,2315 1254,2315 1356,2316 1591,2317 1655,2315 1998,2315"/>
                <TextEquiv>
                    <Unicode>Eine irredentiſtiſche Kundgebung.</Unicode>
                </TextEquiv>
                <TextStyle fontFamily="Times New Roman" fontSize="7.0"/>
            </TextLine>
            <TextLine id="r12l2" primaryLanguage="German" custom="readingOrder {index:1;}">
                <Coords points="1099,2325 1146,2323 2004,2325 2004,2370 1099,2367"/>
                <Baseline points="1104,2358 1187,2359 1297,2359 1419,2360 1533,2359 1595,2360 1824,2359 2001,2360"/>
                <TextEquiv>
                    <Unicode>Auf einem dieſer Tage in Cervignano abgehal⸗</Unicode>
                </TextEquiv>
                <TextStyle fontFamily="Times New Roman" fontSize="7.0"/>
            </TextLine>
            <TextLine id="r12l3" primaryLanguage="German" custom="readingOrder {index:2;}">
                <Coords points="1099,2368 1217,2367 2002,2368 2002,2414 1100,2413"/>
                <Baseline points="1103,2403 1195,2403 1388,2403 1464,2405 1732,2403 1870,2404 1999,2404"/>
                <TextEquiv>
                    <Unicode>tenen Kongreſſe der venetianiſchen Lehrer wurde</Unicode>
                </TextEquiv>
                <TextStyle fontFamily="Times New Roman" fontSize="7.0"/>
            </TextLine>
            <TextLine id="r12l4" primaryLanguage="German" custom="readingOrder {index:3;}">
                <Coords points="1101,2412 1215,2412 2003,2413 2003,2456 1100,2458"/>
                <Baseline points="1105,2447 1171,2447 1455,2450 1699,2450 1805,2450 1934,2448 1999,2448"/>
                <TextEquiv>
                    <Unicode>eine Tagesordnung angenommen, nach welcher die</Unicode>
                </TextEquiv>
                <TextStyle fontFamily="Times New Roman" fontSize="7.0"/>
            </TextLine>
            <TextLine id="r12l5" primaryLanguage="German" custom="readingOrder {index:4;}">
                <Coords points="1100,2457 1210,2455 1938,2455 2004,2455 2004,2502 1101,2503"/>
                <Baseline points="1105,2493 1167,2493 1391,2493 1519,2492 1769,2493 2000,2492"/>
                <TextEquiv>
                    <Unicode>alte Forderung einer italieniſchen Univerſität</Unicode>
                </TextEquiv>
                <TextStyle fontFamily="Times New Roman" fontSize="7.0"/>
            </TextLine>
            <TextLine id="r12l6" primaryLanguage="German" custom="readingOrder {index:5;}">
                <Coords points="1101,2502 1379,2501 2004,2501 2006,2548 1103,2546"/>
                <Baseline points="1105,2537 1140,2537 1286,2538 1458,2537 1556,2536 1817,2538 1927,2538 2002,2537"/>
                <TextEquiv>
                    <Unicode>in Trieſt erhoben, die Anerkennung des in</Unicode>
                </TextEquiv>
                <TextStyle fontFamily="Times New Roman" fontSize="7.0"/>
            </TextLine>
            <TextLine id="r12l7" primaryLanguage="German" custom="readingOrder {index:6;}">
                <Coords points="1101,2548 1565,2546 2004,2547 2004,2593 1101,2591"/>
                <Baseline points="1106,2583 1234,2582 1467,2582 1687,2584 1780,2582 2002,2585"/>
                <TextEquiv>
                    <Unicode>Italien erworbenen Doktorates, die Vergebung</Unicode>
                </TextEquiv>
                <TextStyle fontFamily="Times New Roman" fontSize="7.0"/>
            </TextLine>
            <TextLine id="r12l8" primaryLanguage="German" custom="readingOrder {index:7;}">
                <Coords points="1099,2592 1179,2594 1850,2591 2005,2591 2005,2636 1102,2638"/>
                <Baseline points="1104,2629 1156,2628 1254,2628 1476,2628 1705,2628 1771,2627 1856,2626 2001,2626"/>
                <TextEquiv>
                    <Unicode>der jetzt unbeſetzten Lehrkanzel an der Inns⸗</Unicode>
                </TextEquiv>
                <TextStyle fontFamily="Times New Roman" fontSize="7.0"/>
            </TextLine>
            <TextLine id="r12l9" primaryLanguage="German" custom="readingOrder {index:8;}">
                <Coords points="1102,2635 1175,2638 2004,2635 2004,2679 1102,2680"/>
                <Baseline points="1106,2672 1223,2672 1460,2672 1610,2671 1701,2671 1901,2672 2002,2671"/>
                <TextEquiv>
                    <Unicode>brucker Univerſität, ferner der Gebrauch der</Unicode>
                </TextEquiv>
                <TextStyle fontFamily="Times New Roman" fontSize="7.0"/>
            </TextLine>
            <TextLine id="r12l10" primaryLanguage="German" custom="readingOrder {index:9;}">
                <Coords points="1102,2681 1126,2680 2005,2679 2005,2723 1103,2724"/>
                <Baseline points="1106,2716 1316,2716 1479,2715 1570,2717 1646,2716 1848,2716 1909,2715 2003,2716"/>
                <TextEquiv>
                    <Unicode>italieniſchen Sprache und der Unterricht in der⸗</Unicode>
                </TextEquiv>
                <TextStyle fontFamily="Times New Roman" fontSize="7.0"/>
            </TextLine>
            <TextLine id="r12l11" primaryLanguage="German" custom="readingOrder {index:10;}">
                <Coords points="1104,2725 2005,2725 2005,2766 1104,2768"/>
                <Baseline points="1106,2763 1207,2760 1279,2760 1564,2760 1829,2759 1924,2760 2002,2759"/>
                <TextEquiv>
                    <Unicode>ſelben an öſterreichiſchen Univerſitäten und die</Unicode>
                </TextEquiv>
                <TextStyle fontFamily="Times New Roman" fontSize="7.0"/>
            </TextLine>
            <TextLine id="r12l12" primaryLanguage="German" custom="readingOrder {index:11;}">
                <Coords points="1103,2771 1157,2768 1968,2768 2006,2767 2007,2813 1103,2815"/>
                <Baseline points="1106,2805 1288,2805 1414,2805 1657,2805 2002,2804"/>
                <TextEquiv>
                    <Unicode>Errichtung einer italieniſchen Prüfungskommiſ⸗</Unicode>
                </TextEquiv>
                <TextStyle fontFamily="Times New Roman" fontSize="7.0"/>
            </TextLine>
            <TextLine id="r12l13" primaryLanguage="German" custom="readingOrder {index:12;}">
                <Coords points="1104,2815 1204,2814 2005,2814 2005,2859 1104,2859"/>
                <Baseline points="1105,2849 1174,2848 1240,2849 1426,2849 1595,2851 1755,2848 1870,2848 2002,2849"/>
                <TextEquiv>
                    <Unicode>ſion an denſelben verlangt wurden. Man erwar⸗</Unicode>
                </TextEquiv>
                <TextStyle fontFamily="Times New Roman" fontSize="7.0"/>
            </TextLine>
            <TextLine id="r12l14" primaryLanguage="German" custom="readingOrder {index:13;}">
                <Coords points="1103,2866 1119,2858 1251,2857 1771,2857 1877,2860 1986,2863 2007,2865 2005,2902 1101,2902"/>
                <Baseline points="1106,2893 1149,2894 1237,2892 1322,2893 1558,2892 1823,2893 1918,2892 2003,2892"/>
                <TextEquiv>
                    <Unicode>tet von den italieniſchen Abgeordneten eine ent⸗</Unicode>
                </TextEquiv>
                <TextStyle fontFamily="Times New Roman" fontSize="7.0"/>
            </TextLine>
            <TextLine id="r12l15" primaryLanguage="German" custom="readingOrder {index:14;}">
                <Coords points="1104,2905 1394,2903 2005,2905 2005,2947 1104,2945"/>
                <Baseline points="1108,2937 1254,2937 1411,2937 1503,2936 1734,2937 1914,2937 2002,2939"/>
                <TextEquiv>
                    <Unicode>ſchiedene Haltung der Regierung gegenüber, daß</Unicode>
                </TextEquiv>
                <TextStyle fontFamily="Times New Roman" fontSize="7.0"/>
            </TextLine>
            <TextLine id="r12l16" primaryLanguage="German" custom="readingOrder {index:15;}">
                <Coords points="1103,2950 1129,2947 1379,2947 1762,2948 1885,2949 1935,2949 1990,2948 2006,2962 2006,2990 1103,2990"/>
                <Baseline points="1107,2982 1233,2981 1315,2982 1490,2982 1714,2982 1816,2981 2003,2982"/>
                <TextEquiv>
                    <Unicode>dieſelbe im nächſten Schuljahre ihre Verſpre⸗</Unicode>
                </TextEquiv>
                <TextStyle fontFamily="Times New Roman" fontSize="7.0"/>
            </TextLine>
            <TextLine id="r12l17" primaryLanguage="German" custom="readingOrder {index:16;}">
                <Coords points="1104,2994 1528,2990 2007,2990 2007,3035 1104,3036"/>
                <Baseline points="1106,3028 1245,3027 1392,3026 1467,3027 1572,3027 1657,3028 1736,3027 1880,3026 2006,3027"/>
                <TextEquiv>
                    <Unicode>chungen einlöſe. Es wird auf den großen „Übel⸗</Unicode>
                </TextEquiv>
                <TextStyle fontFamily="Times New Roman" fontSize="7.0"/>
            </TextLine>
            <TextLine id="r12l18" primaryLanguage="German" custom="readingOrder {index:17;}">
                <Coords points="1105,3036 1907,3036 1943,3038 2007,3038 2008,3080 1943,3080 1109,3080 1105,3079"/>
                <Baseline points="1107,3072 1211,3072 1299,3072 1486,3072 1531,3071 2004,3072"/>
                <TextEquiv>
                    <Unicode>ſtand“ des Mangels einer philoſophiſchen</Unicode>
                </TextEquiv>
            </TextLine>
        </TextRegion>
        <TextRegion type="paragraph" id="r13" custom="readingOrder {index:12;}">
            <Coords points="2014,189 2948,185 2950,418 2947,1893 2949,2078 2022,2076 2022,1874 2019,1027 2017,404"/>
            <TextLine id="r13l1" primaryLanguage="German" custom="readingOrder {index:0;}">
                <Coords points="2021,197 2928,192 2928,236 2021,241"/>
                <Baseline points="2027,233 2191,233 2415,230 2551,232 2679,230 2761,228 2838,229 2925,227"/>
                <TextEquiv>
                    <Unicode>Fakultät hingewieſen. Trieſt wurde als der Sitz</Unicode>
                </TextEquiv>
                <TextStyle fontFamily="Times New Roman" fontSize="7.0"/>
            </TextLine>
            <TextLine id="r13l2" primaryLanguage="German" custom="readingOrder {index:1;}">
                <Coords points="2021,242 2926,237 2929,279 2024,283"/>
                <Baseline points="2026,275 2078,274 2107,273 2319,276 2443,275 2719,273 2925,270"/>
                <TextEquiv>
                    <Unicode>der verlangten juridiſchen Fakultät ausdrück⸗</Unicode>
                </TextEquiv>
                <TextStyle fontFamily="Times New Roman" fontSize="7.0"/>
            </TextLine>
            <TextLine id="r13l3" primaryLanguage="German" custom="readingOrder {index:2;}">
                <Coords points="2023,287 2029,285 2751,281 2928,283 2928,323 2023,328"/>
                <Baseline points="2025,319 2082,319 2154,319 2238,318 2518,317 2821,316 2924,315"/>
                <TextEquiv>
                    <Unicode>lich in die Tagesordnung aufgenommen. Die</Unicode>
                </TextEquiv>
                <TextStyle fontFamily="Times New Roman" fontSize="7.0"/>
            </TextLine>
            <TextLine id="r13l4" primaryLanguage="German" custom="readingOrder {index:3;}">
                <Coords points="2023,332 2072,327 2875,328 2927,328 2930,371 2840,371 2023,370"/>
                <Baseline points="2026,362 2300,363 2573,363 2754,362 2923,364"/>
                <TextEquiv>
                    <Unicode>irredentiſtiſchen Herrſchaften werden immer</Unicode>
                </TextEquiv>
                <TextStyle fontFamily="Times New Roman" fontSize="7.0"/>
            </TextLine>
            <TextLine id="r13l5" primaryLanguage="German" custom="readingOrder {index:4;}">
                <Coords points="2023,373 2113,373 2155,386 2155,416 2033,416 2023,407"/>
                <Baseline points="2028,408 2150,408"/>
                <TextEquiv>
                    <Unicode>kühner.</Unicode>
                </TextEquiv>
                <TextStyle fontFamily="Times New Roman" fontSize="7.0"/>
            </TextLine>
            <TextLine id="r13l6" primaryLanguage="German" custom="readingOrder {index:5;}">
                <Coords points="2053,417 2931,415 2932,456 2055,460"/>
                <Baseline points="2073,454 2115,454 2192,453 2216,451 2487,453 2633,451 2821,449 2925,449"/>
                <TextEquiv>
                    <Unicode>Die Manöver. Die großen Manöver wer⸗</Unicode>
                </TextEquiv>
            </TextLine>
            <TextLine id="r13l7" primaryLanguage="German" custom="readingOrder {index:6;}">
                <Coords points="2022,464 2101,462 2761,460 2894,462 2931,463 2931,502 2022,505"/>
                <Baseline points="2026,497 2085,496 2209,496 2315,496 2397,495 2541,496 2636,496 2699,495 2923,494"/>
                <TextEquiv>
                    <Unicode>den heuer vom 15. Auguſt bis 2. September</Unicode>
                </TextEquiv>
                <TextStyle fontFamily="Times New Roman" fontSize="7.0"/>
            </TextLine>
            <TextLine id="r13l8" primaryLanguage="German" custom="readingOrder {index:7;}">
                <Coords points="2023,509 2497,506 2662,505 2806,505 2928,506 2928,548 2023,549"/>
                <Baseline points="2026,541 2070,541 2218,541 2435,541 2652,540 2787,539 2924,540"/>
                <TextEquiv>
                    <Unicode>im oberen Monſerrato, einbezüglich das Terri⸗</Unicode>
                </TextEquiv>
                <TextStyle fontFamily="Times New Roman" fontSize="7.0"/>
            </TextLine>
            <TextLine id="r13l9" primaryLanguage="German" custom="readingOrder {index:8;}">
                <Coords points="2025,553 2079,553 2122,552 2930,549 2930,594 2024,594"/>
                <Baseline points="2027,586 2147,585 2233,586 2454,585 2657,584 2839,583 2925,583"/>
                <TextEquiv>
                    <Unicode>torium von Aleſſandria, Tortona, Voghera, Pa⸗</Unicode>
                </TextEquiv>
                <TextStyle fontFamily="Times New Roman" fontSize="7.0"/>
            </TextLine>
            <TextLine id="r13l10" primaryLanguage="German" custom="readingOrder {index:9;}">
                <Coords points="2023,597 2046,598 2136,594 2842,594 2929,596 2930,636 2025,638"/>
                <Baseline points="2028,630 2108,631 2280,631 2379,631 2528,628 2753,628 2926,629"/>
                <TextEquiv>
                    <Unicode>via, Berecelli und Caſale ſtattfinden. Daran</Unicode>
                </TextEquiv>
                <TextStyle fontFamily="Times New Roman" fontSize="7.0"/>
            </TextLine>
            <TextLine id="r13l11" primaryLanguage="German" custom="readingOrder {index:10;}">
                <Coords points="2023,639 2141,639 2928,637 2928,680 2024,683"/>
                <Baseline points="2028,676 2123,675 2197,675 2242,673 2477,675 2568,674 2789,674 2924,674"/>
                <TextEquiv>
                    <Unicode>ſollen die 4 Armeekorps von Aleſſandria, Mai⸗</Unicode>
                </TextEquiv>
                <TextStyle fontFamily="Times New Roman" fontSize="7.0"/>
            </TextLine>
            <TextLine id="r13l12" primaryLanguage="German" custom="readingOrder {index:11;}">
                <Coords points="2025,686 2300,684 2928,683 2928,725 2025,726"/>
                <Baseline points="2028,719 2121,720 2246,719 2336,719 2478,718 2703,717 2791,718 2925,717"/>
                <TextEquiv>
                    <Unicode>land, Turin und Genua teilnehmen. Das Haupt⸗</Unicode>
                </TextEquiv>
                <TextStyle fontFamily="Times New Roman" fontSize="7.0"/>
            </TextLine>
            <TextLine id="r13l13" primaryLanguage="German" custom="readingOrder {index:12;}">
                <Coords points="2024,731 2107,730 2882,728 2929,729 2930,768 2024,772"/>
                <Baseline points="2030,764 2167,763 2285,763 2400,763 2504,763 2714,761 2925,761"/>
                <TextEquiv>
                    <Unicode>quartier käme nach San Salvatore Monſer⸗</Unicode>
                </TextEquiv>
                <TextStyle fontFamily="Times New Roman" fontSize="7.0"/>
            </TextLine>
            <TextLine id="r13l14" primaryLanguage="German" custom="readingOrder {index:13;}">
                <Coords points="2024,774 2192,774 2432,772 2908,772 2928,781 2928,814 2026,815"/>
                <Baseline points="2028,807 2116,807 2245,808 2351,808 2439,807 2597,807 2778,806 2922,806"/>
                <TextEquiv>
                    <Unicode>rato, wohin auch der König eintreffen dürfte.</Unicode>
                </TextEquiv>
                <TextStyle fontFamily="Times New Roman" fontSize="7.0"/>
            </TextLine>
            <TextLine id="r13l15" primaryLanguage="German" custom="readingOrder {index:14;}">
                <Coords points="2024,819 2210,815 2930,814 2930,857 2024,859"/>
                <Baseline points="2026,851 2115,851 2210,852 2352,851 2463,851 2534,850 2617,850 2820,848 2926,849"/>
                <TextEquiv>
                    <Unicode>Man will damit, heißt es, die Erinnerung an</Unicode>
                </TextEquiv>
                <TextStyle fontFamily="Times New Roman" fontSize="7.0"/>
            </TextLine>
            <TextLine id="r13l16" primaryLanguage="German" custom="readingOrder {index:15;}">
                <Coords points="2024,861 2183,860 2930,860 2930,903 2024,904"/>
                <Baseline points="2028,896 2086,896 2240,896 2329,895 2493,895 2587,894 2757,894 2832,894 2926,894"/>
                <TextEquiv>
                    <Unicode>den Beginn und Abſchluß der Schlacht bei Pa⸗</Unicode>
                </TextEquiv>
                <TextStyle fontFamily="Times New Roman" fontSize="7.0"/>
            </TextLine>
            <TextLine id="r13l17" primaryLanguage="German" custom="readingOrder {index:16;}">
                <Coords points="2025,906 2043,904 2891,903 2929,905 2928,946 2024,947"/>
                <Baseline points="2028,939 2117,939 2265,940 2475,937 2580,938 2704,937 2788,937 2926,938"/>
                <TextEquiv>
                    <Unicode>leſtro wieder wachrufen, wie 1900 die napo⸗</Unicode>
                </TextEquiv>
                <TextStyle fontFamily="Times New Roman" fontSize="7.0"/>
            </TextLine>
            <TextLine id="r13l18" primaryLanguage="German" custom="readingOrder {index:17;}">
                <Coords points="2025,951 2098,947 2435,947 2895,949 2927,949 2928,993 2025,991"/>
                <Baseline points="2028,983 2197,984 2416,983 2501,983 2696,982 2798,982 2924,983"/>
                <TextEquiv>
                    <Unicode>leoniſchen Schlachten bei Marengo und Dego</Unicode>
                </TextEquiv>
                <TextStyle fontFamily="Times New Roman" fontSize="7.0"/>
            </TextLine>
            <TextLine id="r13l19" primaryLanguage="German" custom="readingOrder {index:18;}">
                <Coords points="2026,993 2331,993 2529,993 2575,995 2629,1004 2629,1037 2030,1038 2026,1025"/>
                <Baseline points="2027,1028 2062,1028 2294,1027 2462,1028 2625,1027"/>
                <TextEquiv>
                    <Unicode>in Erinnerung gebracht wurden.</Unicode>
                </TextEquiv>
                <TextStyle fontFamily="Times New Roman" fontSize="7.0"/>
            </TextLine>
            <TextLine id="r13l20" primaryLanguage="German" custom="readingOrder {index:19;}">
                <Coords points="2068,1045 2196,1046 2931,1044 2930,1090 2069,1092"/>
                <Baseline points="2072,1083 2103,1083 2313,1083 2927,1080"/>
                <TextEquiv>
                    <Unicode>Die Überdreadnoughts. Bekanntlich</Unicode>
                </TextEquiv>
            </TextLine>
            <TextLine id="r13l21" primaryLanguage="German" custom="readingOrder {index:20;}">
                <Coords points="2025,1094 2161,1093 2656,1092 2897,1093 2931,1093 2928,1134 2025,1137"/>
                <Baseline points="2028,1128 2223,1128 2294,1127 2619,1127 2723,1126 2855,1125 2925,1126"/>
                <TextEquiv>
                    <Unicode>beabſichtigt die Marineverwaltung im Sinne des</Unicode>
                </TextEquiv>
                <TextStyle fontFamily="Times New Roman" fontSize="7.0"/>
            </TextLine>
            <TextLine id="r13l22" primaryLanguage="German" custom="readingOrder {index:21;}">
                <Coords points="2025,1138 2052,1138 2932,1137 2932,1181 2026,1182"/>
                <Baseline points="2029,1172 2101,1174 2337,1171 2561,1171 2846,1171 2927,1171"/>
                <TextEquiv>
                    <Unicode>vom Parlamente bewilligten Flottengeſetzes un⸗</Unicode>
                </TextEquiv>
                <TextStyle fontFamily="Times New Roman" fontSize="7.0"/>
            </TextLine>
            <TextLine id="r13l23" primaryLanguage="German" custom="readingOrder {index:22;}">
                <Coords points="2025,1186 2055,1184 2119,1182 2884,1180 2910,1182 2930,1182 2930,1221 2026,1225"/>
                <Baseline points="2029,1217 2189,1216 2302,1215 2530,1215 2648,1214 2775,1215 2924,1214"/>
                <TextEquiv>
                    <Unicode>mittelbar nach Fertigſtellung der erſten Dread⸗</Unicode>
                </TextEquiv>
                <TextStyle fontFamily="Times New Roman" fontSize="7.0"/>
            </TextLine>
            <TextLine id="r13l24" primaryLanguage="German" custom="readingOrder {index:23;}">
                <Coords points="2025,1229 2115,1228 2151,1225 2931,1224 2931,1267 2026,1271"/>
                <Baseline points="2027,1261 2287,1260 2387,1259 2576,1261 2683,1260 2829,1258 2925,1260"/>
                <TextEquiv>
                    <Unicode>noughtdiviſion und vielleicht noch früher mit</Unicode>
                </TextEquiv>
                <TextStyle fontFamily="Times New Roman" fontSize="7.0"/>
            </TextLine>
            <TextLine id="r13l25" primaryLanguage="German" custom="readingOrder {index:24;}">
                <Coords points="2025,1273 2060,1271 2571,1269 2887,1267 2931,1276 2931,1311 2025,1314"/>
                <Baseline points="2030,1306 2099,1305 2225,1304 2347,1304 2526,1303 2626,1303 2927,1303"/>
                <TextEquiv>
                    <Unicode>dem Bau einer Anzahl von Schlachtſchiffen</Unicode>
                </TextEquiv>
                <TextStyle fontFamily="Times New Roman" fontSize="7.0"/>
            </TextLine>
            <TextLine id="r13l26" primaryLanguage="German" custom="readingOrder {index:25;}">
                <Coords points="2026,1327 2049,1316 2171,1314 2796,1312 2868,1314 2909,1315 2931,1329 2930,1356 2026,1357"/>
                <Baseline points="2030,1349 2245,1348 2361,1349 2429,1347 2614,1347 2700,1346 2780,1347 2926,1346"/>
                <TextEquiv>
                    <Unicode>allergrößten Typs zu beginnen, die als Erſatz⸗</Unicode>
                </TextEquiv>
                <TextStyle fontFamily="Times New Roman" fontSize="7.0"/>
            </TextLine>
            <TextLine id="r13l27" primaryLanguage="German" custom="readingOrder {index:26;}">
                <Coords points="2026,1362 2056,1359 2713,1357 2834,1358 2866,1359 2929,1360 2931,1398 2026,1402"/>
                <Baseline points="2029,1394 2146,1393 2235,1393 2413,1392 2485,1392 2583,1392 2760,1391 2926,1391"/>
                <TextEquiv>
                    <Unicode>bauten für mehrere in den nächſten Jahren</Unicode>
                </TextEquiv>
                <TextStyle fontFamily="Times New Roman" fontSize="7.0"/>
            </TextLine>
            <TextLine id="r13l28" primaryLanguage="German" custom="readingOrder {index:27;}">
                <Coords points="2026,1406 2121,1406 2742,1403 2782,1404 2932,1405 2932,1443 2026,1447"/>
                <Baseline points="2029,1439 2084,1439 2387,1438 2628,1435 2836,1435 2926,1434"/>
                <TextEquiv>
                    <Unicode>zur Ausrangierung gelangende Einheiten ge⸗</Unicode>
                </TextEquiv>
                <TextStyle fontFamily="Times New Roman" fontSize="7.0"/>
            </TextLine>
            <TextLine id="r13l29" primaryLanguage="German" custom="readingOrder {index:28;}">
                <Coords points="2025,1450 2931,1445 2931,1487 2025,1491"/>
                <Baseline points="2030,1483 2114,1483 2250,1482 2373,1481 2595,1480 2756,1479 2926,1480"/>
                <TextEquiv>
                    <Unicode>dacht ſind: Wie italieniſche Blätter melden,</Unicode>
                </TextEquiv>
                <TextStyle fontFamily="Times New Roman" fontSize="7.0"/>
            </TextLine>
            <TextLine id="r13l30" primaryLanguage="German" custom="readingOrder {index:29;}">
                <Coords points="2027,1494 2101,1495 2119,1494 2774,1490 2815,1491 2872,1489 2933,1490 2932,1533 2027,1538"/>
                <Baseline points="2030,1528 2134,1527 2257,1527 2374,1525 2450,1525 2553,1525 2927,1523"/>
                <TextEquiv>
                    <Unicode>wurde dieſer Tage die vom Marineminiſterium</Unicode>
                </TextEquiv>
                <TextStyle fontFamily="Times New Roman" fontSize="7.0"/>
            </TextLine>
            <TextLine id="r13l31" primaryLanguage="German" custom="readingOrder {index:30;}">
                <Coords points="2027,1540 2153,1539 2681,1535 2896,1535 2911,1535 2932,1549 2932,1577 2026,1582"/>
                <Baseline points="2029,1572 2081,1572 2195,1571 2426,1571 2727,1568 2926,1570"/>
                <TextEquiv>
                    <Unicode>für dieſe Neubauten ausgeſchriebene Projekts⸗</Unicode>
                </TextEquiv>
                <TextStyle fontFamily="Times New Roman" fontSize="7.0"/>
            </TextLine>
            <TextLine id="r13l32" primaryLanguage="German" custom="readingOrder {index:31;}">
                <Coords points="2027,1584 2096,1583 2907,1580 2932,1583 2932,1620 2028,1626"/>
                <Baseline points="2030,1617 2220,1616 2431,1615 2523,1614 2676,1614 2757,1613 2926,1613"/>
                <TextEquiv>
                    <Unicode>konkurrenz geſchloſſen. Die Details der Projekte</Unicode>
                </TextEquiv>
                <TextStyle fontFamily="Times New Roman" fontSize="7.0"/>
            </TextLine>
            <TextLine id="r13l33" primaryLanguage="German" custom="readingOrder {index:32;}">
                <Coords points="2027,1630 2095,1630 2128,1627 2931,1625 2931,1667 2027,1670"/>
                <Baseline points="2030,1662 2152,1661 2480,1662 2790,1659 2927,1659"/>
                <TextEquiv>
                    <Unicode>werden ſelbſtverſtändlich geheimgehalten, doch</Unicode>
                </TextEquiv>
                <TextStyle fontFamily="Times New Roman" fontSize="7.0"/>
            </TextLine>
            <TextLine id="r13l34" primaryLanguage="German" custom="readingOrder {index:33;}">
                <Coords points="2026,1672 2094,1672 2180,1673 2360,1671 2905,1670 2933,1679 2933,1712 2028,1715"/>
                <Baseline points="2031,1706 2153,1706 2231,1705 2366,1705 2646,1704 2726,1702 2928,1703"/>
                <TextEquiv>
                    <Unicode>werden die neuen Dreadnoughts die Einheiten</Unicode>
                </TextEquiv>
                <TextStyle fontFamily="Times New Roman" fontSize="7.0"/>
            </TextLine>
            <TextLine id="r13l35" primaryLanguage="German" custom="readingOrder {index:34;}">
                <Coords points="2027,1719 2063,1716 2723,1714 2876,1715 2932,1717 2932,1757 2027,1760"/>
                <Baseline points="2031,1751 2082,1751 2137,1750 2316,1750 2385,1749 2655,1748 2817,1748 2926,1748"/>
                <TextEquiv>
                    <Unicode>der 1. Diviſion an Tonnengehalt weitaus über⸗</Unicode>
                </TextEquiv>
                <TextStyle fontFamily="Times New Roman" fontSize="7.0"/>
            </TextLine>
            <TextLine id="r13l36" primaryLanguage="German" custom="readingOrder {index:35;}">
                <Coords points="2027,1765 2055,1763 2910,1759 2931,1764 2930,1798 2028,1804"/>
                <Baseline points="2030,1796 2142,1796 2222,1794 2430,1795 2538,1793 2672,1794 2755,1792 2927,1791"/>
                <TextEquiv>
                    <Unicode>treffen, die Armierung wird ſtärker, der Aktions⸗</Unicode>
                </TextEquiv>
                <TextStyle fontFamily="Times New Roman" fontSize="7.0"/>
            </TextLine>
            <TextLine id="r13l37" primaryLanguage="German" custom="readingOrder {index:36;}">
                <Coords points="2026,1807 2070,1806 2090,1807 2156,1805 2934,1802 2934,1844 2880,1845 2028,1848"/>
                <Baseline points="2030,1840 2142,1840 2288,1839 2386,1838 2480,1837 2563,1837 2817,1836 2927,1837"/>
                <TextEquiv>
                    <Unicode>radius größer ſein und die Schnelligkeit wird</Unicode>
                </TextEquiv>
                <TextStyle fontFamily="Times New Roman" fontSize="7.0"/>
            </TextLine>
            <TextLine id="r13l38" primaryLanguage="German" custom="readingOrder {index:37;}">
                <Coords points="2028,1851 2088,1849 2542,1847 2760,1849 2778,1852 2778,1890 2044,1890 2027,1888"/>
                <Baseline points="2031,1883 2072,1883 2283,1883 2346,1883 2427,1883 2586,1881 2773,1880"/>
                <TextEquiv>
                    <Unicode>25 Seemeilen in der Stunde betragen.</Unicode>
                </TextEquiv>
                <TextStyle fontFamily="Times New Roman" fontSize="7.0"/>
            </TextLine>
            <TextLine id="r13l39" primaryLanguage="German" custom="readingOrder {index:38;}">
                <Coords points="2072,1895 2647,1893 2884,1892 2935,1893 2935,1934 2073,1940"/>
                <Baseline points="2076,1930 2107,1930 2348,1928 2469,1927 2821,1926 2929,1926"/>
                <TextEquiv>
                    <Unicode>Der zweite Dreadnought. Der Ma⸗</Unicode>
                </TextEquiv>
            </TextLine>
            <TextLine id="r13l40" primaryLanguage="German" custom="readingOrder {index:39;}">
                <Coords points="2027,1951 2043,1938 2095,1939 2934,1935 2936,1981 2029,1985"/>
                <Baseline points="2031,1974 2243,1973 2338,1974 2492,1973 2613,1972 2707,1971 2930,1969"/>
                <TextEquiv>
                    <Unicode>rineminiſter hat verfügt, daß der Stapellauf</Unicode>
                </TextEquiv>
                <TextStyle fontFamily="Times New Roman" fontSize="7.0"/>
            </TextLine>
            <TextLine id="r13l41" primaryLanguage="German" custom="readingOrder {index:40;}">
                <Coords points="2028,1985 2935,1981 2935,2016 2823,2025 2028,2029"/>
                <Baseline points="2032,2019 2085,2020 2254,2018 2514,2017 2677,2016 2747,2015 2930,2015"/>
                <TextEquiv>
                    <Unicode>des zweiten Dreadnought „Conte di Cavour“</Unicode>
                </TextEquiv>
                <TextStyle fontFamily="Times New Roman" fontSize="7.0"/>
            </TextLine>
            <TextLine id="r13l42" primaryLanguage="German" custom="readingOrder {index:41;}">
                <Coords points="2031,2031 2119,2031 2149,2030 2500,2028 2525,2028 2535,2042 2535,2071 2072,2074 2029,2070"/>
                <Baseline points="2033,2064 2085,2064 2169,2063 2326,2063 2527,2061"/>
                <TextEquiv>
                    <Unicode>am 10. Auguſt ſtattfinde.</Unicode>
                </TextEquiv>
                <TextStyle fontFamily="Times New Roman" fontSize="7.0"/>
            </TextLine>
        </TextRegion>
        <TextRegion type="heading" id="r14" custom="readingOrder {index:13;} structure {type:heading;}">
            <Coords points="2345,2077 2613,2078 2612,2132 2344,2131"/>
            <TextLine id="r14l1" primaryLanguage="German" custom="readingOrder {index:0;}">
                <Coords points="2356,2085 2409,2083 2429,2082 2596,2083 2608,2109 2599,2127 2356,2127"/>
                <Baseline points="2360,2119 2599,2119"/>
                <TextEquiv>
                    <Unicode>Frankreich.</Unicode>
                </TextEquiv>
                <TextStyle fontFamily="Times New Roman" fontSize="8.5" bold="true"/>
            </TextLine>
        </TextRegion>
        <TextRegion type="paragraph" id="r15" custom="readingOrder {index:14;}">
            <Coords points="2023,2133 2957,2134 2953,2499 2958,2813 2027,2820 2021,2493"/>
            <TextLine id="r15l1" primaryLanguage="German" custom="readingOrder {index:0;}">
                <Coords points="2071,2139 2115,2140 2633,2137 2938,2137 2939,2177 2072,2184"/>
                <Baseline points="2077,2175 2107,2175 2329,2173 2931,2172"/>
                <TextEquiv>
                    <Unicode>Das neue franzöſiſche Kabinett⸗</Unicode>
                </TextEquiv>
            </TextLine>
            <TextLine id="r15l2" primaryLanguage="German" custom="readingOrder {index:1;}">
                <Coords points="2029,2185 2423,2184 2941,2176 2937,2225 2028,2229"/>
                <Baseline points="2035,2221 2201,2219 2385,2218 2606,2215 2689,2215 2931,2217"/>
                <TextEquiv>
                    <Unicode>Präſident Fallieres genehmigte das miniſterielle</Unicode>
                </TextEquiv>
                <TextStyle fontFamily="Times New Roman" fontSize="7.0"/>
            </TextLine>
            <TextLine id="r15l3" primaryLanguage="German" custom="readingOrder {index:2;}">
                <Coords points="2029,2228 2939,2226 2939,2269 2028,2274"/>
                <Baseline points="2036,2265 2236,2263 2334,2263 2573,2261 2700,2260 2776,2259 2932,2263"/>
                <TextEquiv>
                    <Unicode>Programm. Der Geſetzentwurf über die Zonen⸗</Unicode>
                </TextEquiv>
                <TextStyle fontFamily="Times New Roman" fontSize="7.0"/>
            </TextLine>
            <TextLine id="r15l4" primaryLanguage="German" custom="readingOrder {index:3;}">
                <Coords points="2030,2272 2939,2271 2939,2314 2030,2315"/>
                <Baseline points="2034,2309 2221,2308 2317,2308 2631,2306 2727,2305 2845,2307 2933,2308"/>
                <TextEquiv>
                    <Unicode>abgrenzung im Weinbaugebiete ſoll noch vor</Unicode>
                </TextEquiv>
                <TextStyle fontFamily="Times New Roman" fontSize="7.0"/>
            </TextLine>
            <TextLine id="r15l5" primaryLanguage="German" custom="readingOrder {index:4;}">
                <Coords points="2028,2318 2123,2318 2938,2316 2938,2354 2922,2360 2028,2362"/>
                <Baseline points="2033,2354 2092,2353 2428,2351 2663,2350 2848,2349 2931,2352"/>
                <TextEquiv>
                    <Unicode>den Parlamentsferien Geſetzeskraft erhalten. Die</Unicode>
                </TextEquiv>
                <TextStyle fontFamily="Times New Roman" fontSize="7.0"/>
            </TextLine>
            <TextLine id="r15l6" primaryLanguage="German" custom="readingOrder {index:5;}">
                <Coords points="2028,2365 2074,2362 2787,2360 2871,2361 2931,2366 2940,2370 2940,2394 2922,2403 2028,2406"/>
                <Baseline points="2033,2398 2131,2398 2219,2396 2465,2396 2624,2395 2716,2393 2930,2395"/>
                <TextEquiv>
                    <Unicode>Chefs der Armeekorps werden zur ſtrengeren</Unicode>
                </TextEquiv>
                <TextStyle fontFamily="Times New Roman" fontSize="7.0"/>
            </TextLine>
            <TextLine id="r15l7" primaryLanguage="German" custom="readingOrder {index:6;}">
                <Coords points="2028,2411 2057,2406 2938,2404 2938,2447 2028,2451"/>
                <Baseline points="2034,2442 2167,2442 2244,2442 2602,2439 2845,2438 2932,2439"/>
                <TextEquiv>
                    <Unicode>Abwehr der antimilitäriſtiſchen Propaganda auf⸗</Unicode>
                </TextEquiv>
                <TextStyle fontFamily="Times New Roman" fontSize="7.0"/>
            </TextLine>
            <TextLine id="r15l8" primaryLanguage="German" custom="readingOrder {index:7;}">
                <Coords points="2029,2468 2064,2457 2152,2456 2188,2458 2204,2465 2204,2496 2029,2501"/>
                <Baseline points="2034,2491 2195,2489"/>
                <TextEquiv>
                    <Unicode>gefordert.</Unicode>
                </TextEquiv>
                <TextStyle fontFamily="Times New Roman" fontSize="7.0"/>
            </TextLine>
            <TextLine id="r15l9" primaryLanguage="German" custom="readingOrder {index:8;}">
                <Coords points="2073,2502 2116,2501 2185,2500 2515,2496 2938,2495 2938,2540 2073,2542"/>
                <Baseline points="2079,2534 2111,2534 2228,2533 2596,2530 2847,2532 2930,2532"/>
                <TextEquiv>
                    <Unicode>Die Wahlreform. 300 Abgeordnete der</Unicode>
                </TextEquiv>
            </TextLine>
            <TextLine id="r15l10" primaryLanguage="German" custom="readingOrder {index:9;}">
                <Coords points="2031,2544 2937,2541 2937,2583 2031,2586"/>
                <Baseline points="2034,2580 2150,2579 2364,2578 2431,2577 2551,2577 2778,2577 2931,2575"/>
                <TextEquiv>
                    <Unicode>Linken beſchloſſen in einer Verſammlung über</Unicode>
                </TextEquiv>
                <TextStyle fontFamily="Times New Roman" fontSize="7.0"/>
            </TextLine>
            <TextLine id="r15l11" primaryLanguage="German" custom="readingOrder {index:10;}">
                <Coords points="2031,2592 2117,2591 2378,2588 2935,2586 2935,2628 2031,2632"/>
                <Baseline points="2035,2624 2082,2623 2327,2624 2422,2621 2633,2621 2754,2620 2823,2622 2931,2620"/>
                <TextEquiv>
                    <Unicode>die Wahlreform, die Einſetzung einer zu glei⸗</Unicode>
                </TextEquiv>
                <TextStyle fontFamily="Times New Roman" fontSize="7.0"/>
            </TextLine>
            <TextLine id="r15l12" primaryLanguage="German" custom="readingOrder {index:11;}">
                <Coords points="2031,2636 2111,2633 2934,2630 2934,2673 2031,2677"/>
                <Baseline points="2034,2669 2104,2668 2251,2667 2348,2667 2575,2665 2671,2666 2855,2665 2930,2665"/>
                <TextEquiv>
                    <Unicode>chen Teilen aus Anhängern und Gegnern des</Unicode>
                </TextEquiv>
                <TextStyle fontFamily="Times New Roman" fontSize="7.0"/>
            </TextLine>
            <TextLine id="r15l13" primaryLanguage="German" custom="readingOrder {index:12;}">
                <Coords points="2030,2680 2936,2672 2934,2718 2029,2721"/>
                <Baseline points="2034,2713 2393,2711 2657,2709 2932,2709"/>
                <TextEquiv>
                    <Unicode>Proportionalſyſtems beſtehenden Kommiſſion,</Unicode>
                </TextEquiv>
                <TextStyle fontFamily="Times New Roman" fontSize="7.0"/>
            </TextLine>
            <TextLine id="r15l14" primaryLanguage="German" custom="readingOrder {index:13;}">
                <Coords points="2032,2724 2937,2720 2937,2763 2032,2766"/>
                <Baseline points="2037,2758 2142,2756 2238,2756 2411,2756 2509,2755 2618,2754 2803,2755 2932,2754"/>
                <TextEquiv>
                    <Unicode>welche den Auftrag hat, eine Einigung aller</Unicode>
                </TextEquiv>
                <TextStyle fontFamily="Times New Roman" fontSize="7.0"/>
            </TextLine>
            <TextLine id="r15l15" primaryLanguage="German" custom="readingOrder {index:14;}">
                <Coords points="2033,2769 2039,2768 2857,2764 2866,2809 2054,2812 2033,2810"/>
                <Baseline points="2037,2803 2190,2801 2267,2801 2403,2800 2549,2799 2856,2798"/>
                <TextEquiv>
                    <Unicode>Parteien in dieſer Frage herbeizuführen.</Unicode>
                </TextEquiv>
                <TextStyle fontFamily="Times New Roman" fontSize="7.0"/>
            </TextLine>
        </TextRegion>
        <TextRegion type="heading" id="r16" custom="readingOrder {index:15;} structure {type:heading;}">
            <Coords points="2347,2819 2620,2815 2622,2874 2348,2874"/>
            <TextLine id="r16l1" primaryLanguage="German" custom="readingOrder {index:0;}">
                <Coords points="2376,2823 2483,2822 2589,2824 2589,2859 2577,2869 2377,2870"/>
                <Baseline points="2382,2860 2584,2858"/>
                <TextEquiv>
                    <Unicode>Rußland.</Unicode>
                </TextEquiv>
                <TextStyle fontFamily="Times New Roman" fontSize="8.5" bold="true"/>
            </TextLine>
        </TextRegion>
        <TextRegion type="paragraph" id="r17" custom="readingOrder {index:16;}">
            <Coords points="2025,2873 2950,2873 2950,3059 2025,3059"/>
            <TextLine id="r17l1" primaryLanguage="German" custom="readingOrder {index:0;}">
                <Coords points="2075,2878 2213,2876 2641,2877 2869,2876 2941,2876 2941,2918 2075,2921"/>
                <Baseline points="2080,2913 2110,2913 2162,2913 2195,2912 2402,2912 2502,2912 2721,2909 2935,2910"/>
                <TextEquiv>
                    <Unicode>Der erſte ruſſiſche Dreadnought. Auf</Unicode>
                </TextEquiv>
            </TextLine>
            <TextLine id="r17l2" primaryLanguage="German" custom="readingOrder {index:1;}">
                <Coords points="2030,2925 2151,2925 2213,2924 2775,2920 2821,2921 2897,2926 2935,2927 2937,2962 2031,2966"/>
                <Baseline points="2036,2959 2088,2960 2283,2957 2405,2958 2479,2956 2699,2956 2810,2954 2930,2954"/>
                <TextEquiv>
                    <Unicode>der baltiſchen Werft in Petersburg fand unter</Unicode>
                </TextEquiv>
                <TextStyle fontFamily="Times New Roman" fontSize="7.0"/>
            </TextLine>
            <TextLine id="r17l3" primaryLanguage="German" custom="readingOrder {index:2;}">
                <Coords points="2031,2974 2091,2971 2147,2967 2845,2965 2937,2966 2937,3008 2031,3014"/>
                <Baseline points="2035,3003 2156,3003 2425,3001 2506,3000 2716,3001 2815,3000 2932,3000"/>
                <TextEquiv>
                    <Unicode>großen Feierlichkeiten der Stapellauf des erſten</Unicode>
                </TextEquiv>
                <TextStyle fontFamily="Times New Roman" fontSize="7.0"/>
            </TextLine>
            <TextLine id="r17l4" primaryLanguage="German" custom="readingOrder {index:3;}">
                <Coords points="2032,3013 2770,3009 2827,3010 2888,3015 2895,3047 2882,3053 2859,3055 2056,3058 2032,3048"/>
                <Baseline points="2034,3048 2198,3047 2488,3046 2746,3044 2885,3044"/>
                <TextEquiv>
                    <Unicode>ruſſiſchen Dreadnoughts „Sebaſtopol“ ſtatt.</Unicode>
                </TextEquiv>
                <TextStyle fontFamily="Times New Roman" fontSize="7.0"/>
            </TextLine>
        </TextRegion>
        <TextRegion type="heading" id="r18" custom="readingOrder {index:17;} structure {type:heading;}">
            <Coords points="2336,3063 2644,3064 2644,3118 2336,3117"/>
            <TextLine id="r18l1" primaryLanguage="German" custom="readingOrder {index:0;}">
                <Coords points="2358,3070 2601,3068 2601,3112 2358,3112"/>
                <Baseline points="2362,3108 2616,3105"/>
                <TextEquiv>
                    <Unicode>Bulgarien.</Unicode>
                </TextEquiv>
                <TextStyle fontFamily="Times New Roman" fontSize="8.5" bold="true"/>
            </TextLine>
        </TextRegion>
        <TextRegion type="paragraph" id="r19" custom="readingOrder {index:18;}">
            <Coords points="2024,3116 2957,3121 2957,3444 2026,3443"/>
            <TextLine id="r19l1" primaryLanguage="German" custom="readingOrder {index:0;}">
                <Coords points="2071,3127 2110,3126 2216,3127 2645,3124 2722,3124 2935,3127 2937,3167 2072,3169"/>
                <Baseline points="2081,3161 2160,3160 2215,3160 2245,3159 2269,3160 2290,3159 2333,3159 2363,3159 2394,3158 2424,3158 2449,3158 2484,3158 2512,3157 2540,3158 2566,3156 2618,3157 2651,3156 2928,3155"/>
                <TextEquiv>
                    <Unicode>Die antimonarchiſtiſche Bewegung.</Unicode>
                </TextEquiv>
            </TextLine>
            <TextLine id="r19l2" primaryLanguage="German" custom="readingOrder {index:1;}">
                <Coords points="2030,3173 2137,3172 2784,3168 2861,3168 2919,3170 2940,3183 2940,3208 2032,3214"/>
                <Baseline points="2039,3206 2129,3205 2262,3203 2386,3203 2454,3202 2585,3202 2682,3201 2749,3200 2932,3200"/>
                <TextEquiv>
                    <Unicode>Dieſe Woche haben im Lande über 40 Volksver⸗</Unicode>
                </TextEquiv>
                <TextStyle fontFamily="Times New Roman" fontSize="7.0"/>
            </TextLine>
            <TextLine id="r19l3" primaryLanguage="German" custom="readingOrder {index:2;}">
                <Coords points="2031,3218 2195,3215 2761,3212 2872,3213 2940,3225 2940,3254 2031,3258"/>
                <Baseline points="2037,3250 2256,3249 2351,3248 2708,3245 2931,3246"/>
                <TextEquiv>
                    <Unicode>ſammlungen der Oppoſitionspartei ſtattgefun⸗</Unicode>
                </TextEquiv>
                <TextStyle fontFamily="Times New Roman" fontSize="7.0"/>
            </TextLine>
            <TextLine id="r19l4" primaryLanguage="German" custom="readingOrder {index:3;}">
                <Coords points="2032,3262 2939,3258 2939,3300 2032,3304"/>
                <Baseline points="2037,3295 2104,3294 2279,3293 2379,3292 2445,3291 2519,3291 2812,3290 2931,3289"/>
                <TextEquiv>
                    <Unicode>den. Überall kam es zu Kundgebungen gegen</Unicode>
                </TextEquiv>
                <TextStyle fontFamily="Times New Roman" fontSize="7.0"/>
            </TextLine>
            <TextLine id="r19l5" primaryLanguage="German" custom="readingOrder {index:4;}">
                <Coords points="2033,3307 2936,3302 2936,3345 2033,3350"/>
                <Baseline points="2039,3340 2145,3339 2377,3336 2494,3336 2632,3336 2733,3335 2776,3334 2850,3334 2931,3334"/>
                <TextEquiv>
                    <Unicode>König Ferdinand. Der König hat ſeine für</Unicode>
                </TextEquiv>
                <TextStyle fontFamily="Times New Roman" fontSize="7.0"/>
            </TextLine>
            <TextLine id="r19l6" primaryLanguage="German" custom="readingOrder {index:5;}">
                <Coords points="2033,3352 2077,3348 2701,3346 2908,3347 2936,3351 2936,3379 2901,3388 2033,3392"/>
                <Baseline points="2038,3384 2097,3383 2151,3382 2257,3382 2379,3383 2541,3380 2746,3379 2828,3380 2932,3380"/>
                <TextEquiv>
                    <Unicode>den 1. Juli vorgeſehene Abreiſe in das Aus⸗</Unicode>
                </TextEquiv>
            </TextLine>
            <TextLine id="r19l7" primaryLanguage="German" custom="readingOrder {index:6;}">
                <Coords points="2032,3396 2644,3391 2775,3392 2834,3399 2834,3432 2782,3436 2182,3439 2032,3429"/>
                <Baseline points="2037,3429 2115,3429 2221,3429 2442,3425 2540,3426 2826,3423"/>
                <TextEquiv>
                    <Unicode>land auf unbeſtimmte Zeit verſchoben.</Unicode>
                </TextEquiv>
            </TextLine>
        </TextRegion>
        <TextRegion type="heading" id="r20" custom="readingOrder {index:19;} structure {type:heading;}">
            <Coords points="2035,3444 2934,3444 2936,3496 2037,3496"/>
            <TextLine id="r20l1" primaryLanguage="German" custom="readingOrder {index:0;}">
                <Coords points="2387,3449 2577,3450 2577,3492 2547,3492 2387,3492"/>
                <Baseline points="2393,3488 2574,3486"/>
                <TextEquiv>
                    <Unicode>Serbien.</Unicode>
                </TextEquiv>
                <TextStyle fontFamily="Times New Roman" fontSize="8.5" bold="true"/>
            </TextLine>
        </TextRegion>
        <TextRegion type="paragraph" id="r21" custom="readingOrder {index:20;}">
            <Coords points="2027,3499 2947,3500 2947,3974 2227,3977 2226,3996 2030,3995"/>
            <TextLine id="r21l1" primaryLanguage="German" custom="readingOrder {index:0;}">
                <Coords points="2074,3505 2867,3502 2901,3503 2939,3502 2939,3545 2074,3551"/>
                <Baseline points="2083,3540 2124,3540 2491,3539 2715,3537 2856,3535 2934,3535"/>
                <TextEquiv>
                    <Unicode>Manöver. Anfangs September finden im</Unicode>
                </TextEquiv>
            </TextLine>
            <TextLine id="r21l2" primaryLanguage="German" custom="readingOrder {index:1;}">
                <Coords points="2034,3552 2059,3553 2474,3549 2908,3547 2939,3557 2939,3590 2035,3595"/>
                <Baseline points="2039,3585 2178,3584 2300,3583 2493,3583 2574,3581 2823,3581 2934,3580"/>
                <TextEquiv>
                    <Unicode>öſtlichen Teile Serbiens die diesjährigen Ma⸗</Unicode>
                </TextEquiv>
                <TextStyle fontFamily="Times New Roman" fontSize="7.0"/>
            </TextLine>
            <TextLine id="r21l3" primaryLanguage="German" custom="readingOrder {index:2;}">
                <Coords points="2035,3602 2059,3593 2125,3595 2938,3592 2938,3633 2035,3637"/>
                <Baseline points="2038,3629 2135,3629 2240,3629 2324,3628 2452,3627 2550,3626 2771,3625 2935,3625"/>
                <TextEquiv>
                    <Unicode>növer ſtatt, an denen drei Diviſionen teilneh⸗</Unicode>
                </TextEquiv>
                <TextStyle fontFamily="Times New Roman" fontSize="7.0"/>
            </TextLine>
            <TextLine id="r21l4" primaryLanguage="German" custom="readingOrder {index:3;}">
                <Coords points="2035,3642 2089,3641 2121,3640 2890,3636 2922,3638 2941,3650 2941,3677 2037,3682"/>
                <Baseline points="2039,3674 2120,3674 2217,3672 2406,3672 2569,3670 2662,3670 2756,3669 2936,3669"/>
                <TextEquiv>
                    <Unicode>men. Die Truppen wurden mit den modern⸗</Unicode>
                </TextEquiv>
                <TextStyle fontFamily="Times New Roman" fontSize="7.0"/>
            </TextLine>
            <TextLine id="r21l5" primaryLanguage="German" custom="readingOrder {index:4;}">
                <Coords points="2034,3687 2062,3685 2941,3678 2940,3723 2034,3727"/>
                <Baseline points="2037,3720 2110,3720 2331,3717 2505,3715 2745,3713 2935,3713"/>
                <TextEquiv>
                    <Unicode>ſten, techniſchen Mitteln ausgerüſtet. Diesmal</Unicode>
                </TextEquiv>
                <TextStyle fontFamily="Times New Roman" fontSize="7.0"/>
            </TextLine>
            <TextLine id="r21l6" primaryLanguage="German" custom="readingOrder {index:5;}">
                <Coords points="2036,3731 2939,3725 2939,3767 2036,3773"/>
                <Baseline points="2037,3764 2193,3763 2285,3764 2386,3761 2575,3760 2647,3758 2827,3758 2936,3757"/>
                <TextEquiv>
                    <Unicode>gelangen auch zum erſtenmal die drahtloſe Tele⸗</Unicode>
                </TextEquiv>
                <TextStyle fontFamily="Times New Roman" fontSize="7.0"/>
            </TextLine>
            <TextLine id="r21l7" primaryLanguage="German" custom="readingOrder {index:6;}">
                <Coords points="2036,3777 2941,3770 2941,3811 2036,3818"/>
                <Baseline points="2040,3810 2175,3807 2443,3804 2720,3803 2826,3803 2936,3801"/>
                <TextEquiv>
                    <Unicode>graphie, Brieftauben, Feldtelephon uſw. zur</Unicode>
                </TextEquiv>
                <TextStyle fontFamily="Times New Roman" fontSize="7.0"/>
            </TextLine>
            <TextLine id="r21l8" primaryLanguage="German" custom="readingOrder {index:7;}">
                <Coords points="2036,3820 2940,3814 2940,3855 2036,3860"/>
                <Baseline points="2040,3853 2270,3850 2375,3849 2591,3849 2734,3847 2808,3846 2933,3848"/>
                <TextEquiv>
                    <Unicode>Verwendung. Den Manövern werden der König</Unicode>
                </TextEquiv>
                <TextStyle fontFamily="Times New Roman" fontSize="7.0"/>
            </TextLine>
            <TextLine id="r21l9" primaryLanguage="German" custom="readingOrder {index:8;}">
                <Coords points="2034,3861 2071,3862 2105,3863 2940,3857 2940,3898 2036,3905"/>
                <Baseline points="2040,3897 2098,3897 2240,3895 2388,3894 2559,3893 2659,3891 2935,3890"/>
                <TextEquiv>
                    <Unicode>mit ſeinen beiden Söhnen, die ausländiſchen</Unicode>
                </TextEquiv>
                <TextStyle fontFamily="Times New Roman" fontSize="7.0"/>
            </TextLine>
            <TextLine id="r21l10" primaryLanguage="German" custom="readingOrder {index:9;}">
                <Coords points="2036,3909 2042,3908 2825,3901 2939,3902 2941,3947 2036,3949"/>
                <Baseline points="2040,3942 2200,3940 2296,3940 2516,3938 2601,3937 2840,3935 2936,3935"/>
                <TextEquiv>
                    <Unicode>Vertreter und Mitglieder der Skuptſchina bei⸗</Unicode>
                </TextEquiv>
                <TextStyle fontFamily="Times New Roman" fontSize="7.0"/>
            </TextLine>
            <TextLine id="r21l11" primaryLanguage="German" custom="readingOrder {index:10;}">
                <Coords points="2036,3950 2084,3950 2112,3950 2186,3951 2187,3992 2107,3994 2090,3994 2036,3993"/>
                <Baseline points="2040,3987 2181,3985"/>
                <TextEquiv>
                    <Unicode>wohnen.</Unicode>
                </TextEquiv>
                <TextStyle fontFamily="Times New Roman" fontSize="7.0"/>
            </TextLine>
        </TextRegion>
        <TextRegion type="heading" id="r22" custom="readingOrder {index:21;} structure {type:heading;}">
            <Coords points="2365,3985 2596,3985 2596,4047 2365,4047"/>
            <TextLine id="r22l1" primaryLanguage="German" custom="readingOrder {index:0;}">
                <Coords points="2383,3994 2586,3994 2584,4040 2383,4038"/>
                <Baseline points="2387,4032 2581,4029"/>
                <TextEquiv>
                    <Unicode>Spanien.</Unicode>
                </TextEquiv>
                <TextStyle fontFamily="Times New Roman" fontSize="8.5" bold="true"/>
            </TextLine>
        </TextRegion>
        <TextRegion type="paragraph" id="r23" custom="readingOrder {index:22;}">
            <Coords points="2029,4046 2957,4046 2953,4324 2948,4484 2029,4479 2029,4318"/>
            <TextLine id="r23l1" primaryLanguage="German" custom="readingOrder {index:0;}">
                <Coords points="2087,4059 2456,4055 2941,4051 2941,4093 2085,4100"/>
                <Baseline points="2093,4093 2467,4089 2559,4089 2704,4087 2934,4087"/>
                <TextEquiv>
                    <Unicode>Veränderungen im Kabinett. Der</Unicode>
                </TextEquiv>
            </TextLine>
            <TextLine id="r23l2" primaryLanguage="German" custom="readingOrder {index:1;}">
                <Coords points="2035,4105 2047,4103 2837,4099 2941,4098 2941,4140 2035,4145"/>
                <Baseline points="2038,4137 2189,4135 2278,4135 2448,4134 2574,4135 2759,4131 2850,4131 2936,4132"/>
                <TextEquiv>
                    <Unicode>Miniſter des Innern Ruiz Valarino hat de⸗</Unicode>
                </TextEquiv>
                <TextStyle fontFamily="Times New Roman" fontSize="7.0"/>
            </TextLine>
            <TextLine id="r23l3" primaryLanguage="German" custom="readingOrder {index:2;}">
                <Coords points="2037,4148 2941,4141 2940,4184 2036,4191"/>
                <Baseline points="2042,4182 2238,4179 2323,4178 2472,4177 2689,4176 2757,4177 2846,4175 2936,4175"/>
                <TextEquiv>
                    <Unicode>miſſioniert. Zu ſeinem Nachfolger iſt der bis⸗</Unicode>
                </TextEquiv>
                <TextStyle fontFamily="Times New Roman" fontSize="7.0"/>
            </TextLine>
            <TextLine id="r23l4" primaryLanguage="German" custom="readingOrder {index:3;}">
                <Coords points="2037,4194 2939,4186 2938,4228 2037,4234"/>
                <Baseline points="2042,4226 2144,4225 2421,4222 2594,4220 2766,4220 2933,4219"/>
                <TextEquiv>
                    <Unicode>herige Juſtizminiſter Barvoſo ernannt worden.</Unicode>
                </TextEquiv>
                <TextStyle fontFamily="Times New Roman" fontSize="7.0"/>
            </TextLine>
            <TextLine id="r23l5" primaryLanguage="German" custom="readingOrder {index:4;}">
                <Coords points="2039,4238 2826,4231 2942,4231 2942,4272 2920,4272 2038,4279"/>
                <Baseline points="2042,4270 2111,4270 2208,4269 2546,4265 2676,4265 2936,4264"/>
                <TextEquiv>
                    <Unicode>Mit dem Juſtizportefeuille wurde Miniſterprä⸗</Unicode>
                </TextEquiv>
                <TextStyle fontFamily="Times New Roman" fontSize="7.0"/>
            </TextLine>
            <TextLine id="r23l6" primaryLanguage="German" custom="readingOrder {index:5;}">
                <Coords points="2036,4283 2480,4278 2520,4283 2520,4313 2506,4321 2037,4326"/>
                <Baseline points="2041,4315 2138,4314 2345,4313 2514,4310"/>
                <TextEquiv>
                    <Unicode>ſident Canalejas betraut.</Unicode>
                </TextEquiv>
                <TextStyle fontFamily="Times New Roman" fontSize="7.0"/>
            </TextLine>
            <TextLine id="r23l7" primaryLanguage="German" custom="readingOrder {index:6;}">
                <Coords points="2082,4336 2118,4333 2665,4330 2944,4330 2945,4375 2082,4377"/>
                <Baseline points="2087,4369 2289,4367 2405,4366 2511,4365 2578,4366 2937,4364"/>
                <TextEquiv>
                    <Unicode>Spanien und der Vatikan. Spanien</Unicode>
                </TextEquiv>
            </TextLine>
            <TextLine id="r23l8" primaryLanguage="German" custom="readingOrder {index:7;}">
                <Coords points="2038,4383 2067,4379 2944,4375 2944,4418 2038,4424"/>
                <Baseline points="2042,4415 2097,4414 2203,4412 2285,4413 2402,4411 2486,4411 2737,4410 2938,4410"/>
                <TextEquiv>
                    <Unicode>hat nach der mehr als halbjährigen Unterbre⸗</Unicode>
                </TextEquiv>
                <TextStyle fontFamily="Times New Roman" fontSize="7.0"/>
            </TextLine>
            <TextLine id="r23l9" primaryLanguage="German" custom="readingOrder {index:8;}">
                <Coords points="2037,4425 2810,4419 2942,4420 2941,4463 2821,4466 2066,4471 2038,4467"/>
                <Baseline points="2042,4460 2144,4460 2263,4458 2542,4455 2735,4455 2845,4454 2936,4454"/>
                <TextEquiv>
                    <Unicode>chung ſeiner diplomatiſchen Beziehung zum Va⸗</Unicode>
                </TextEquiv>
                <TextStyle fontFamily="Times New Roman" fontSize="7.0"/>
            </TextLine>
        </TextRegion>
        <TextRegion type="paragraph" id="r24" custom="readingOrder {index:23;}">
            <Coords points="163,3127 1086,3127 1091,4010 1092,4486 168,4497 174,4036"/>
            <TextLine id="r24l1" primaryLanguage="German" custom="readingOrder {index:0;}">
                <Coords points="178,3148 267,3138 1040,3136 1080,3137 1080,3179 179,3180"/>
                <Baseline points="188,3174 264,3171 524,3171 715,3171 845,3171 963,3170 1082,3171"/>
                <TextEquiv>
                    <Unicode>gern verſchiedenſter Familien. Zuerſt wurde Peter</Unicode>
                </TextEquiv>
                <TextStyle fontFamily="Times New Roman" fontSize="7.0"/>
            </TextLine>
            <TextLine id="r24l2" primaryLanguage="German" custom="readingOrder {index:1;}">
                <Coords points="182,3180 1078,3181 1078,3224 182,3223"/>
                <Baseline points="188,3215 287,3216 384,3216 602,3216 790,3216 914,3215 1074,3216"/>
                <TextEquiv>
                    <Unicode>Moor von Aufkirchen Inhaber, dann Michael</Unicode>
                </TextEquiv>
                <TextStyle fontFamily="Times New Roman" fontSize="7.0"/>
            </TextLine>
            <TextLine id="r24l3" primaryLanguage="German" custom="readingOrder {index:2;}">
                <Coords points="181,3227 281,3228 680,3225 1081,3226 1081,3269 182,3267"/>
                <Baseline points="188,3260 251,3260 436,3261 574,3260 750,3260 837,3260 964,3259 1076,3261"/>
                <TextEquiv>
                    <Unicode>von Neuhaus, unter welchem ein Ulrich Kol⸗</Unicode>
                </TextEquiv>
                <TextStyle fontFamily="Times New Roman" fontSize="7.0"/>
            </TextLine>
            <TextLine id="r24l4" primaryLanguage="German" custom="readingOrder {index:3;}">
                <Coords points="184,3270 1081,3270 1081,3310 184,3313"/>
                <Baseline points="189,3305 295,3304 455,3304 564,3304 653,3304 778,3304 877,3303 987,3304 1076,3302"/>
                <TextEquiv>
                    <Unicode>hamer Pfleger war. In dieſer Zeit brach die</Unicode>
                </TextEquiv>
                <TextStyle fontFamily="Times New Roman" fontSize="7.0"/>
            </TextLine>
            <TextLine id="r24l5" primaryLanguage="German" custom="readingOrder {index:4;}">
                <Coords points="185,3315 1081,3315 1081,3358 185,3358"/>
                <Baseline points="190,3350 413,3348 519,3348 646,3348 710,3348 832,3349 943,3349 1081,3349"/>
                <TextEquiv>
                    <Unicode>Reformation aus, welche in ganz Tirol, beſon⸗</Unicode>
                </TextEquiv>
                <TextStyle fontFamily="Times New Roman" fontSize="7.0"/>
            </TextLine>
            <TextLine id="r24l6" primaryLanguage="German" custom="readingOrder {index:5;}">
                <Coords points="182,3362 379,3359 1056,3360 1061,3360 1081,3368 1081,3403 182,3402"/>
                <Baseline points="188,3394 259,3393 366,3394 433,3393 518,3393 725,3393 903,3394 1076,3395"/>
                <TextEquiv>
                    <Unicode>ders aber in der Herrſchaft Taufers, gewaltig</Unicode>
                </TextEquiv>
                <TextStyle fontFamily="Times New Roman" fontSize="7.0"/>
            </TextLine>
            <TextLine id="r24l7" primaryLanguage="German" custom="readingOrder {index:6;}">
                <Coords points="185,3408 274,3406 419,3405 693,3403 1007,3403 1021,3404 1045,3405 1082,3408 1082,3447 185,3446"/>
                <Baseline points="189,3438 243,3438 325,3439 443,3438 546,3438 666,3438 794,3437 832,3438 887,3437 1079,3439"/>
                <TextEquiv>
                    <Unicode>um ſich griff. Vor allem waren es die Wieder⸗</Unicode>
                </TextEquiv>
            </TextLine>
            <TextLine id="r24l8" primaryLanguage="German" custom="readingOrder {index:7;}">
                <Coords points="184,3454 200,3448 247,3450 285,3448 850,3447 1011,3448 1058,3449 1081,3459 1081,3489 184,3491"/>
                <Baseline points="189,3483 295,3482 388,3482 472,3483 673,3482 838,3482 954,3481 1076,3481"/>
                <TextEquiv>
                    <Unicode>täufer, die faſt allgemein Anklang beim Volke</Unicode>
                </TextEquiv>
                <TextStyle fontFamily="Times New Roman" fontSize="7.0"/>
            </TextLine>
            <TextLine id="r24l9" primaryLanguage="German" custom="readingOrder {index:8;}">
                <Coords points="185,3495 366,3493 1081,3492 1081,3534 185,3536"/>
                <Baseline points="189,3528 310,3526 404,3527 539,3526 656,3526 751,3526 831,3526 986,3526 1077,3526"/>
                <TextEquiv>
                    <Unicode>fanden. Im Jahre 1533 war der Pfleger von</Unicode>
                </TextEquiv>
                <TextStyle fontFamily="Times New Roman" fontSize="7.0"/>
            </TextLine>
            <TextLine id="r24l10" primaryLanguage="German" custom="readingOrder {index:9;}">
                <Coords points="186,3540 256,3539 600,3536 1081,3537 1081,3581 183,3581"/>
                <Baseline points="189,3572 354,3573 505,3572 769,3572 975,3571 1078,3573"/>
                <TextEquiv>
                    <Unicode>Neuhaus, Erhard Zimmermann, zweifellos ſelbſt</Unicode>
                </TextEquiv>
                <TextStyle fontFamily="Times New Roman" fontSize="7.0"/>
            </TextLine>
            <TextLine id="r24l11" primaryLanguage="German" custom="readingOrder {index:10;}">
                <Coords points="184,3595 208,3585 261,3584 402,3582 1081,3581 1082,3626 184,3625"/>
                <Baseline points="191,3617 241,3616 494,3615 594,3616 734,3616 1078,3615"/>
                <TextEquiv>
                    <Unicode>ein Wiedertäufer, der ſeinen Glaubensgenoſſen</Unicode>
                </TextEquiv>
                <TextStyle fontFamily="Times New Roman" fontSize="7.0"/>
            </TextLine>
            <TextLine id="r24l12" primaryLanguage="German" custom="readingOrder {index:11;}">
                <Coords points="186,3630 257,3629 748,3626 764,3626 1080,3629 1082,3670 186,3669"/>
                <Baseline points="190,3661 233,3661 396,3660 610,3661 694,3660 784,3660 866,3659 986,3660 1079,3661"/>
                <TextEquiv>
                    <Unicode>im Schloſſe Unterkunft gab und mit ihnen Zu⸗</Unicode>
                </TextEquiv>
                <TextStyle fontFamily="Times New Roman" fontSize="7.0"/>
            </TextLine>
            <TextLine id="r24l13" primaryLanguage="German" custom="readingOrder {index:12;}">
                <Coords points="183,3673 275,3673 384,3671 668,3671 806,3672 1025,3673 1084,3675 1083,3714 182,3716"/>
                <Baseline points="190,3707 428,3704 542,3704 628,3704 703,3704 822,3704 910,3705 980,3705 1079,3706"/>
                <TextEquiv>
                    <Unicode>ſammenkünfte hielt. Da die Sekte von der tiro⸗</Unicode>
                </TextEquiv>
                <TextStyle fontFamily="Times New Roman" fontSize="7.0"/>
            </TextLine>
            <TextLine id="r24l14" primaryLanguage="German" custom="readingOrder {index:13;}">
                <Coords points="184,3721 205,3719 229,3718 268,3717 489,3717 857,3718 1082,3718 1082,3758 184,3761"/>
                <Baseline points="190,3752 532,3750 744,3750 904,3749 992,3749 1076,3751"/>
                <TextEquiv>
                    <Unicode>liſch⸗habsburgiſchen Regierung verboten war und</Unicode>
                </TextEquiv>
                <TextStyle fontFamily="Times New Roman" fontSize="7.0"/>
            </TextLine>
            <TextLine id="r24l15" primaryLanguage="German" custom="readingOrder {index:14;}">
                <Coords points="186,3770 247,3767 347,3765 1082,3763 1082,3802 185,3808"/>
                <Baseline points="190,3797 324,3797 470,3799 589,3797 701,3797 784,3795 970,3796 1079,3794"/>
                <TextEquiv>
                    <Unicode>verfolgt wurde, hielt man bei Neuhaus auch</Unicode>
                </TextEquiv>
                <TextStyle fontFamily="Times New Roman" fontSize="7.0"/>
            </TextLine>
            <TextLine id="r24l16" primaryLanguage="German" custom="readingOrder {index:15;}">
                <Coords points="186,3811 1082,3807 1082,3847 186,3851"/>
                <Baseline points="190,3843 345,3841 663,3840 790,3840 881,3840 1015,3841 1077,3839"/>
                <TextEquiv>
                    <Unicode>heimliche Zuſammenkünfte hinter dem Schloß in</Unicode>
                </TextEquiv>
                <TextStyle fontFamily="Times New Roman" fontSize="7.0"/>
            </TextLine>
            <TextLine id="r24l17" primaryLanguage="German" custom="readingOrder {index:16;}">
                <Coords points="188,3854 208,3853 339,3854 481,3853 848,3851 1009,3851 1045,3852 1085,3852 1083,3893 188,3895"/>
                <Baseline points="192,3887 276,3887 427,3886 669,3886 766,3885 878,3884 999,3886 1079,3886"/>
                <TextEquiv>
                    <Unicode>einer kleinen Bachſchlucht und beim Kofel da⸗</Unicode>
                </TextEquiv>
                <TextStyle fontFamily="Times New Roman" fontSize="7.0"/>
            </TextLine>
            <TextLine id="r24l18" primaryLanguage="German" custom="readingOrder {index:17;}">
                <Coords points="185,3899 483,3896 1085,3895 1085,3938 185,3940"/>
                <Baseline points="191,3932 285,3931 418,3930 576,3929 680,3930 791,3931 893,3929 1078,3931"/>
                <TextEquiv>
                    <Unicode>ſelbſt, welche Stellen man noch zeigt. Zimmer⸗</Unicode>
                </TextEquiv>
                <TextStyle fontFamily="Times New Roman" fontSize="7.0"/>
            </TextLine>
            <TextLine id="r24l19" primaryLanguage="German" custom="readingOrder {index:18;}">
                <Coords points="186,3946 282,3942 961,3940 1042,3942 1085,3943 1084,3978 1034,3982 186,3985"/>
                <Baseline points="191,3977 290,3976 419,3975 591,3975 671,3975 772,3974 969,3974 1083,3974"/>
                <TextEquiv>
                    <Unicode>mann wurde ſchließlich in Haft genommen, aber</Unicode>
                </TextEquiv>
                <TextStyle fontFamily="Times New Roman" fontSize="7.0"/>
            </TextLine>
            <TextLine id="r24l20" primaryLanguage="German" custom="readingOrder {index:19;}">
                <Coords points="189,3988 319,3988 393,3987 754,3985 851,3986 888,3990 902,4004 902,4028 189,4031"/>
                <Baseline points="195,4021 291,4021 511,4020 660,4020 896,4018"/>
                <TextEquiv>
                    <Unicode>gegen Bürgſchaft wieder freigelaſſen.</Unicode>
                </TextEquiv>
                <TextStyle fontFamily="Times New Roman" fontSize="7.0"/>
            </TextLine>
            <TextLine id="r24l21" primaryLanguage="German" custom="readingOrder {index:20;}">
                <Coords points="228,4033 1082,4031 1082,4071 227,4075"/>
                <Baseline points="234,4065 296,4066 420,4064 528,4064 619,4066 771,4066 928,4063 999,4063 1077,4062"/>
                <TextEquiv>
                    <Unicode>Im Jahre 1543 kam Schloß Neuhaus an die</Unicode>
                </TextEquiv>
                <TextStyle fontFamily="Times New Roman" fontSize="7.0"/>
            </TextLine>
            <TextLine id="r24l22" primaryLanguage="German" custom="readingOrder {index:21;}">
                <Coords points="189,4079 224,4076 971,4074 1048,4075 1086,4075 1086,4115 189,4119"/>
                <Baseline points="194,4111 332,4110 449,4109 718,4109 910,4107 1080,4108"/>
                <TextEquiv>
                    <Unicode>Familie von Teutenhofen, nachdem Michel</Unicode>
                </TextEquiv>
                <TextStyle fontFamily="Times New Roman" fontSize="7.0"/>
            </TextLine>
            <TextLine id="r24l23" primaryLanguage="German" custom="readingOrder {index:22;}">
                <Coords points="189,4124 274,4122 1085,4118 1085,4162 190,4163"/>
                <Baseline points="195,4156 258,4155 495,4154 659,4152 766,4152 880,4152 969,4152 1083,4152"/>
                <TextEquiv>
                    <Unicode>von Teutenhofen dasſelbe ſchon unter dem Pfle⸗</Unicode>
                </TextEquiv>
                <TextStyle fontFamily="Times New Roman" fontSize="7.0"/>
            </TextLine>
            <TextLine id="r24l24" primaryLanguage="German" custom="readingOrder {index:23;}">
                <Coords points="189,4176 257,4164 929,4163 1041,4163 1083,4175 1083,4202 189,4208"/>
                <Baseline points="192,4200 245,4198 517,4196 739,4195 863,4194 960,4195 1078,4194"/>
                <TextEquiv>
                    <Unicode>ger Zimmermann innegehabt hatte. Ein Tho⸗</Unicode>
                </TextEquiv>
                <TextStyle fontFamily="Times New Roman" fontSize="7.0"/>
            </TextLine>
            <TextLine id="r24l25" primaryLanguage="German" custom="readingOrder {index:24;}">
                <Coords points="190,4224 250,4218 311,4212 999,4207 1019,4208 1084,4210 1084,4249 188,4254"/>
                <Baseline points="195,4247 266,4246 354,4245 591,4244 770,4241 849,4241 985,4243 1080,4241"/>
                <TextEquiv>
                    <Unicode>mas von Teutenhofen verkaufte das Schloß ſamt</Unicode>
                </TextEquiv>
                <TextStyle fontFamily="Times New Roman" fontSize="7.0"/>
            </TextLine>
            <TextLine id="r24l26" primaryLanguage="German" custom="readingOrder {index:25;}">
                <Coords points="192,4259 253,4257 1084,4251 1084,4293 192,4299"/>
                <Baseline points="192,4292 347,4289 544,4288 633,4287 739,4286 964,4285 1083,4285"/>
                <TextEquiv>
                    <Unicode>Pirchach, Premſtall und aller Gerechtſame, wozu</Unicode>
                </TextEquiv>
                <TextStyle fontFamily="Times New Roman" fontSize="7.0"/>
            </TextLine>
            <TextLine id="r24l27" primaryLanguage="German" custom="readingOrder {index:26;}">
                <Coords points="192,4301 1084,4294 1082,4335 193,4343"/>
                <Baseline points="195,4334 275,4334 364,4333 560,4331 645,4331 746,4329 943,4328 1078,4327"/>
                <TextEquiv>
                    <Unicode>auch die Fiſcherei in der Tauferer Ache</Unicode>
                </TextEquiv>
                <TextStyle fontFamily="Times New Roman" fontSize="7.0"/>
            </TextLine>
            <TextLine id="r24l28" primaryLanguage="German" custom="readingOrder {index:27;}">
                <Coords points="193,4349 203,4347 1084,4339 1084,4381 193,4388"/>
                <Baseline points="197,4382 245,4380 364,4380 526,4378 613,4376 706,4376 831,4374 950,4373 1080,4373"/>
                <TextEquiv>
                    <Unicode>bei Gais gehörte, an den feſten Hans Jakob</Unicode>
                </TextEquiv>
                <TextStyle fontFamily="Times New Roman" fontSize="7.0"/>
            </TextLine>
            <TextLine id="r24l29" primaryLanguage="German" custom="readingOrder {index:28;}">
                <Coords points="194,4390 1088,4383 1088,4425 194,4431"/>
                <Baseline points="200,4426 278,4425 334,4424 493,4421 586,4422 704,4419 756,4419 899,4418 979,4417 1085,4418"/>
                <TextEquiv>
                    <Unicode>Söll v. Eichberg um 5000 fl. Dieſer, ein Bür⸗</Unicode>
                </TextEquiv>
                <TextStyle fontFamily="Times New Roman" fontSize="7.0"/>
            </TextLine>
            <TextLine id="r24l30" primaryLanguage="German" custom="readingOrder {index:29;}">
                <Coords points="189,4442 341,4434 1085,4427 1084,4467 953,4476 189,4482"/>
                <Baseline points="195,4471 255,4470 488,4468 599,4466 791,4464 878,4463 965,4462 1080,4462"/>
                <TextEquiv>
                    <Unicode>ger von Bruneck, war fürſtlicher Rat und Kam⸗</Unicode>
                </TextEquiv>
                <TextStyle fontFamily="Times New Roman" fontSize="7.0"/>
            </TextLine>
        </TextRegion>
        <TextRegion type="paragraph" id="r25" custom="readingOrder {index:24;}">
            <Coords points="1095,3129 2012,3127 2016,3591 2019,4123 2019,4443 1103,4451 1099,3585"/>
            <TextLine id="r25l1" primaryLanguage="German" custom="readingOrder {index:0;}">
                <Coords points="1104,3148 1130,3138 1338,3135 2008,3135 2009,3181 1105,3181"/>
                <Baseline points="1109,3171 1296,3172 1397,3172 1562,3172 1646,3172 1800,3172 1912,3170 2006,3171"/>
                <TextEquiv>
                    <Unicode>mermeiſter von Brixen. Er erbaute 1601 auf</Unicode>
                </TextEquiv>
                <TextStyle fontFamily="Times New Roman" fontSize="7.0"/>
            </TextLine>
            <TextLine id="r25l2" primaryLanguage="German" custom="readingOrder {index:1;}">
                <Coords points="1104,3184 1642,3181 2008,3181 2008,3225 1104,3224"/>
                <Baseline points="1107,3216 1175,3216 1348,3217 1600,3216 1735,3216 1885,3216 2003,3216"/>
                <TextEquiv>
                    <Unicode>dem unteren Schloßplatze neben einem dort</Unicode>
                </TextEquiv>
                <TextStyle fontFamily="Times New Roman" fontSize="7.0"/>
            </TextLine>
            <TextLine id="r25l3" primaryLanguage="German" custom="readingOrder {index:2;}">
                <Coords points="1104,3226 1410,3224 2008,3225 2009,3272 1105,3271"/>
                <Baseline points="1106,3262 1268,3260 1397,3260 1479,3260 1734,3259 1917,3260 2003,3261"/>
                <TextEquiv>
                    <Unicode>ſtehenden Turm das gegenwärtige Kirchlein und</Unicode>
                </TextEquiv>
                <TextStyle fontFamily="Times New Roman" fontSize="7.0"/>
            </TextLine>
            <TextLine id="r25l4" primaryLanguage="German" custom="readingOrder {index:3;}">
                <Coords points="1105,3272 1310,3271 2008,3273 2009,3315 1105,3313"/>
                <Baseline points="1108,3305 1196,3304 1283,3304 1383,3305 1477,3304 1689,3305 1819,3305 2008,3307"/>
                <TextEquiv>
                    <Unicode>hielt, wie auch ſein Nachfolger Jakob Chriſtoph</Unicode>
                </TextEquiv>
                <TextStyle fontFamily="Times New Roman" fontSize="7.0"/>
            </TextLine>
            <TextLine id="r25l5" primaryLanguage="German" custom="readingOrder {index:4;}">
                <Coords points="1106,3316 1177,3314 2009,3313 2009,3357 1106,3359"/>
                <Baseline points="1109,3349 1197,3349 1318,3349 1471,3348 1627,3348 1729,3349 1829,3347 1900,3349 2002,3347"/>
                <TextEquiv>
                    <Unicode>Söll, einen eigenen Kaplan. Von 1611 bis 1781</Unicode>
                </TextEquiv>
                <TextStyle fontFamily="Times New Roman" fontSize="7.0"/>
            </TextLine>
            <TextLine id="r25l6" primaryLanguage="German" custom="readingOrder {index:5;}">
                <Coords points="1107,3361 1235,3357 1649,3357 1974,3360 2009,3370 2009,3401 1107,3402"/>
                <Baseline points="1108,3394 1237,3393 1343,3393 1436,3393 1600,3394 1777,3393 2005,3393"/>
                <TextEquiv>
                    <Unicode>hauſten ober dem Schloſſe Neuhaus verſchiedene</Unicode>
                </TextEquiv>
                <TextStyle fontFamily="Times New Roman" fontSize="7.0"/>
            </TextLine>
            <TextLine id="r25l7" primaryLanguage="German" custom="readingOrder {index:6;}">
                <Coords points="1107,3405 1984,3402 2008,3402 2008,3449 1107,3449"/>
                <Baseline points="1110,3438 1280,3438 1377,3438 1502,3437 1583,3438 1732,3437 1824,3438 1910,3437 2005,3438"/>
                <TextEquiv>
                    <Unicode>Eremiten, von denen der dortige Hof den Na⸗</Unicode>
                </TextEquiv>
                <TextStyle fontFamily="Times New Roman" fontSize="7.0"/>
            </TextLine>
            <TextLine id="r25l8" primaryLanguage="German" custom="readingOrder {index:7;}">
                <Coords points="1104,3451 1209,3450 1694,3447 2010,3447 2010,3490 1106,3490"/>
                <Baseline points="1110,3482 1182,3482 1304,3482 1434,3482 1520,3482 1668,3483 1722,3483 1823,3483 1916,3482 2006,3482"/>
                <TextEquiv>
                    <Unicode>men führt. Unter den Herren v. Söll war von</Unicode>
                </TextEquiv>
                <TextStyle fontFamily="Times New Roman" fontSize="7.0"/>
            </TextLine>
            <TextLine id="r25l9" primaryLanguage="German" custom="readingOrder {index:8;}">
                <Coords points="1106,3495 1229,3494 1427,3493 1792,3491 2011,3492 2010,3538 1106,3534"/>
                <Baseline points="1112,3526 1198,3526 1264,3527 1367,3526 1458,3529 1532,3527 1688,3528 1854,3528 2007,3527"/>
                <TextEquiv>
                    <Unicode>1702 bis 1706 auch ein Martin Zösmair Pfleger</Unicode>
                </TextEquiv>
                <TextStyle fontFamily="Times New Roman" fontSize="7.0"/>
            </TextLine>
            <TextLine id="r25l10" primaryLanguage="German" custom="readingOrder {index:9;}">
                <Coords points="1106,3539 1156,3539 1300,3538 1320,3538 1366,3543 1366,3579 1346,3580 1126,3580 1108,3579"/>
                <Baseline points="1112,3572 1194,3573 1359,3572"/>
                <TextEquiv>
                    <Unicode>auf Neuhaus.</Unicode>
                </TextEquiv>
                <TextStyle fontFamily="Times New Roman" fontSize="7.0"/>
            </TextLine>
            <TextLine id="r25l11" primaryLanguage="German" custom="readingOrder {index:10;}">
                <Coords points="1152,3590 1715,3587 1922,3590 2008,3589 2010,3633 2006,3634 1151,3633"/>
                <Baseline points="1153,3625 1217,3626 1342,3625 1449,3624 1599,3626 1783,3625 1902,3625 2007,3626"/>
                <TextEquiv>
                    <Unicode>Im Jahre 1743 erwarb Neuhaus durch Kauf</Unicode>
                </TextEquiv>
                <TextStyle fontFamily="Times New Roman" fontSize="7.0"/>
            </TextLine>
            <TextLine id="r25l12" primaryLanguage="German" custom="readingOrder {index:11;}">
                <Coords points="1107,3640 1196,3638 1400,3634 2010,3634 2010,3678 1107,3679"/>
                <Baseline points="1112,3670 1175,3670 1256,3670 1355,3670 1472,3670 1662,3671 1797,3671 1872,3668 2006,3670"/>
                <TextEquiv>
                    <Unicode>von den Söll Graf Alexander Künigl von Ehren⸗</Unicode>
                </TextEquiv>
                <TextStyle fontFamily="Times New Roman" fontSize="7.0"/>
            </TextLine>
            <TextLine id="r25l13" primaryLanguage="German" custom="readingOrder {index:12;}">
                <Coords points="1108,3680 1165,3680 2011,3679 2011,3722 1108,3724"/>
                <Baseline points="1110,3716 1201,3715 1346,3716 1508,3715 1628,3714 1697,3714 1881,3715 2007,3714"/>
                <TextEquiv>
                    <Unicode>burg. Dieſer erbaute 1752 in Pirchach neben</Unicode>
                </TextEquiv>
                <TextStyle fontFamily="Times New Roman" fontSize="7.0"/>
            </TextLine>
            <TextLine id="r25l14" primaryLanguage="German" custom="readingOrder {index:13;}">
                <Coords points="1109,3727 1190,3723 2011,3723 2011,3767 1109,3767"/>
                <Baseline points="1112,3759 1164,3759 1348,3759 1468,3758 1563,3759 1703,3761 1787,3759 1909,3761 2007,3759"/>
                <TextEquiv>
                    <Unicode>der Talſtraße unter dem Schloß ein neues, ſchö⸗</Unicode>
                </TextEquiv>
                <TextStyle fontFamily="Times New Roman" fontSize="7.0"/>
            </TextLine>
            <TextLine id="r25l15" primaryLanguage="German" custom="readingOrder {index:14;}">
                <Coords points="1108,3771 1165,3771 1223,3770 1460,3768 2011,3766 2011,3809 1107,3812"/>
                <Baseline points="1112,3804 1169,3804 1417,3804 1515,3802 1666,3803 1827,3803 1919,3803 2007,3802"/>
                <TextEquiv>
                    <Unicode>nes Pflegerhaus. Die Pfleger nahmen nun hier</Unicode>
                </TextEquiv>
                <TextStyle fontFamily="Times New Roman" fontSize="7.0"/>
            </TextLine>
            <TextLine id="r25l16" primaryLanguage="German" custom="readingOrder {index:15;}">
                <Coords points="1108,3815 1196,3811 2012,3811 2012,3854 1107,3857"/>
                <Baseline points="1111,3846 1202,3846 1302,3845 1396,3846 1485,3846 1630,3848 1738,3847 1910,3846 2006,3846"/>
                <TextEquiv>
                    <Unicode>ihren Sitz und das Schloß ging langſam dem</Unicode>
                </TextEquiv>
                <TextStyle fontFamily="Times New Roman" fontSize="7.0"/>
            </TextLine>
            <TextLine id="r25l17" primaryLanguage="German" custom="readingOrder {index:16;}">
                <Coords points="1108,3859 1210,3859 2011,3858 2011,3899 1108,3901"/>
                <Baseline points="1113,3893 1255,3892 1446,3891 1562,3893 1662,3891 1779,3891 1863,3891 2008,3891"/>
                <TextEquiv>
                    <Unicode>Verfalle entgegen. Nach dem Tode des Grafen</Unicode>
                </TextEquiv>
                <TextStyle fontFamily="Times New Roman" fontSize="7.0"/>
            </TextLine>
            <TextLine id="r25l18" primaryLanguage="German" custom="readingOrder {index:17;}">
                <Coords points="1110,3903 2012,3901 2012,3943 1109,3948"/>
                <Baseline points="1114,3938 1233,3937 1380,3936 1468,3935 1681,3936 1764,3935 2008,3935"/>
                <TextEquiv>
                    <Unicode>Künigl wurde die Herrſchaft an verſchiedene</Unicode>
                </TextEquiv>
                <TextStyle fontFamily="Times New Roman" fontSize="7.0"/>
            </TextLine>
            <TextLine id="r25l19" primaryLanguage="German" custom="readingOrder {index:18;}">
                <Coords points="1107,3948 1163,3946 1807,3945 1974,3947 2011,3952 2013,3989 1108,3991"/>
                <Baseline points="1115,3983 1247,3981 1456,3981 1562,3980 1655,3980 1720,3980 1787,3981 2008,3981"/>
                <TextEquiv>
                    <Unicode>Private veräußert. Und wie es in zahlreichen</Unicode>
                </TextEquiv>
                <TextStyle fontFamily="Times New Roman" fontSize="7.0"/>
            </TextLine>
            <TextLine id="r25l20" primaryLanguage="German" custom="readingOrder {index:19;}">
                <Coords points="1109,3995 1404,3991 2013,3990 2013,4032 1109,4035"/>
                <Baseline points="1113,4026 1230,4026 1390,4025 1523,4024 1605,4026 1745,4025 1849,4026 2010,4024"/>
                <TextEquiv>
                    <Unicode>Fällen geſchah, nahm ein Bauer vom Schloſſe</Unicode>
                </TextEquiv>
                <TextStyle fontFamily="Times New Roman" fontSize="7.0"/>
            </TextLine>
            <TextLine id="r25l21" primaryLanguage="German" custom="readingOrder {index:20;}">
                <Coords points="1110,4039 1133,4034 2013,4034 2013,4078 1110,4080"/>
                <Baseline points="1110,4070 1213,4071 1291,4070 1394,4070 1467,4068 1715,4069 1793,4069 1906,4070 2007,4071"/>
                <TextEquiv>
                    <Unicode>Beſitz, wo einſt die Nachkommen der alten Gra⸗</Unicode>
                </TextEquiv>
                <TextStyle fontFamily="Times New Roman" fontSize="7.0"/>
            </TextLine>
            <TextLine id="r25l22" primaryLanguage="German" custom="readingOrder {index:21;}">
                <Coords points="1109,4082 1753,4079 1788,4081 1830,4087 1830,4125 1114,4127 1109,4123"/>
                <Baseline points="1109,4116 1165,4115 1242,4114 1529,4113 1690,4115 1820,4113"/>
                <TextEquiv>
                    <Unicode>fen des Puſtertalgaues gehauſt hatten.</Unicode>
                </TextEquiv>
                <TextStyle fontFamily="Times New Roman" fontSize="7.0"/>
            </TextLine>
            <TextLine id="r25l23" primaryLanguage="German" custom="readingOrder {index:22;}">
                <Coords points="1149,4135 1367,4132 2014,4132 2014,4176 1149,4177"/>
                <Baseline points="1156,4169 1242,4169 1400,4167 1480,4167 1619,4167 1737,4167 1844,4168 2008,4168"/>
                <TextEquiv>
                    <Unicode>Aber ſeitdem im Jahre 1900 Herr Vinzenz</Unicode>
                </TextEquiv>
                <TextStyle fontFamily="Times New Roman" fontSize="7.0"/>
            </TextLine>
            <TextLine id="r25l24" primaryLanguage="German" custom="readingOrder {index:23;}">
                <Coords points="1108,4181 1312,4179 2013,4177 2013,4219 1108,4221"/>
                <Baseline points="1112,4214 1219,4213 1321,4212 1542,4212 1644,4211 1803,4211 1902,4212 2009,4211"/>
                <TextEquiv>
                    <Unicode>Ebner von Niederdorf das Schloß mit dem</Unicode>
                </TextEquiv>
                <TextStyle fontFamily="Times New Roman" fontSize="7.0"/>
            </TextLine>
            <TextLine id="r25l25" primaryLanguage="German" custom="readingOrder {index:24;}">
                <Coords points="1109,4223 1252,4223 1366,4221 2013,4220 2013,4264 1110,4266"/>
                <Baseline points="1114,4258 1219,4257 1385,4256 1581,4256 1676,4257 1750,4258 1880,4255 2009,4256"/>
                <TextEquiv>
                    <Unicode>letzten Zugehör angekauft hat, iſt wieder Leben</Unicode>
                </TextEquiv>
                <TextStyle fontFamily="Times New Roman" fontSize="7.0"/>
            </TextLine>
            <TextLine id="r25l26" primaryLanguage="German" custom="readingOrder {index:25;}">
                <Coords points="1109,4270 1226,4267 2013,4266 2013,4308 1109,4310"/>
                <Baseline points="1114,4302 1149,4302 1317,4301 1522,4302 1628,4300 1786,4301 2008,4300"/>
                <TextEquiv>
                    <Unicode>in dasſelbe gekommen, das Schloß zugänglicher</Unicode>
                </TextEquiv>
                <TextStyle fontFamily="Times New Roman" fontSize="7.0"/>
            </TextLine>
            <TextLine id="r25l27" primaryLanguage="German" custom="readingOrder {index:26;}">
                <Coords points="1110,4324 1162,4314 1181,4312 2014,4311 2015,4354 1111,4356"/>
                <Baseline points="1114,4346 1178,4346 1256,4345 1398,4345 1562,4346 1834,4343 2009,4344"/>
                <TextEquiv>
                    <Unicode>und zu einem ſchönen Ausflugsorte gemacht</Unicode>
                </TextEquiv>
                <TextStyle fontFamily="Times New Roman" fontSize="7.0"/>
            </TextLine>
            <TextLine id="r25l28" primaryLanguage="German" custom="readingOrder {index:27;}">
                <Coords points="1111,4367 1134,4354 2014,4353 2014,4398 1111,4400"/>
                <Baseline points="1115,4391 1250,4390 1403,4390 1507,4389 1762,4389 1860,4390 2011,4390"/>
                <TextEquiv>
                    <Unicode>worden. Mögen ſeine Bemühungen auch gelohnt</Unicode>
                </TextEquiv>
                <TextStyle fontFamily="Times New Roman" fontSize="7.0"/>
            </TextLine>
            <TextLine id="r25l29" primaryLanguage="German" custom="readingOrder {index:28;}">
                <Coords points="1110,4409 1166,4402 1199,4402 1252,4411 1253,4438 1218,4443 1110,4440"/>
                <Baseline points="1114,4436 1247,4435"/>
                <TextEquiv>
                    <Unicode>werden.</Unicode>
                </TextEquiv>
                <TextStyle fontFamily="Times New Roman" fontSize="7.0"/>
            </TextLine>
        </TextRegion>
        <SeparatorRegion id="r_10" custom="readingOrder {index:25;}">
            <Coords points="0,0 336,0 336,30 0,30"/>
        </SeparatorRegion>
        <SeparatorRegion id="r_11" custom="readingOrder {index:26;}">
            <Coords points="340,0 1418,0 1418,51 340,51"/>
        </SeparatorRegion>
        <SeparatorRegion id="r_12" custom="readingOrder {index:27;}">
            <Coords points="805,158 2901,158 2901,175 805,175"/>
        </SeparatorRegion>
        <SeparatorRegion id="r_13" custom="readingOrder {index:28;}">
            <Coords points="171,169 773,169 773,181 171,181"/>
        </SeparatorRegion>
        <SeparatorRegion id="r_14" custom="readingOrder {index:29;}">
            <Coords points="185,3092 1987,3092 1987,3112 185,3112"/>
        </SeparatorRegion>
        <SeparatorRegion id="r_15" custom="readingOrder {index:30;}">
            <Coords points="219,3115 695,3115 695,3122 219,3122"/>
        </SeparatorRegion>
        <SeparatorRegion id="r_16" custom="readingOrder {index:31;}">
            <Coords points="715,3113 1649,3113 1649,3125 715,3125"/>
        </SeparatorRegion>
        <SeparatorRegion id="r_17" custom="readingOrder {index:32;}">
            <Coords points="1697,3114 1985,3114 1985,3122 1697,3122"/>
        </SeparatorRegion>
        <SeparatorRegion id="r_18" custom="readingOrder {index:33;}">
            <Coords points="1394,4451 1734,4451 1734,4465 1394,4465"/>
        </SeparatorRegion>
        <SeparatorRegion id="r_19" custom="readingOrder {index:34;}">
            <Coords points="0,4787 3124,4787 3124,4829 0,4829"/>
        </SeparatorRegion>
        <SeparatorRegion id="r_20" custom="readingOrder {index:35;}">
            <Coords points="0,0 8,0 8,1160 0,1160"/>
        </SeparatorRegion>
        <SeparatorRegion id="r_21" custom="readingOrder {index:36;}">
            <Coords points="1075,206 1093,206 1093,3080 1075,3080"/>
        </SeparatorRegion>
        <SeparatorRegion id="r_22" custom="readingOrder {index:37;}">
            <Coords points="1087,3137 1100,3137 1100,4457 1087,4457"/>
        </SeparatorRegion>
        <SeparatorRegion id="r_23" custom="readingOrder {index:38;}">
            <Coords points="2005,204 2026,204 2026,4452 2005,4452"/>
        </SeparatorRegion>
        <SeparatorRegion id="r_24" custom="readingOrder {index:39;}">
            <Coords points="3119,1305 3168,1305 3168,4829 3119,4829"/>
        </SeparatorRegion>
        <SeparatorRegion id="r_25" custom="readingOrder {index:40;}">
            <Coords points="3149,93 3168,93 3168,1305 3149,1305"/>
        </SeparatorRegion>
        <SeparatorRegion id="r_26" custom="readingOrder {index:41;}">
            <Coords points="601,175 627,175 627,177 601,177"/>
        </SeparatorRegion>
        <SeparatorRegion id="r_27" custom="readingOrder {index:42;}">
            <Coords points="1093,4147 1099,4147 1099,4241 1093,4241"/>
        </SeparatorRegion>
    </Page>
</PcGts>
