2763 3576
125 183 403 227 I. Juli 1911.
890 177 1405 224 Illuſtrierte Kronen⸗Zeitung.
1750 176 2145 221 Nr. 4130. Seite 9.
428 293 809 357 Ein Wundertier.
191 366 1124 406 Das merkwürdige Geſchöpf, welches ſich hier präſentiert
104 402 1125 440 und von dem man gegenwärtig im Zoologiſchen Garten zu
107 438 1121 475 Amſterdam ein lebendes Exemplar ſehen kann, iſt ein Säugetier
107 474 1121 511 aus Neuguinea, nicht unähnlich dem Ameiſenbär oder
107 509 1121 549 Ameiſenigel, aber womöglich noch phantaſtiſcher in der Form,
104 545 1120 581 welche in einzelnen Zügen an diejenigen der Reptilien, ja
106 581 1120 616 ſelbſt der Vogelwelt anklingt. Das Weibchen dieſer ſonderbaren
106 615 1121 651 Tiere, welche ſich mit Hilfe ihres langen Rüſſels von Inſekten
107 652 1120 687 nähren, bringt ihre Jungen in einem pergamentartigen Ei zur
106 688 1120 723 Welt, welches ſie eine Zeitlang „ausbrütet“, indem das Mutter⸗
105 723 1120 759 tier dieſes Ei in einem taſchenartigen Gewahrſam am Unter⸗
107 759 1119 794 leib herumträgt. Das Junge heftet ſich dann nach dem Aus⸗
108 791 1118 831 ſchlüpfen an die Mutterbruſt, erhält aber ſeine Milch nicht aus
103 1653 1115 1689 deren Warzen, ſondern durch das Ausſaugen der Haare, welche
103 1689 1114 1724 die Mündung der Drüſe umgeben. Auffallend wie dieſe Art
104 1723 1117 1759 der erſten Ernährung ſind auch die Bluttemperaturen des
103 1756 1114 1793 Tieres, welche 28 Grad Celſius nicht überſteigen, was bekannt⸗
105 1793 1113 1829 lich für Säugetiere eine ſehr geringe Blutwärme bedeutet.
105 1827 1112 1862 Geht die Lufttemperatur unter 5 Grad herab, ſo iſt das Tier
103 1862 1111 1897 gezwungen, unter der Erde zu überwintern; aber auch gegen
104 1897 1111 1932 Hitze iſt es ſehr empfindlich und ſteht um, wenn dieſelbe 35
104 1933 1112 1968 Grad überſteigt und ſich keine Gelegenheit zum Einwühlen
102 1967 1109 2004 ins Erdreich darbietet, ähnlich wie ein vom Hitzſchlag getroffener
104 2003 1112 2039 Menſch. Die hierauf bezüglichen Studien hat man in Auſtralien
103 2039 1116 2074 gemacht, wo eine dem Tier von Neuguinea nahe verwandte
100 2072 335 2110 Art vorkommt.
101 2196 1114 2234 Loimersdorf, Bezirk Gänſerndorf, ein Sparkaſſe⸗
97 2232 1115 2269 buch geſtohlen und auf Grund desſelben widerrechtlich
99 2268 1114 2303 400 K behoben. Mit dem Gelde flüchtete ſie. Zwei Tage darauf
92 2302 1115 2338 iſt ſie hier verhaftet worden. In leichtſinnigſter Weiſe hatte ſie
101 2333 1117 2373 300 K bereits verausgabt. Sie wurde dem Landesgerichte ein⸗
90 2373 243 2409 geliefert.
197 2417 1111 2451 (Selbſtmord eines Wieners in Wels.) Im Gaſthofe „zum
101 2459 1109 2495 Pflug“ in Wels hat ſich geſtern der Tapezierermeiſter Albert
103 2504 1110 2540 König aus Wien erhängt. Das Motiv der Tat iſt nicht
93 2542 234 2586 bekannt.
200 2589 1109 2626 (Verhaftete „Koſaken“.) Am 24. Juni nachts wurde
101 2627 1116 2665 einem in Ottakring, Neulerchenfelderſtraße wohnhaften Kauf⸗
92 2664 1111 2699 mann in einem Kaffeehauſe in Hernals von drei Be⸗
99 2699 1106 2734 trügern im Ecartéſpiel ein Betrag von 350 K ab⸗
98 2733 1107 2768 genommen. Einer der Betrüger war im Café als Tierarzt
100 2769 1106 2804 Müller bezeichnet worden. Er iſt nun in der Perſon des
98 2804 1105 2837 33 jährigen Schuhmachers Karl Bartunek, Fünfhaus,
100 2839 1105 2875 Goldſchlaggaſſe 15 wohnhaft, verhaftet worden. Bald
90 2874 1105 2909 nachher wurde auch einer der beiden Komplizen, der 34jährige
97 2910 1105 2948 Schneidergehilſe Ludwig Holec, dingfeſt gemacht. Beide ſind
95 2945 1108 2981 Profeſſionsſpieler. Gegen Holec liegt auch die An⸗
87 2981 1108 3017 zeige vor, daß er mit markierten Karten geſpielt hat.
190 3025 1108 3063 (Das ſchadhafte Ofenrohr.) Geſtern vormittags kam im
96 3066 1105 3109 Geſchäfte des Hutmachers Joſef Hepner, Hernals, Haupt⸗
95 3112 1106 3155 ſtraße 103, ein Brand zum Ausbruche, welcher Waren im
96 3155 1105 3197 Werte von 2000 K beſchädigte. Entſtanden dürfte das
84 3200 1105 3243 Feuer durch Schadhaftigkeit einer Ofenröhre ſein.
190 3244 1106 3283 (Verunglückte Kinder.) Der zehnjährige Volksſchüler
96 3276 1105 3319 Rudolf Menſchik, Sohn des Eiſendrehers Heinrich Men⸗
97 3313 1104 3356 ſchik, Mariahilf, Kaſernengaſſe 22 wohnhaft, geriet Donnerstag
92 3350 1109 3395 in der Stadtbahnſtation Pilgramgaſſae beim Abſpringen vom
1163 252 2173 287 fahrenden Zuge zwiſchen Trittbrett und Randſtein des Per⸗
1163 288 2175 322 rons. Er erlitt eine ſchwere Quetſchwunde am rechten Ober⸗
1160 323 2173 361 ſchenkel. Das Kind wurde der häuslichen Pflege übergeben. —
1157 359 2174 394 Der zehnjährige Schulknabe Karl Heisler, Franzensbrücken⸗
1158 395 2173 429 ſtraße wohnhaft, hat ſich Donnerstag abends an einen Streif⸗
1162 429 2171 464 wagen angehängt und iſt zu Boden geſtürzt. Er wurde am
1163 465 2172 500 rechten Fuße ſchwerverletzt. Das Kind wurde ins Kron⸗
1154 500 1744 537 prinz Rudolfs⸗Kinderſpital gebracht.
1253 542 2169 577 (Aufnahme in die k. k. Landwehrkadettenſchule in Wien.)
1158 579 2171 614 Die Aufnahme von Aſpiranten in den erſten Jahrgang der
1155 613 2170 651 k. k. Landwehrkadettenſchule in Wien oder in eine k. u. k.
1154 649 2172 687 Kadettenſchule mit der Widmung für die k. k. Landwehr, welche
1153 686 2169 721 ſich im Bereich der im Reichsrat vertretenen Königreiche und
1159 721 2171 754 Länder befindet, erfolgt mit Beginn des Schuljahres 1911/12
1162 756 2168 792 (21. September). In die höheren Jahrgänge werden keine
1150 792 2170 829 Aſpiranten aufgenommen. Die Aufnahmsgeſuche ſind bis läng⸗
1152 827 2168 862 ſtens 15. Juli beim Kommando der Landwehrkadettenſchule in
1159 862 2168 897 Wien einzubringen. — Alle näheren Aufklärungen nebſt Muſter
1160 894 2167 933 eines Geſuches finden unſere Leſer im Auskunftskalender
1154 929 2171 967 5. Teil für Militärangelegenheiten, der bei Einſendung von
1153 968 2167 1004 30 h in Briefmarken an die Adminiſtration der „Illuſtrierten
1154 1004 2170 1039 Kronen⸗Zeitung“, 9. Bez., Pramergaſſe 28, portofrei zuge⸗
1150 1041 1336 1077 ſchickt wird.
1250 1082 2169 1118 (Ein junger Gauner.) Ein etwa 16jähriger Burſche
1148 1117 2168 1154 trat kürzlich auf die elfjährige Karoline Neſtrojil, Rein⸗
1157 1155 2165 1191 dorfgaſſe 8 wohnhaft, zu und verſprach ihr, er werde ihr die
1157 1192 2167 1228 14 K, die ſie trug, in ein Papier wickeln und ihr dann eine
1151 1228 2166 1263 ſchöne Puppe kaufen. Mit dem Gelde verſchwand der Gauner.
1249 1281 2163 1316 (Frau Adamovic⸗Wölfling.) Wir werden erſucht, zu
1153 1317 2168 1353 konſtatieren, daß das Gerücht von einer Wiedervermählung
1154 1353 2161 1389 der Frau Adamovic⸗Wölfling mit dem Münchener
1150 1390 2060 1425 Maler Simon Glücklich nicht auf Wahrheit beruht.
1370 1463 1945 1533 Heldenmütige Wachleute.
1239 1547 2164 1581 Wir haben bereits ausführlich über das wackere Ver⸗
1152 1590 2166 1628 halten der beiden Sicherheitswachmänner Karl Lutten⸗
1152 1634 2164 1670 berger und Karl Zalaudek berichtet, die ihr Leben im
1196 3092 1344 3136 *2904.
1992 3106 2097 3142 GR.
1761 2401 2108 2456 Wachmann
1597 2461 2154 2540 K. Luttenberger
1145 3216 2152 3254 Rettungsdienſte in die Schanze geſchlagen haben. Wir bringen
1147 3258 2153 3295 heute die Bilder der mutigen Männer. Karl Lutten⸗
1146 3305 2153 3342 berger hat ein ſcheugewordenes Pferd des Wirtes „zur
1144 3349 2155 3386 Linde“ Johann Lehner aufgehalten und dabei eine ſchwere
2219 207 2595 295 Auskünfte
2247 302 2616 336 Joſef Hulkiewic, Lem⸗
2208 337 2616 370 berg, Muwarskagaſſe 4
2207 370 2617 406 Das an Sie gerichtete
2205 407 2617 442 Schreiben iſt uns als un⸗
2208 442 2612 477 beſtellbar zurückgekom⸗
2209 472 2615 512 men. Senden Sie ein
2208 513 2617 547 frankiertes, mit genauer
2206 548 2615 582 Adreſſe verſehenes Re⸗
2210 579 2616 616 tourkuvert ein, worauf
2206 616 2616 654 wir Ihnen die Auskunft
2206 652 2617 689 neuerdings zuſchicken
2210 689 2330 728 werden.
2242 741 2611 777 A. Kment. Wenn Sie
2212 777 2620 813 einen Brief erſt Montag
2209 812 2609 848 am 26. Juni abgeſchickt
2210 849 2611 883 haben, ſo iſt eine Rekla⸗
2202 884 2610 921 mation am Mittwoch den
2203 918 2613 955 28. nicht am Platze. Die
2209 955 2610 990 Briefe brauchen ja zu
2204 990 2609 1027 ihrer Erledigung eine ge⸗
2207 1025 2609 1060 wiſſe Zeit. Es kommt ja
2208 1060 2609 1097 nicht täglich nur ein
2206 1096 2615 1130 Brief, es kommen auch
2206 1131 2608 1167 nicht fünf Briefe, es
2199 1166 2613 1200 kommen auch nicht zehn
2202 1202 2612 1237 Briefe, ſondern es kom⸗
2200 1236 2613 1272 men tagtäglich 150
2200 1272 2607 1305 bis 160 Brief?.
2204 1305 2612 1345 Und dieſe 150 bis 160
2198 1343 2611 1377 Briefe müſſen geleſen, ge⸗
2203 1378 2613 1414 ſichtet und beantwortet
2203 1412 2606 1447 werden. Einige Briefe
2203 1449 2620 1485 müſſen Fachreferenten zu⸗
2205 1483 2613 1519 gewieſen werden, welche
2201 1518 2617 1554 nicht im Bureau arbei⸗
2201 1555 2608 1590 ten. Die Uebermittlung
2202 1590 2607 1625 dieſer ſpeziellen fachlichen
2205 1625 2606 1661 Anfragen erfolgt durch
2201 1661 2615 1695 die Poſt. Da wir nicht
2204 1695 2608 1732 jeden einzelnen Brief
2204 1732 2606 1767 ſeparat dem betreffenden
2202 1767 2605 1802 Referenten zuſchicken kön⸗
2202 1803 2605 1837 nen, müſſen wir warten,
2206 1837 2605 1873 bis mehrere Briefe für
2199 1872 2611 1908 einen Referenten beiſam⸗
2200 1908 2612 1944 men ſind. Sie ſehen alſo,
2206 1943 2606 1979 daß es aus techniſchen
2204 1979 2608 2015 Gründen ſehr häufig un
2202 2015 2604 2050 möglich iſt, daß ein
2196 2050 2608 2082 Frageſteller, der am
2199 2084 2610 2118 Montag anfragt, ſchon
2199 2119 2611 2154 Mittwoch die briefliche
2202 2155 2605 2189 Auskunft beſitzt. Auch
2204 2191 2606 2225 wenn Ihre Anfrage von
2200 2226 2612 2261 Briefkaſtenmann bereits
2199 2258 2606 2296 erledigt worden wäre,
2203 2296 2601 2330 dauert es doch zwei bis
2201 2330 2606 2366 drei Tage, ehe der Brief
2197 2367 2600 2399 mit den vielen anderen
2193 2401 2602 2436 hundert Briefen geſchrie⸗
2192 2436 2603 2470 ben und expediert iſt. Seit
2197 2472 2605 2506 1. Jänner ſind etwa
2194 2507 2604 2540 10.000 briefliche Aus⸗
2193 2542 2602 2575 künfte vom Auskunfts⸗
2191 2577 2599 2611 bureau abgeſchickt wor⸗
2194 2613 2604 2644 den. Das ſind 10.000
2197 2646 2602 2683 Briefe in 180 Tagen,
2195 2683 2605 2715 mit den Sonn⸗ und
2191 2718 2597 2752 Feiertagen. Stellen Sie
2191 2754 2597 2787 ſich nur vor, welche Ar⸗
2195 2789 2596 2821 beit das gegeben hätte,
2191 2824 2597 2859 wenn jeder Frageſteller
2195 2860 2595 2893 ſchon nach zwei Tagen re⸗
2196 2895 2601 2927 klamiert hätte. Der
2192 2930 2605 2963 Briefkaſtenmann bittet
2191 2964 2605 2999 Sie und andere Frage⸗
2192 3000 2602 3035 ſteller, nicht gleich die
2191 3035 2604 3069 Geduld zu verlieren, ſon⸗
2195 3068 2605 3107 dern nach Abſendung der
2194 3106 2600 3141 Anfrage abzuwarten, bis
2192 3142 2603 3174 die Beantwortung mög⸗
2193 3175 2602 3211 lich iſt. Der Briefkaſten⸗
2193 3213 2602 3247 mann iſt ſozuſagen auch
2190 3247 2604 3280 ein Menſch, er iſt kein
2188 3280 2602 3319 Zauberer, denn wenn er
2195 3317 2606 3353 zaubern könnte, wäre er
2192 3353 2546 3389 nicht Briefkaſtenmann
