3488 5356
222 177 373 211 Seite 16
795 180 1059 220 Wien, Samstag
1476 181 2049 228 Neue Freie Presse.
2493 188 2720 227 1. Juli 1911
3107 186 3301 225 Nr. 16830
168 255 1191 298 eher noch zunahm, ſo daß die Tendenz zeitweilig ein flaues
167 293 1192 338 Ausſehen zeigte. In erſter Linie war dies der Fall bei den
171 331 1191 374 heimiſchen Fonds und den heimiſchen Eiſenbahnaktien. Erſtere
161 373 1201 413 hatten auch unter der bevorſtehenden Uebernahme der
167 407 1194 454 National Telephon Company, für deren Ankauf wahrſcheinlich
165 448 1188 492 kurzfriſtige Schatzbonds in Zahlung gegeben werden dürften,
172 487 1188 534 zu leiden, während letztere ſich in vorgerückter Stunde dank
173 527 1188 575 der Ergebniſſe der Huller Verhandlungen mäßig behaupten
163 565 1187 612 konnten. Auf dem Amerikanermarkte waren die Aktien des
170 604 1192 650 Steeltruſts recht ſchwach veranlagt, da das Vorgehen der
170 644 1187 692 Unionsregierung gegen den Drahttruſt verſtimmte. Hingegen
168 684 1183 727 ſtellten ſich Erie⸗Shares an der Nachbörſe weſentlich höher,
166 723 1185 767 nachdem ſie ſchon im offiziellen Verkehre angezogen hatten.
167 761 1198 807 Mexikaniſche Bahnen waren einem ſtarken Abgabedruck aus⸗
167 800 1191 845 geſetzt und ſchwächten ſich demgemäß empfindlicher ab. Süd⸗
166 840 1193 887 afrikaniſche Minen kamen gleichfalls in großen Poſten für
166 881 1182 922 Rechnung von Pariſer Häuſern an den Markt. Kupferwerte
167 917 1185 965 wurden mit Rückſicht auf beſſere Berichte vom amerikaniſchen
170 958 1188 1005 Kupferhandel freundlicher beurteilt. Internationale Renten
166 997 1182 1038 zeigten infolge großer Reſerve gar keine oder nur ganz be⸗
164 1037 1183 1081 langloſe Veränderungen. Der Schluß des Verkehres erfolgte
167 1075 1182 1121 allgemein in ſchwacher Haltung. Das Taggeld bedang 3 ¼
165 1114 1182 1157 Prozent, der Diskont 2 ¼ Prozent. In die Bank von Eng⸗
164 1155 1179 1195 land floſſen durch Barrenkauf 37.000 Pfd. St. Gold. Barren⸗
164 1193 1178 1237 ſilber notierte per Kaſſe 25 5⁄16 d., per 2 Monate 25 ⅜ d. per
163 1234 393 1276 Standardunze.
243 1271 1181 1313 Es notierten: 2 ½ prozentige Konſols 79 3⁄16 (letzter Kurs
166 1308 1182 1352 79 9⁄16, Rupienanleihe 64 ¼ (64 ¼), vierprozentige Japaner
164 1347 1179 1391 93 (93), 1889er Ruſſen 97 ½ (97 ¼), 1906er Ruſſen
164 1387 1182 1436 103 ⅝ (104 ⅛), Italiener 103 (103), neue Spanier 94 ¾
163 1426 1181 1469 (94 ¾), vierprozentige Griechen 56 (56), vierprozentige 1897er
161 1465 1180 1508 Argentiner 88 ¼ (88), 1899er Braſilianer 87 ¾ (87 ½), 1898er
157 1503 1183 1551 Chineſen 101 ¼, (101 ¼), fünfprozentige Mexikaner 101 ¼, (101 ¼),
156 1543 1185 1587 Rio⸗Tinto 69 ⅞ (69 ¾), Atchiſon 116 ¾ (116 ¾), Northern⸗
161 1581 1183 1629 Pacific 138 ¼ (138 ¾), Southern⸗Pacific 126 ¾ (126 ⅞), Union⸗
156 1624 1183 1670 Pacific 194 ⅜ 194 ½, Canada⸗Pacific 248 ⅛ (248 ⅝), Southern
161 1659 1181 1703 Preferred 74 ¼ (72 ⅜), Steel Common 80 ½ (81), Steel
161 1703 1182 1742 Preferred 121 ¾ (121 ¾), Debeers 18 9⁄16 (18 9⁄16), New Vaal⸗
160 1738 1181 1781 River ¾ (¾), Chartered 1.56 (1.56), Randminen 7.65
160 1776 1179 1820 (7.75), Eaſtrand 4.68 (4.68), Randfontain 2.18 (2.18),
162 1814 1179 1858 Anaconda 8 ¼ (8 ⅜), Goldfields 5.09 (5.15), Central Mining
162 1854 1180 1898 12.50 (12.63), General Mining 1.43 (1.43), Premier
162 1893 1180 1933 Diamond 7.— (7.—), Modderfontain 12.12 (12.25), Robinſon⸗
160 1932 1174 1976 Deep 2.87 (2.87), Goerz⸗Shares 1.03 (1.03), Geduld 1.03
158 1971 1177 2012 (1.03), Ban Dyk 0.25 (0.25), South⸗Weſt Africa 1.72 (1.72),
159 2010 1039 2052 Ottavi 7.18 (7.18), Privatdiskont 2 ¼ (2 5⁄16) Prozent.
245 2060 1169 2100 [Allgemeine Depoſitenbank.] Am 30. Juni
159 2100 1177 2135 waren in Kaſſenſcheinen, beziehungsweiſe Spareinlagebüchern und
160 2130 1177 2169 Girokonto bei der Allgemeinen Depoſitenbank 45,356.301 K.
161 2166 296 2201 inveſtiert.
251 2208 1174 2247 [Salzburger Eiſenbahn⸗ und Tramway⸗
155 2242 1172 2280 gefellſchaft.] Die kürzlich ſtattgefundene (23.) ordentliche General⸗
156 2278 1177 2318 verſammlung der Salzburger Eiſenbahn⸗ und Tramwaygeſellſchaft
162 2311 1175 2351 hat die Dividende pro 1910 mit 3 ½ Prozent, gleich 14 K., feſt⸗
163 2346 1175 2387 geſetzt. Die ausſcheidenden Mitglieder des Verwaltungsrates, die
161 2382 1175 2419 Herren Wirklicher geheimer Oberregierungsrat Wilhelm Gleim,
162 2416 1175 2456 Berlin, und Direktor Max Chawaune der Bank⸗ und Wechſel⸗
161 2452 1173 2492 ſtuben⸗A.⸗G. „Mercur“, Wien, wurden wiedergewählt. Ferner wurde
161 2486 1173 2527 in den Verwaltungsrat Herr Direktor Ernſt Schwarz von der
159 2520 1174 2562 Bank⸗ und Wechſelſtuben A.⸗G. „Mercur“, Wien, neugewählt. In der
162 2556 1171 2596 auf die Generalverſammlung folgenden Verwaltungsratsſitzung
160 2593 1170 2633 wurde Herr Direktor Joſef Seliger, Wien, zum Präſidenten und
161 2627 1171 2668 Herr Dr. Karl Povinelti, Hof⸗ und Gerichtsadvokat in Salz⸗
160 2664 684 2701 burg, zum Vizepräſidenten gewählt.
246 2714 1172 2756 [Leopold Landeis A.⸗G.] Herr Leopold Fürſt erſucht
160 2748 1172 2789 uns, mitzuteilen, daß nicht er als Seniorchef der nunmehr in Liqui⸗
159 2781 1170 2824 dation tretenden Firma Leopold Fürſt, ſondern deſſen Sohn und
160 2817 1170 2857 bisheriger öffentlicher Geſellſchafter Herr Adolf Fürſt, und zwar
158 2853 1170 2893 als leitender Direkter, in die Geſchäftsleitung der Leopold Landeis
157 2889 362 2927 A.⸗G. eintritt.
238 2933 1171 2973 [Konkursnachrichten.] Vom Wiener Landesgerichte
154 2967 1173 3005 wurde der Konkurs über den Gemiſchtwarenverſchleißer Iſrael
153 3001 1171 3043 Herſch Marbach in Wien, 9. Bezirk, Spitalgaſſe 27, wohnhaft
152 3037 1171 3076 9. Bezirk, Tendlergaſſe 4, eröffnet. Konkurskommiſſär iſt Landes⸗
152 3069 1171 3113 gerichtsrat Wallerſtein, einſtweiliger Maſſeverwalter Dr. Siegmund
153 3103 1170 3144 Adler. Die Termine wurden für den.11. und 31. Juli und
153 3139 1171 3179 4. Auguſt feſtgeſetzt. — Von demſelben Gerichte wurde der Konkurs
153 3173 1168 3216 über Frau Irene Kraus, Pfaidlerin in Wien, 6. Bezirk, Brücken⸗
152 3207 1171 3244 gaſſe 4, eröffnet. Konkurskommiſſär iſt Landesgerichtsrat Mitſcher⸗
151 3242 1171 3281 ling, einſtweiliger Maſſeverwalter Dr. Siegmund Allerhand. Die
142 3276 1169 3317 Termine wurden für den 11. und 31. Juli und 4. Auguſt feſtgeſetzt.
150 3309 1170 3352 — In Konkurs ſind ferner geraten: Sebaſtian Sollerer, Gaſt⸗
151 3343 1169 3387 hofbeſitzer und Zimmermeiſter in Neunkirchen im Pinzgau, Maſſe⸗
151 3379 1170 3421 verwalter Notar Dr. Rupert Brandauer in Mitterſill; Frau Joſefine
150 3416 1171 3452 Doppelmayer, Kunſtblumen⸗ und Modiſtengeſchäftsinhaberin
150 3447 1170 3489 in Graz. Sporgaſſe 8, Maſſeverwalter Dr. Anton Oberranzmeyer;
147 3485 1166 3525 Anna Zöſchg geborene Gumper, Tiſchlermeiſtersgattin in Lana,
148 3517 1170 3560 Maſſeverwalter Dr. Robert Heke; Valentin Zelger, Beſitzer des
150 3552 1172 3594 Florkellers in Kardaun, Maſſeverwalter Dr. Viktor Perathoner;
151 3588 1169 3625 Friedrich Hugo Schaten, früher Maſchinenfabrikant in Nieder⸗
147 3622 1167 3664 Hanichen, derzeit unbekannten Aufenthaltes, Maſſeverwalter Doktor
147 3651 1167 3699 Heinrich Staden in Reichenberg; Franz Kilian, Handelsmann in
147 3685 1167 3732 Hwozdan, Maſſeverwalter Dr. Karl Homan in Btatna; Velimir
146 3726 1166 3766 Mihailovic, geweſener Kaſſier der Sparkaſſe in Vukovar,
146 3759 1166 3801 Maſſeverwalter Dr. Vaſo Stojanovic; Karl Cſontos, penſio⸗
146 3793 1166 3836 nierter römiſch⸗katholiſcher Geiſtlicher in Veszprim, Maſſeverwalter
146 3827 1169 3869 Dr. Anton Cſete; Nemenyi & Hellenberg, Herren⸗ und
147 3864 926 3905 Damenmodefirma, Maſſeverwalter Dr. Emil Szalai.
409 3941 923 3995 Telegraphiſche Kursberichte.
222 4007 1165 4059 Prag, 30. Juni. (Effektenbörſe.) Böhmiſche
143 4049 1165 4095 Unionbank 280.50. Landwirtſchaftliche Kreditbank für Böhmen
143 4087 1164 4136 496—. Zivnoſtenska Banka 281.50. Prager Kreditbank 700.—.
143 4125 1164 4176 Böhmiſche Induſtrialbank 461.—. Ruſton 318.50. Danielſche
143 4167 1165 4211 Maſchinenfabrik 485.—. Kolben —.—. Erſte böhmiſch⸗
143 4204 1164 4254 mähriſche Maſchinenfabrik 1350.—. Rückverſicherung 298.—,
142 4240 1166 4293 Böhmiſche Zuckerinduſtriegeſellſchaft 288.75. Weſtböhmiſche
142 4280 1164 4334 Kaolin⸗ und Chamottefabrik 683.75. Fünfprozentige Hypotheken⸗
143 4322 1164 4370 bank 101.75. Vierprozentige Hypothekenbank 95.60. 3 ⅛ pro⸗
141 4361 1163 4408 zentige Hypothekenbank 88.—. Böhmiſche Landesbank: Fonds⸗
141 4398 1168 4445 ſchuldſcheine 97.50. Kommunalſchuldſcheine 93.65. Meliorations⸗
141 4440 1163 4487 ſchuldſcheine 93.65. Eiſenbahnſchuldſcheine 93.65. Böhmiſche
142 4478 1162 4527 Induſtrialbank: 4 ½ prozentige Bankſchuldverſchreibungen 99.75.
143 4516 1162 4567 Zivnoſtenska Banka: 4 ½ prozentige Bankſchuldverſchreibungen
141 4556 1162 4606 99.75. Zentralbank der deutſchen Sparkaſſen: Vierprozentige
141 4595 1161 4644 Bankſchuldverſchreibungen 94.—. Vierprozentige mähriſche
139 4633 1164 4683 Hypothekenbankpfandbriefe 94.90. Vierprozentige mähriſche Spar⸗
138 4673 579 4715 kaſſepfandbriefe 95.10. Feſt.
214 4715 1161 4767 Trieſt, 30. Juni. Auſtro⸗Americana 223 (223.50).
140 4755 1162 4803 Stabilimento Tecnico (Stammaktien) 7000 (7000). Stabili⸗
140 4800 1159 4845 mento Tecnico (Vorzugsaktien, 3700 (3720). Kerka,
138 4835 1158 4886 Karbidgeſellſchaft 265 (265). Riunione 9200 (9200).
136 4872 1158 4923 Mailänder Unfall 2300 (2300). Rumäniſche Generale 1286
137 4913 1160 4960 (1283). Dacia 1286 (1282). Nationale 1282 (1280). Aſſicu⸗
137 4953 1159 5003 razioni Generali 1145 (1142), Trieſter Reisſchälfabrik 980 (983).
220 5001 1160 5048 Trieſt, 30. Juni. (Offizielle Schlußkurſe.) Zwanzig⸗
136 5037 1159 5081 rancsſtücke 18.97. Wechſel auf London (kurz) 240.—, (lang) 240.20.
135 5072 1160 5113 Oeſterreichiſche Papierrente 92.10 und 92.10. Italiener 101.75.
135 5107 567 5139 Silberrente 95.70 und 95.80.
219 5149 1159 5194 Budapeſt, 30. Juni. (Effektenbörſe. — Offizielle
136 5182 1158 5227 Schlußkurſe.) Oeſterreichiſche Kreditaktien 657.—. Ungariſches
1233 259 2256 301 Prämienanlehen 216.—. Ungariſche Kreditbank 882.25. Ungariſche
1235 294 2256 337 Hypothekenbank 488.—. Ungariſche Eskomptebank 566.50. Ungariſche
1235 328 2260 370 Goldrente 111.90. Ungariſche Kommerzialbank 4040. —. Elektrizitäts⸗
1234 361 2256 404 aktien 494.—. Ungariſche Kronenrente 91.15, Oeſterreichiſche Gold⸗
1234 398 2256 439 rente 116.50. Oeſterreichiſche Kronenrente 92.25. Peſter Straßen⸗
1232 430 2256 473 bahn 774.75. Elektriſche Stadtbahn 420.50. Felten & Guilleaume
1232 467 2255 510 1295.—. Ganz & Comp. 4185.—. Salgo⸗Tarjaner 673.—.
1233 502 2254 543 Rima⸗Muranyer 677.50. Oeſterreichiſch⸗ungariſche Staatsbahn 760.50.
1232 536 2255 577 Südbahn 123.50. Ungariſche Handelsgeſellſchaft 745.—. Vaterländiſche
1232 570 2254 611 Bank 309.—. Beocſiner Zement 845.—. Budapeſter Bankaktien 491.—.
1231 605 2254 647 Infolge Realiſationen der Spekulation waren internationale Werte
1232 638 2257 683 ſchwächer veranlagt. Auf dem lokalen Markte erfuhren Straßenbahn⸗
1231 674 1963 714 aktien durch Rückkäufe eine weſentliche Erholung.
1317 718 2252 760 Berlin, 30. Juni. 12 Uhr 20 Minuten. Vierprozentige Ruſſen
1230 753 2251 790 vom Jahre 1902 per Ultimo 93.—. Türkenloſe 175.50. Diskonto⸗
1230 787 2249 829 Kommandit 188.50. Oeſterreichiſch⸗ungariſche Staatsbahn 161.12.
1229 820 2205 863 Lombarden 24.50. Harpener 187.50. Canada⸗Pacific 244.—. Feſt.
1316 864 2247 907 — 1 Uhr 15 Minuten. Vierprozentige Ruſſen vom Jahre 1902
1227 899 2251 940 per Ultimo 93.—. Türkenloſe 175.50. Diskonto⸗Kommandit 188.50.
1230 934 2251 970 Oeſterreichiſche Kreditaktien per Ultimo 206.75. Oeſterreichiſch⸗unge⸗
1228 969 2251 1007 riſche Staatsbahn 161.12. Lombarden 24.50. Harpener 187.87.
1227 1003 2009 1044 Laura⸗Hütte 176.—. Canada⸗Pacific 242.75. Ruhig.
1314 1047 2251 1083 Berlin, 30. Juni. (Kalikurſe im freien Verkehr. Mit⸗
1228 1081 2249 1122 geteilt von dem Bankhauſe Laupenmühlen & Co., Wien.)
1227 1116 2249 1156 Deutſche Tiefbohr 310.25. Deutſche Kali 158.—. Nordhäuſer Kali
1227 1151 2250 1191 119.—. Ludwigshall 80.—. Hattorf 140.—. Mariaglück 1600.—.
1227 1185 1775 1223 Weſtfalen 1150.—. Hedwig 1650. —.
1298 1228 2247 1269 Frankfurt, 30. Juni. (Abendbörſe.) Kreditaktien 206.60
1226 1263 2248 1300 (658.40) Ultimo. Staatsbahn 160.90 (758.97) Ultimo. Lombarden
1223 1298 2247 1336 24.25 (124.94) Ultimo. Deutſche Bank 266.—. Diskonto⸗Kommandit
1225 1333 2168 1374 188.60 Dresdner Bank 158.10. Umrechnungskurs 117.50. Feſt.
1311 1376 2247 1416 Mailand, 30. Juni. Elba 251., Concimi vecchi 109,
1227 1409 2250 1451 Concimi nuovi 108, Terni 1457, Savona 307, Banca Commerciale
1225 1445 2248 1486 857, Eridania 737, Banca 1465, Fiat 138, Diſtillerie 93.
1228 1480 2254 1521 — Deviſe London per drei Monate 25.40, Deviſe Frankreich auf
1227 1514 2250 1556 Sicht 100.35, Italiener per Ultimo 105.10, Meridionalbahn 658.—,
1225 1551 1884 1588 Mittelmeerbahn 415.—.
1314 1594 2248 1635 London, 30. Juni. (Eröffnung.) 2 ¾ prozentige Kon⸗
1226 1625 1387 1663 ſols 79 6⁄16.
1312 1662 2249 1703 Petersburg, 30. Juni. Check auf London 94.47 (239.95).
1226 1697 1606 1733 Umrechnungskurs 254.—.
1224 1766 2247 1826 Schlusskurse der ausländischen Börsen vom 30. Juni.
1216 1828 2251 1863 Die Wiener Parität ist ohne Berücksichtigung der Spesen und gemäss den jeweiligen
1314 1852 2159 1887 Platzusancen per Ultimo (U), Medio (M) oder Kasse (K) berechnet.
1294 1920 1407 1954 Effekt
1554 1908 1679 1936 Berlin
1764 1909 1977 1941 Frankfurt
2025 1910 2221 1941 Hamburg
1513 1961 1592 1987 Kurs
1626 1959 1731 1988 Parität
1769 1960 1849 1986 Kurs
1885 1960 1989 1986 Parität
2028 1961 2111 1991 Kurs
2142 1959 2250 1992 Parität
1221 2024 1424 2050 4 % konv. Rente
1223 2051 1429 2077 4·2 % Silberrente
1222 2078 1466 2103 4 % österr. Goldrente
1222 2104 1464 2130 4 % öst. Kronenrente
1222 2131 1471 2159 4 % ungar. Goldrente.
1222 2156 1471 2184 4 % ung. Kronenrente.
1221 2183 1440 2209 Oost. Kreditaktien
1222 2208 1475 2237 Oest.-ung. Bankaktien
1224 2235 1474 2261 W. Bankvereinsaktien
1224 2261 1422 2287 Unionbankaktien
1222 2286 1427 2314 Staatsbahnaktien
1222 2313 1355 2338 Lombarden
1222 2338 1475 2364 Buschtieh. Akt. Lit. B.
1222 2365 1382 2389 Orientbahnen
1222 2390 1386 2415 Elbeschiffahrt
1222 2416 1451 2441 Oesterr. Banknoten
1223 2441 1369 2467 Wien (kurs)
1223 2469 1371 2495 Wien (laag)
1221 2495 1422 2520 Russische Noten
1218 2517 1373 2545 Paris (kurz)
1220 2547 1395 2575 London (kurz)
1221 2573 1395 2601 London (lang)
1221 2598 1435 2626 Amsterdam (kurz)
1220 2625 1385 2652 Italien (kurz)
1220 2651 1412 2678 Newyork (vista)
1263 2677 1438 2703 Nachbörse.
1220 2702 1445 2729 Oest. Kreditaktien
1219 2729 1419 2755 Staatsbahnaktien
1221 2754 1350 2779 Lombarden
1218 2781 1466 2812 4 % ungar. Goldrente.
1505 2034 1578 2057 92 10
1505 2060 1580 2084 96.20
1504 2085 1581 2111 98.60
1505 2112 1581 2135 93.41
1504 2137 1582 2163 93.50
1501 2164 1581 2189 91.10
1488 2188 1585 2219 206.50
1501 2218 1579 2237 —.—
1502 2241 1579 2263 —.—
1486 2291 1577 2321 161.—
1495 2318 1591 2349 24.50
1498 2348 1583 2365 —.—
1501 2372 1582 2394 —.—
1500 2398 1582 2422 77.75
1501 2425 1580 2449 85.05
1502 2447 1579 2475 84.95
1499 2477 1579 2497 —.—
1485 2499 1582 2526 216.05
1496 2525 1578 2549 —.—
1498 2553 1582 2577 —.—
1497 2580 1578 2603 —.—
1497 2605 1581 2628 —.—
1499 2630 1586 2656 —.—
1501 2660 1579 2682 —.—
1482 2709 1580 2735 206.30
1486 2737 1575 2761 161.12
1501 2760 1575 2784 24.50
1493 2787 1575 2815 —.—
1668 2006 1683 2025 K
1631 2033 1735 2063 92.06 K
1630 2056 1734 2087 96 16 K
1618 2085 1731 2109 115.93 K
1628 2111 1730 2139 93.36 K
1618 2138 1730 2166 111.21 K
1633 2163 1732 2190 93.98 U
1617 2190 1731 2214 653.09 U
1623 2217 1713 2239 —.—
1625 2240 1715 2267 —.—
1630 2267 1709 2294 —.—
1614 2292 1734 2320 760.46 U
1617 2319 1735 2345 126.12 U
1627 2346 1712 2372 —.—
1630 2369 1714 2397 —.—
1614 2399 1732 2424 333.36 L
1617 2427 1709 2451 117.58
1616 2452 1710 2478 117.63
1624 2477 1708 2501 —.—
1614 2499 1714 2532 254.07
1628 2530 1709 2555 —.—
1630 2555 1712 2580 —.—
1630 2583 1713 2605 —.—
1629 2609 1719 2630 —.—
1625 2636 1717 2660 —.—
1623 2663 1709 2685 —.—
1613 2709 1732 2735 657.45 U
1615 2736 1733 2764 761.05 U
1613 2760 1730 2789 126.12 U
1623 2790 1705 2812 —.—
1757 2034 1837 2060 92.—
1762 2062 1837 2087 96.25
1762 2089 1835 2113 98.75
1755 2116 1840 2138 —.—
1759 2140 1838 2165 93.35
1761 2166 1836 2192 91.35
1744 2189 1839 2217 206.62
1746 2217 1835 2244 133.20
1745 2244 1838 2271 138.25
1760 2271 1840 2294 —.—
1745 2295 1839 2322 160.75
1752 2320 1843 2349 24.37
1753 2347 1837 2372 —.—
1757 2373 1843 2397 —.—
1760 2402 1846 2423 —.—
1757 2426 1840 2451 —.—
1748 2449 1835 2479 84.88
1754 2477 1846 2502 —.—
1754 2505 1845 2528 —.—
1753 2528 1839 2554 80.66
1748 2554 1859 2581 20.40˙5
1754 2582 1844 2607 —.—
1752 2609 1845 2632 —.—
1750 2633 1841 2659 —.—
1753 2662 1846 2685 —.—
1742 2712 1833 2735 206.62
1740 2737 1832 2763 160.75
1752 2762 1839 2789 24.37
1750 2789 1848 2819 —.—
1918 2003 1947 2032 K
1890 2034 1990 2059 91.86 K
1888 2060 1993 2086 96.21 K
1875 2087 1993 2112 116.11 K
1881 2118 1972 2135 —.—
1873 2136 1990 2164 111.03 U
1888 2163 1993 2191 91.23 U
1872 2191 1990 2216 658.49 U
1871 2215 1990 2239 1927.01 K
1871 2242 1994 2270 549.96 U
1884 2271 1975 2296 —.—
1871 2291 1991 2322 758.28 U
1870 2319 1995 2350 125.52 U
1881 2347 1970 2373 —.—
1883 2372 1967 2397 —.—
1882 2401 1972 2421 —.—
1883 2427 1974 2451 —.—
1874 2452 1977 2479 117.70
1879 2480 1976 2503 —.—
1878 2504 1975 2528 —.—
1884 2531 1965 2554 94.30
1870 2553 1975 2581 240.12
1880 2581 1973 2607 —.—
1886 2607 1970 2633 —.—
1881 2638 1972 2662 —.—
1882 2662 1971 2686 —.—
1871 2711 1986 2737 658.49 U
1870 2737 1987 2763 758.28 U
1865 2762 1987 2788 125.52 U
1875 2792 1970 2817 —.—
2016 2036 2098 2061 —.—
2013 2061 2102 2087 96.—
2013 2088 2099 2118 98.30
2015 2119 2097 2140 —.—
2019 2143 2097 2168 93.95
2013 2170 2097 2190 —.—
2000 2193 2098 2221 206.75
2015 2221 2099 2242 —.—
2017 2246 2095 2269 —.—
2012 2271 2097 2295 —.—
2000 2296 2095 2324 160.75
2011 2321 2095 2351 24.50
2010 2348 2098 2374 —.—
2013 2377 2096 2400 —.—
2013 2401 2102 2425 —.—
2015 2424 2093 2453 —.—
2011 2454 2098 2477 —.—
2012 2480 2094 2503 —.—
2014 2506 2096 2529 —.—
2012 2535 2099 2555 —.—
2011 2558 2099 2581 —.—
2011 2585 2097 2608 —.—
2010 2609 2098 2633 —.—
2011 2638 2100 2664 —.—
2005 2663 2100 2689 —.—
2010 2709 2095 2737 —.—
2004 2739 2100 2764 —.—
2011 2766 2095 2791 —.—
2012 2791 2100 2822 —.—
2173 2006 2207 2034 K
2141 2040 2236 2061 —.—
2140 2061 2249 2087 95.96 K
2133 2085 2254 2116 115.57 K
2141 2118 2229 2139 —.—
2131 2136 2256 2170 111.75 U
2139 2170 2228 2190 —.—
2130 2192 2250 2221 658.89 U
2141 2220 2226 2244 —.—
2139 2246 2237 2271 —.—
2140 2268 2233 2294 —.—
2126 2294 2248 2324 758.28 U
2129 2318 2248 2350 126.12 U
2139 2347 2229 2373 —.—
2140 2378 2232 2400 —.—
2139 2404 2234 2425 —.—
2136 2430 2231 2451 —.—
2137 2454 2233 2481 —.—
2134 2481 2236 2506 —.—
2139 2505 2234 2529 —.—
2137 2534 2230 2556 —.—
2135 2558 2225 2583 —.—
2136 2588 2228 2609 —.—
2136 2609 2229 2633 —.—
2140 2639 2232 2663 —.—
2135 2665 2226 2691 —.—
2137 2715 2221 2739 —.—
2141 2740 2224 2764 —.—
2140 2769 2220 2793 —.—
2136 2790 2228 2821 —.—
1245 2842 1702 2872 Umrechnungskurs 117.60 per
1269 2869 1660 2898 Kasse. 117.50 per Ultimo Juli.
1218 2903 1724 2935 Dreiprozentige Reichsanleihe 83.87. Dis-
1217 2930 1718 2959 konte 183.50. Deutsche Bank 265.50.
1217 2955 1724 2990 Phönix 249.—. Bochumer 236.87.
1216 2980 1721 3011 Laura-Hütte 176.—. Harpener 187.25.
1212 3006 1725 3040 Gelsenkirchener 199.—. Grosse Ber-
1298 3035 1635 3066 liner Strassenbahn 199 37.
1386 3062 1559 3088 Abgeschwächt.
1748 2899 1976 2926 Umrechnungs-
1772 2928 1952 2959 kurs 117.65
1797 2952 1935 2980 per Kasse
1806 2980 1909 3006 117.50
1756 3004 1956 3034 per Ultimo Juli
1816 3039 1901 3070 Fest.
2006 2901 2243 2930 Umrechnungs-
2030 2929 2215 2954 kurs 117.80
2005 2954 2243 2983 per Kasse. 117.50
2022 2979 2214 3006 per Ultimo Juli.
2004 3007 2223 3031 Italiener 103.—.
2085 3037 2167 3070 Ruhig.
1268 3128 1393 3163 Effekt
1542 3115 1638 3139 Paris
1486 3164 1554 3193 Kurs
1612 3165 1700 3190 Parität
1215 3224 1439 3250 4 % öst. Goldrente.
1214 3250 1439 3277 4 % ung. Goldrente.
1216 3276 1421 3301 5 % russ. Anleihe
1213 3302 1433 3327 3 % Südb.-Pr. J.-J.
1215 3329 1441 3354 Bodenkreditaktien.
1214 3354 1429 3385 Länderbankaktien
1213 3381 1441 3407 Ung. Hypoth.-B.-A.
1490 3231 1563 3257 99.85
1485 3257 1566 3281 97.40
1473 3284 1562 3307 104.70
1465 3309 1562 3337 301.—
1481 3331 1565 3359 —.—
1466 3357 1568 3386 568.—
1465 3386 1570 3413 520.—
1645 3201 1676 3229 K
1611 3229 1724 3256 117.32 U
1607 3254 1726 3282 113.20 U
1607 3280 1729 3308 104.03 U
1607 3307 1725 3335 277.63 K
1625 3335 1710 3358 —.—
1604 3357 1730 3389 528.32 U
1607 3385 1726 3415 487.74 U
1790 3141 1897 3170 Effekt
2060 3120 2155 3143 Paris
2008 3171 2067 3195 Kurs
2134 3174 2230 3199 Parität
1746 3229 1951 3255 Staatsbahnaktien
1745 3256 1876 3282 Lombarden
1746 3282 1904 3309 Orientbahnen
1744 3308 1965 3333 Türk. Tabakaktien
1748 3334 1963 3358 Wechsel auf Wien.
1747 3359 1963 3387 Wechsel a. London
2003 3223 2091 3259 —.—
1990 3259 2092 3287 131.—
2010 3287 2090 3314 —.—
2008 3315 2091 3339 —.—
1994 3338 2087 3367 105.28
2000 3364 2093 3398 25.31
2161 3208 2193 3233 K
2133 3235 2219 3256 —˙—
2116 3259 2243 3290 124.38 U
2134 3292 2218 3315 —.—
2129 3317 2217 3338 —.—
2128 3340 2219 3367 94.98
2113 3363 2225 3396 240.26
1534 3420 1920 3449 Umrechnungskurs 94.95.
1213 3455 2236 3493 3 % Rente 95.12. Italiener —.—. Vierprozentige unifizierte Türken 93.20.
1217 3482 2240 3520 Extérieurs 96.50. Türkenlose —.—. Banque de Paris 1831.—. Banque
1214 3507 2239 3547 Ottomane 708.—. Meridionalbahn 655.—. Sucrerie d'Egypte 74.—. Urikany
1213 3535 2234 3570 180.—. Rio 1766.—. Chartered 41.50. Debeers 472.50. Eastrand 118.50.
1211 3560 2235 3597 Jagersfontain 202.—. Transvaal Kons. Land 51.25. Privatdiskont 2 ⅓ Prozent
1680 3590 1756 3617 Matt.
1273 3664 1396 3689 Effekt
1516 3645 1661 3669 London
1482 3686 1547 3720 Kurs
1602 3696 1706 3721 Parität
1210 3750 1427 3776 4 % öst. Goldrente.
1210 3777 1435 3805 4 % ung. Goldrente.
1210 3804 1340 3828 Lombarden
1483 3759 1565 3782 —.—
1477 3781 1565 3809 95.—
1491 3807 1565 3834 5.25
1631 3732 1670 3755 K
1604 3757 1697 3784 —.—
1589 3780 1714 3810 111.54 M
1589 3808 1710 3840 126.16 M
1314 3839 1570 3866 *) Für ein Kilo ſein.
1783 3670 1904 3695 Effekt
2029 3644 2179 3675 London
1998 3697 2067 3725 Kurs
2130 3698 2222 3726 Parität
1727 3752 1954 3785 Wechsel auf Wien
1726 3783 1803 3815 Silber
1996 3784 2083 3816 24.31
2152 3737 2193 3764 K
2128 3785 2239 3817 84.60 *)
1508 3878 1927 3909 Umrechnungskurs 240.30.
1212 3909 2234 3948 2 ½ % Konsols 79.18. Spanier 94.75. Italiener 103.—. Rupien 64.25,
1215 3936 2237 3971 Canada-Pacific 248.12. Japaner 93.—. Chartered 1.56. Eastrand 4,68. Rand-
1208 3963 2237 3998 fontain 2.12. Randminen 7.65. Debeers 18.56. Platzdiskont 2 ¼ Prozent.
1683 3993 1765 4019 Willig.
1474 4053 1976 4101 Firmaprotokollierungen.
1293 4117 2235 4166 Das Verzeichnis der in dem Firmenregiſter vorgenommenen
1217 4156 2235 4204 Eintragungen, Löſchungen und Aenderungen befindet ſich auf
1210 4199 1357 4230 Seite 29.
1474 4276 1966 4333 Warenberichte.
1388 4352 2059 4402 Wiener Waren⸗ und Produktenmarkt.
1479 4400 1932 4443 Engrospreiſe vom 30. Juni.
1215 4451 2234 4499 Baumwollgarne. Es verkehrten heute: 6er Pincops
1246 4491 2245 4537 für Barchentzwecke von 88 H. bis 89 H., 12er Cops aus
1245 4530 2233 4576 oſtindiſchem Material von 91 H. bis 92 H., 20er Cops
1240 4570 2231 4613 aus oſtindiſchem Material von K. 1.01 bis K. 1.02,
1245 4606 2232 4651 20er Cops in Mittelqualitäten von K. 1.08 bis K. 1.09,
1245 4646 2231 4693 20er Bündelgarn in Mittelqualitäten von K. 1.11 bis K. 1.13,
1244 4685 2230 4732 20er Cops in Primaqualitäten von K. 1.12 bis K. 1.16,
1243 4724 2231 4770 20er Bündelgarn in Primaqualitäten von K. 1.15 bis K. 1.18,
1243 4763 2229 4808 42er Pincops in Mittelqualitäten von K. 1.23 bis K. 1.25,
1242 4803 2228 4849 42er Pincops in Primaqualitäten von K. 1.32 bis K. 1.34,
1242 4842 2228 4888 36er Warpcops in Mittelqualitäten von K. 1.24 bis K. 1.26,
1241 4876 2229 4926 36er Warpcops in Primaqualitäten von K. 1.35 bis K. 1.40,
1241 4920 2229 4963 41er Pincops aus amerikaniſchem Material von K. 1.39 bis
1242 4958 1772 5002 K. 1.41 für das engliſche Pfund.
1196 4998 2233 5042 Fettwaren. Die bereits in der erſten Monatshälfte vor⸗
1234 5037 2230 5083 herrſchend geweſene lehaftere Bedarfsnachfrage hat ſich während
1242 5076 2229 5124 der abgelaufenen Berichtsperiode nicht nur ungeſchwächt er⸗
1242 5114 2228 5161 halten, ſondern insbeſondere, was Speiſefettſtoffe anbelangt,
1243 5155 2229 5200 eher noch intenſiver geſtaltet. Auch techniſche Fettſtoffe ſind
1243 5191 2224 5236 von dieſer Beſſerung nicht ganz unbeeinflußt geblieben und ſind
2339 263 3335 306 in einzelnen derſelben größere Umſätze zu verzeichnen. Oleo⸗
2339 301 3334 347 margarin. Der Rotterdamer Markt zeigte während der
2339 341 3333 385 letzten vierzehn Tage ein durchaus feſtes Gepräge, und wenn
2339 381 3335 424 auch keine Preisavancen ſtattgefunden, ſo muß die Tatſache
2338 418 3335 463 konſtatiert werden, daß die in dieſem Jahre weitaus größeren
2340 457 3337 502 Verſchiffungen aus Amerika zu den beſtehenden Preiſen jederzeit
2341 498 3335 537 ſchlank Aufnahme finden. Es notierten: Amerikaniſche Extra⸗
2345 535 3338 575 qualitäten fl. 52, Sekundamarken fl. 47 bis fl. 48, Tertia⸗
2336 574 3333 617 ſorten fl. 45 holländiſcher Währung loko Rotterdam. Unſer
2337 614 3332 653 Platz hat ſchon ſeit längerem jeden Kontakt mit den maß⸗
2336 651 3330 696 gebenden ausländiſchen Plätzen verloren. Die Preiſe entwickeln
2336 690 3336 735 ſich ganz ſelbſtändig und unabhängig von den Rotterdamer
2336 730 3334 769 Forderungen und dieſes Verhältnis dürfte wohl inſolange vor⸗
2337 768 3334 813 herrſchen, als nicht die Produktion in Oleomargarin hier
2336 806 3330 851 wieder den vor einigen Jahren innegehabten Umfang erreicht.
2336 845 3333 890 Es notierten: Primiß⸗Margarin je nach Marke und Termin
2319 884 3333 930 K. 61 bis K. 63, Prima⸗Margarin K. 58 bis K. 59. — Für
2335 923 3330 964 Premier⸗Jus hat ſich in Uebereinſtimmung mit Oleo⸗
2334 962 3327 1008 margarin endlich auch etwas beſſere Nachfrage eingeſtellt und
2335 1002 3329 1046 in den Preiſen find kleine Steigerungen zu verzeichnen. Es
2333 1041 3330 1085 notierten: Primiß⸗Premier⸗Jus je nach Marke und Termin
2334 1079 3328 1125 K. 55 bis K. 57, Provinz⸗Premier⸗Jus je nach Marke und
2333 1118 3331 1162 Termin K. 51 bis K. 53 per 50 Kilo loko Wien. —
2334 1158 3329 1203 Speiſetalg in friſcher guter Qualität notiert K. 48 per
2327 1196 3330 1242 50 Kilo. — In Preßtalg ſind einige größere Poſten für
2333 1235 3331 1281 techniſche Verwendung aus dem Markte gegangen und notierte
2329 1274 3330 1319 ſolcher K. 43 bis K. 43.50, während für Primiß⸗Preßtalg
2333 1314 3331 1359 noch immer kein Intereſſe beſteht. Letzterer notiert nominell
2329 1351 3329 1397 K. 46 per 50 Kilo. — Für Schmelztalg iſt etwas
2333 1391 3330 1437 beſſere Nachfrage zu konſtatieren infolge der beſonderen Feſtig⸗
2332 1430 3322 1471 keit, welche ſich in verſchiedenen konkurrierenden Fettſtoffen gel⸗
2334 1467 3328 1514 tend machte. Die Notierungen ſind für prompte Lieferung und
2332 1506 3327 1553 nahe Sichten K. 42 bis K. 42.50 per 50 Kilo, während
2332 1545 3325 1592 Lieferung per zweite Jahreshälfte unverändert K. 42 notiert.
2336 1585 3328 1631 — Knochenfette blieben unverändert. Es notierten:
2333 1623 3330 1670 Benzinknochenfett K. 70 bis K. 69, Naturknochenfett K. 78
2328 1662 3325 1709 bis K. 77 per 100 Kilo; Detailpreiſe K. 2 bis K. 3 höher.
2332 1702 3330 1748 — In Palmkernöl hat ſich die hauſſierende Tendenz ſehr
2332 1740 3326 1787 verſchärft. Es notierten: Lieferung per erſte Hälfte Juli
2333 1779 3329 1825 Mark 74 ½, per Auguſt Mark 73 ¾, per September
2331 1818 3328 1864 Mark 73 ½, per November⸗Dezember Mark 73 en gros ab
2333 1857 3342 1903 deutſchen Erzeugungsplätzen; Barrels 1 Mark teurer. —
2333 1896 3327 1942 Kokosöle. Die forcierten Deckungen, welche ſeitens der
2332 1936 3322 1977 Spekulation in Coprah vorgenommen wurden, haben natur⸗
2320 1975 3328 2016 gemäß eine entſprechende Feſtigkeit und ein rapides Empor⸗
2332 2013 3326 2060 ſchnellen der Preiſe für Kokosöl zur Folge gehabt. Es
2332 2052 3328 2096 notierten Cochinöl per Auguſt⸗September⸗Abladung 39 ½
2332 2091 3322 2133 Pfund Sterling, weißes Ceylonöl 38 ½ Pfd. St., gewöhn⸗
2332 2126 3324 2176 liches Ceylonöl für techniſche Zwecke 37 ½ Pfd. St. cif Ham⸗
2332 2170 3325 2215 burg. — Elain notierte unverändert. Saponifikat K. 41
2332 2208 3324 2254 bis K. 40, Deſtillat K. 38 ½ bis K. 38, beides en gros
2331 2249 3329 2289 netto Kaſſe; Detailpreiſe K. 2 bis K. 3 höher. —
2333 2287 2743 2330 Glyzerin unverändert.
2292 2324 3324 2369 Margarin. Die Wiener Margarincompagnie notiert Roh⸗
2329 2364 3326 2409 talg für die erſte Julihälfte unverändert, und zwar
2329 2404 3326 2444 Primaqualität K. 58 ohne Ausſchnitt und K. 52 mit Aus⸗
2328 2440 3326 2488 ſchnitt per 100 Kilo netto, ohne Zufuhr⸗ und Ueber⸗
2327 2483 3322 2526 nahmsſpeſen. Rohtalg von 70 Kilo aufwärts per Stück
2329 2520 3326 2568 ohne Ausſchnitt Preis nach Uebereinkommen. Provinz⸗
2328 2558 2942 2601 talg gleichpreiſig ab Frachtbaſis Wien.
2294 2597 3326 2642 Zucker. Da die Trockenheit namentlich in Böhmen weiter an⸗
2328 2637 3323 2681 hält, blieb die Tendenz der Märkte auch heute ſtetig. Bei Er⸗
2328 2677 3320 2719 öffnung wertet Auſſig für prompt K. 25, per Oktober⸗De⸗
2327 2717 3320 2761 zember K. 23.90, welche Werte auch ſpäter unverändert in
2317 2753 3318 2800 Geltung blieben. In Mähren fand nur geringes Geſchäft ſtatt
2327 2793 3317 2835 und iſt als Wert franko Raffinerie K. 23.25 per Oktober⸗
2326 2834 2656 2873 Dezember zu nennen.
2695 2876 2921 2913 Warenbörſe.
2371 2915 3334 2955 Die amtlichen Warenkurſe der Wiener Börſe lauten: Zucker
2281 2950 3331 2991 (per 100 Kilo): Rohzucker, 88 Grad R., prompt, Frachtbaſis Ruſſig
2284 2985 3320 3027 K. 25.— G. K. 25.10 W., per Oktober⸗Dezember K. 23.95 G.,
2282 3017 3323 3061 K. 24.05 W., prompt ab Olmütz K. 23.80 G., K. 23.90 W., ab
2285 3053 3320 3097 Prerau K. 24.05 G., K. 24.15 W., ab Lundenburg K. 24.20 G., K. 24.30
2287 3087 3319 3131 W., ab Brünn K. 24.— G., K. 24.10 W.: Brotraffinade prompt
2285 3121 3320 3166 K. 78.50 G., K. 79.— W.; Würfelzucker in Kiſten je nach Marke
2284 3160 3317 3201 netto prompt K. 82.— G., K. 82.50 W.; Brotraffinade per
2283 3193 3334 3234 Juni K. 78.50 G., K. 79.— W.: Würfelzucker in Kiſten je nach
2286 3229 3318 3265 Marke netto per Juni K. 82.— G., K. 82.50 W.; Kriſtall⸗
2280 3264 3329 3303 zucker prompt K. —.— G., K. —.— W., per Juni K. 71.25
2280 3296 3322 3337 G., K. 71.75 W., per Juli⸗Auguſt K. 71.75 G., K. 72.25 W.;
2284 3332 3321 3371 Prima⸗Raffinade, Kriſtalle, prompt K. —.— G., K. —.— W.,
2281 3366 3329 3406 per Juni K. 72.— G., K. 72.50 W., per Juli⸗Auguſt
2281 3400 3333 3437 K. 72.50 G., K. 73.— W. ab Wien in Ganzwagen; Pilés Zentri⸗
2282 3434 3335 3476 fugal, Prima, prompt K. 32.25 G., K. 34.25 W., per Auguſt
2278 3470 2964 3509 K. 32.25 G., K. 34.50 W. ab Trieſt tranfito.
2368 3502 3324 3549 Spiritus (per 10.000 Literprozent) prompt K. 50.— G.,
2284 3539 2846 3580 K. 50.60 W., kontingentiert ab Wien.
2368 3574 3327 3614 Rüböl (per 100 Kilo) prompt ab Wien K. 85.— G., K. 87.— W.
2367 3609 3327 3650 Leinöl (per 100 Kilo) prompt ab Wien per Waggon
2286 3643 2709 3680 K. 118.— G., K. 120.— W.
2367 3677 3313 3720 Petroleum (per 100 Kilo): kaukaſiſches raffiniert ohne
2283 3713 3313 3754 Faß prompt K. 10.— G., K. 10.50 W. ab Trieſt tranſito; galiziſches
2282 3746 3310 3790 Standard White prompt K. 27.50 G., K. 28.— W. ab Wien per
2282 3780 3311 3824 Waggon; detto Standard White prompt K. 28.50 G., K. 29.— W.
2282 3816 3316 3857 ab Wien barrelweiſe; detto waſſerhell prompt K. 28.50 G.,
2282 3851 3314 3892 K. 29.— W. ab Wien per Waggon; detto waſſerhell prompt
2282 3885 2999 3924 K. 29.50 G., K. 30.— W. ab Wien barrelweiſe.
2362 3922 3307 3964 Fettwaren (per 50 Kilo): Schweinefett, inländiſches,
2283 3954 3313 3994 inkluſive Faß, Prima, prompt K. 76.50 G., K. 77.50 W., Sekunda,
2281 3988 3310 4033 prompt K. 74.50 G., K. 75.— W. erſte Koſten ab Wien; Speck, weiß,
2282 4024 3309 4067 exkluſive Packung prompt K. 73.— G., K. 74.— W. erſte Koſten
2280 4058 3306 4101 ab Wien; geſchmolzener Talgausſchnitt, prompt K. 41.— G.,
2282 4095 2806 4132 K. 41.50 W. erſte Koſten ab Wien.
2366 4128 3308 4171 Kolonialwaren: Kaffee (per 50 Kilo): Santos Prima
2282 4163 3327 4205 K. 78.— G., K. 79.— W.; Santos Superior K. 77.— G.,
2280 4200 3313 4239 K. 78.— W.; Santos Good Average K. 75.— G., K. 76.— W.;
2282 4232 3312 4274 Santos Perl Superior K. 80.— G., K. 81.— W. prompt ab
2283 4267 2375 4302 Trieſt.
2364 4300 3319 4342 Gewürze (per 50 Kilo): Cassia lignea selected K. 53.— G.,
2282 4337 3313 4377 K. 55.— W.; Ingwer, Bengal naturel K. 68.— G., K. 70.— W.;
2282 4370 3325 4410 Ingwer, Cochin, geſchält, je nach Größe K. 72.— G., K. 77.— W.;
2281 4408 3312 4448 Macisblüte K. 310.— G., K. 320.— W.; Macisnüſſe je
2281 4439 3312 4483 nach Größe K. 90.— G., K. 160.— W.; Nelken, Sanſibar
2279 4477 3312 4516 K. 88.— G., K. 90.— W.; Pfeffer Penang ſchwarz K. 46.— G.,
2281 4512 3310 4553 K. 47.— W.; detto Penang weiß K. 76.— G., K. 78.— W.; detto
2280 4544 3316 4587 Singapore ſchwarz K. 55.— G., K. 56.— W. detto Singapore
2280 4580 3328 4622 weiß K. 86.— G., K. 88.— W.; Piment Jamaika K. 26.— G.,
2282 4615 2902 4653 K. 27.— W. prompt ab Trieſt tranſito.
2358 4648 3327 4691 Kartoffelſtärke (per 100 Kilo): Hochprima K. 27.76 G.,
2279 4682 3307 4725 K. 28.25 W., Prima K. 26.75 G., K. 27.25 W.; Kartoffelſtärkemehl
2278 4720 3145 4757 Hochprima, K. 27.75 G., K. 28.25 W. prompt ab Wien.
2363 4754 3315 4795 Baumwollgarne (per engliſches Pfund): 4er Abfallgarn
2280 4786 3326 4828 Sekunda 61 bis 64 H. G.; 4er Streichgarn Prima 75 bis 78 H. G.;
2277 4822 3315 4860 6/8er Abfallgarn Sekunda 74 bis 77 H. G.; 6/8er Abfall⸗
2277 4857 3311 4897 garn Prima 81 bis 84 H. G.; 20er Mittelkette K. 1.12 bis
2277 4890 3314 4932 K. 1.13 G.; 24er detto K. 1.16 bis K. 1.17 G.; 30er detto K. 1.25 bis
2277 4925 3327 4966 K. 1.26 G., Lieferung ab Fabriksſtation; 16/24er Warp⸗ und
2277 4960 3323 5000 Pincops Sekunda K. 1.03 bis K. 1.04 G.; 16/24er detto mittel K. 1.08 bis
2274 4995 3324 5037 K. 1.09 G.; 16/24er detto Prima K. 1.12 bis K. 1.13 G., Lieferung ab
2276 5029 3314 5072 Fabriksſtation per Nr. 20; 36er Warpcops Sekunda K. 1.24 bis
2277 5064 3316 5106 K. 1.25 G.; 36er detto Prima K. 1.32 bis K. 1.33 G.; 36er
2276 5098 3315 5142 detto Hochprima K. 1.41 bis K. 1.43 G.; 42er Pincops, Sekunda
2277 5133 3324 5175 K. 1.23 bis K. 1.24 G.; 42er detto Prima K. 1.32 bis K. 1.33 G.;
2276 5169 3325 5209 42er detto Hochprima K. 1.86 bis K. 1.37 G., Lieferung ab Fabriks⸗
2272 5205 2382 5237 ſtation.
