2763 3576
106 233 368 273 1. Juli 1911.
847 229 1369 272 Illuſtrierte Kronen⸗Zeitung.
1723 227 2131 268 Nr. 4130. Seite 11.
156 302 1092 338 * Das 5. Heft der „Elternkonferenzen und
69 338 1088 377 Elternabende“ iſt im Schulbücher⸗Verlage, Wien, er⸗
68 372 1085 413 ſchienen. Preis 30 h. Es enthält den Bericht über die erſte
74 409 1083 448 Elternkonferenz in Oeſterreich mit A. Tluchors Vortrag:
76 444 1093 487 „Erziehung unter ſchwierigen ſozialen Ver⸗
70 482 349 522 hältniſſen“.
161 514 1085 554 * Deutſche Rundſchau für Geographie.
73 551 1089 594 Unter Mitwirkung hervorragender Fachmänner herausgegeben
69 589 1091 631 von Prof. Dr. Hugo Haſſinger. 33. Jahrgang. A. Hart⸗
72 627 1043 667 lebens Verlag in Wien, jährlich 12 Hefte zu 1 K 25 h.
145 662 1086 702 * „Die Depreſſion auf dem Rentenmarkte“
69 697 1091 739 von Michael Fiſchl, emer. Vorſtand des Parteienbureaus der
71 734 1093 774 k. k. priv. öſterr. Kreditanſtalt für Handel und Gewerbe. Ver⸗
72 770 1019 810 lag für Fachliteratur, G. m. b. H., Wien. Preis 1.20 K.
166 812 1094 853 * Reiſen in Norwegen. Auskunft über die ver⸗
71 848 1091 890 ſchiedenen Routen nach Skandinavien und die empfehlenswehr⸗
79 884 1089 927 teſten Touren in Norwegen. Verlag von Touriſt⸗Bureau
74 921 1026 961 F. Feyer, Bergen (Norwegen). Wird gratis zugeſendet.
165 963 1093 1007 * J. F. Kleine. Die Heilung der gichtiſch⸗
79 998 1093 1041 rheumatiſchen Erkrankungen gemäß der erfolg⸗
80 1035 1088 1076 reichſt bewährten Methode des Dr. Med. M. J. Kittel in
76 1070 1091 1114 Franzensbad. Verlag von Kleine u. Stapf, Berlin W 15.
72 1113 465 1149 Preis geheftet 4.20 K.
116 1171 1065 1268 Städtiſche Angelegenheiten.
230 1279 940 1321 Verbot des Wanderhandels.
166 1336 1095 1381 In der geſtrigen Sitzung des Stadtrates berichtete Stadt⸗
79 1383 1096 1425 rat Fraß über die Verlängerung und Erweiterung
84 1426 1094 1466 des Verbotes des Wanderhandels in Wien.
79 1471 994 1513 Nach ſeinem Antrage wurde folgender Beſchluß gefaßt:
168 1514 1096 1556 Der Gemeinderat wolle beſchließen, es ſei an die Statt⸗
83 1562 677 1601 halterei folgender Antrag zu ſtellen:
170 1612 1097 1655 1. Das mit den Statthalterei⸗Kundmachungen vom Jahre
84 1648 1099 1689 1907 ausgeſprochene Verbot des Umhertragens und Anbietens
84 1683 1099 1726 von Eiern, Milch, Butter und Brennholz, ferner
86 1720 1098 1761 von Molkereiprodukten (Topfen, Käſe und Rahm), von Kraut
80 1754 1098 1794 und Rüben in geſäuertem Zuſtande und von Holzkohle, deſſen
85 1789 1098 1831 Wirkſamkeit mit Ende Juli 1911 abläuft, wird bis Ende Juli
89 1825 1097 1865 1917 für das ganze Gemeindegebiet von Wien erneuert.
165 1860 1097 1900 2. Es werde weiters das Umhertragen und Anbieten
88 1896 1099 1938 von Obſt (einſchließlich Dörrobſt), Zwiebeln, Kar⸗
87 1932 1099 1972 toffeln, Gemüſe aller Art, Geflügel in lebendem
89 1967 1099 2008 und totem Zuſtande, Naturblumen und Honig für das ganze
88 2005 865 2044 Gemeindegebiet bis Ende Juli 1917 unterſagt.
182 2037 1101 2080 3. Es wird der Anſchauung Ausdruck gegeben, daß Stein⸗
89 2074 1101 2115 und Braunkohle, Briketts, Kaffee und Kaffeeſurogate nicht als
91 2110 1101 2150 Erzeugniſſe der Land⸗ und Forſtwirtſchaft anzuſehen ſind,
90 2145 1099 2185 demnach das Feilbieten dieſer Artikel im Umherziehen über⸗
84 2184 586 2222 haupt nicht geſtattet iſt.
178 2216 1100 2256 4. An die Bezirkshauptmannſchaften und an die übrigen
81 2251 1101 2294 politiſchen Behörden Niederöſterreichs wäre ſeitens der Statt⸗
85 2287 1101 2327 halterei die Weiſung zu erlaſſen, daß die bisher hie und da
85 2322 1098 2363 noch geübte Ausfertigung von Gewerbeſcheinen zum Wander⸗
88 2357 1101 2397 handel mit gewiſſen Naturprodukten „nach Wien“ hinſichtlich
92 2392 1100 2432 jener Artikel, für welche ein Verbot des Wanderhandels in
92 2425 1102 2469 Wien erlaſſen wurde, in Hinkunft mit Rückſicht auf dieſes
93 2464 741 2505 Verbot nicht mehr zuläſſig ſei.
188 2532 1102 2574 (Eine Aufſichtsfahrt des Bürgermeiſters.) Donnerstag
90 2570 1103 2611 unternahm Bürgermeiſter Dr. Neumayer eine Bereiſung
93 2606 1100 2646 des Gebietes der erſten Hochquellenleitung, beſichtigte ein⸗
87 2643 1102 2685 gehend die ſtädtiſchen Forſthäuſer ſowie einige Quellenſtuben
92 2679 1096 2721 und orientierte ſich durch Augenſchein an Ort und Stelle
93 2715 1099 2758 über die dort in den letzten Jahren zutage getretenen Uebel⸗
91 2760 193 2794 ſtände.
190 2787 1104 2830 (Vergnügungsfahrt nach München und Salzburg.) Die
93 2824 1102 2866 Wiener Straßenbahner fahren im Sonderzuge mit Muſik⸗
99 2861 1104 2904 kapelle und Geſangverein auf 4 Tage nach München und
99 2897 1103 2940 Salzburg. Abfahrt von Wien Weſtbahnhof am 22. Juli,
98 2935 1105 2977 6 Uhr 40 Min. abends. Fahrpreis 28 K. Anmeldungen an
95 2972 949 3013 Verkehrsmeiſter Joſef Gruber, Favoritenſtraße 9.
195 3016 1107 3057 (Eine Broſchüre über das „Gänſehäufel“.) Die bekannte
97 3050 1108 3092 Schölerſche Broſchüre „Städtiſches Strandbad Gänſehäufel in
100 3088 1107 3132 Wien“ iſt ſoeben in neuer, den veränderten Verhältniſſen ent⸗
97 3124 1106 3168 ſprechend ergänzter Auflage erſchienen. Das Werkchen enthält
99 3162 1108 3206 eine große Anzahl reizender Illuſtrationen, welche das Leben
102 3200 888 3240 und Treiben in dem Strandbad veranſchaulichen.
198 3234 1103 3278 (Die Zedlitzmarkthalle als gewerbliche Ausſtellungshalle.)
101 3267 1109 3314 In der geſtrigen Stadtratsſitzung erſtattete Vizebürgermeiſter
100 3306 1110 3352 Dr. Porzer Bericht wegen Ueberlaſſung der Markthalle in
103 3341 1109 3385 der Zedlitzgaſſe im 1. Bezirke an den deutſch⸗öſterreichiſchen
92 3379 920 3427 Gewerbebund zu gewerblichen Ausſtellungszwecken.
1412 323 1836 408 Gerichtsſaal.
1232 413 2042 477 Der Zwieſpalt im hausbeſorgerverein.
1143 491 2126 537 Bezirksrat Fragner zieht die Ehrenbeleidigungsklagen
1562 538 1700 583 zurück.
1217 596 2145 636 Infolge von Unregelmäßigkeiten im Erſten chriſtlichen
1125 631 2146 674 Hausbeſorger⸗ und Portierverein kam es zu Beginn dieſes
1125 670 2145 708 Jahres in Hausbeſorgerverſammlungen wiederholt zu heftigen
1125 705 2145 745 Angriffen gegen den Obmann des Vereins, Bezirksrat
1127 740 2144 780 Fragner, wobei gegen dieſen überdies ehrenrührige An⸗
1126 777 2144 817 würfe erhoben wurden. Dieſe Vorkommniſſe führten zu
1126 812 2145 852 Ehrenbeleidigungsklagen gegen die Hausbeſorger Franz
1127 848 2143 889 Schejnocha und Karl Grießler. Als Kläger traten auf:
1127 885 2144 925 Bezirksrat Fragner und der Hausbeſorger Adolf Beſſert.
1126 921 2144 962 Die Geklagten waren durch Dr. Liebmann, die Kläger
1129 959 1859 997 durch Gemeinderat Dr. Mataja vertreten.
1220 992 2145 1034 Den Geklagten wurde zur Laſt gelegt, ſie hätten in
1128 1028 2144 1069 Verſammlungen, ſo in einer in den Sophienſälen abgehaltenen
1128 1063 2145 1106 Verſammlung der Hausbeſorger, mit Bezug auf Fragner die
1127 1099 2148 1139 Aeußerungen: „Wüſtling, Ehebrecher, Gauner und
1129 1135 2145 1175 moraliſcher Mörder ſeiner Frau“ gebraucht
1412 1190 1856 1226 Zu einem Ausgleich bereit.
1222 1238 2146 1282 Während Schejnocha leugnete, die Aeußerungen
1129 1276 2145 1318 getan zu haben, gab Grießler in der am 13. Februar
1132 1311 2150 1351 ſtattgehabten Verhandlung die beanſtändeten Worte unum⸗
1130 1347 2148 1387 wunden zu und bot für jede dieſer Aeußerungen den Wahr⸗
1130 1383 2142 1425 heitsbeweis an, welchem Begehren ſtattgegeben wurde.
1227 1428 2146 1468 Geſtern fand vor dem Strafrichter Dr. Heran
1138 1463 2145 1503 (Bezirksgericht Landſtraße) die fortgeſetzte Verhandlung ſtatt.
1132 1499 2145 1539 Schejnocha leugnete auch geſtern, die ihm zur Laſt
1133 1533 2147 1574 gelegten Ausdrücke gebraucht zu haben und führte eine Reihe
1135 1574 1677 1611 von Zeugen zum Beweiſe hiefür.
1227 1605 2147 1645 Grießler war zur Verhandlung nicht erſchienen.
1135 1636 2148 1683 Sein Vertreter erklärte, ſein Klient halte ſeine
1136 1674 2148 1717 früheren Ausſagen aufrecht und ſei zur Führung
1137 1711 2154 1753 des Wahrheitsbeweiſes bereit. Gleichzeitig machte Dr. Lieb⸗
1138 1747 2148 1789 mann die Mitteilung, daß gegen Grießler beim Landesgericht
1137 1783 2149 1825 eine Strafſache anhängig ſei und daß von einem Erkenntnis⸗
1136 1818 2154 1860 ſenat die Unterſuchung des Geiſteszuſtandes Grießlers an⸗
1130 1862 1391 1900 geordnet wurde.
1229 1899 2151 1939 Es wurden nun zwei Zeugen vernommen, die beſtätigen,
1139 1936 2152 1976 daß Schejnocha die Aeußerungen über Fragner nicht getan
1139 1970 2151 2012 haben dürfte. Gemeinderat Dr. Mataja erklärte ſich nun
1137 2006 2153 2048 bereit, da durch das Leugnen Schejnochas, ſowie wegen des
1141 2041 2150 2082 Umſtandes, daß Grießlers Geiſteszuſtand unterſucht wird, der
1140 2077 2151 2118 Prozeß eine neue Wendung erhalten habe, wodurch der Zweck
1140 2111 2151 2154 der Prozeßführung nicht erreicht werden könne, auf einen Aus⸗
1141 2157 1425 2192 gleich einzugehen.
1381 2204 1906 2241 Die Ausſagen der Stieftochter.
1230 2253 2154 2295 Ueber Fragners Erſuchen wurde noch deſſen Stieftochter
1139 2288 2155 2329 Marie Kreiner einvernommen. Der Richter hielt ihr die
1141 2325 2154 2365 Wohltat des Geſetzes vor, wonach ſie ſich der Zeugenausſage
1139 2359 2153 2400 entſchlagen könne. Die Zeugin erklärte hierauf, nicht aus⸗
1140 2396 2153 2436 ſagen zu wollen. — Fragner: Aber Marie, es hängt ja
1141 2430 2155 2471 meine Exiſtenz von deiner Ausſage ab! — Zeugin: Ich
1141 2465 2153 2506 werde doch ausſagen. — Die Zeugin ſchilderte nun, wie
1142 2501 2153 2542 Fragner vor ihrer Mutter mit ihr einen Scherz machte.
1141 2533 2153 2578 Dieſer Scherz wurde von ihrer Mutter, die eine ſehr eifer⸗
1141 2566 2154 2613 ſüchtige Frau war, übel ausgelegt und durch ihre Tante
1142 2607 2155 2649 wurde ein Gerücht verbreitet, das aber der Wahrheit nicht
1142 2643 2155 2684 entſprach. Ueber das Familienleben Fragners befragt, erklärte
1142 2678 2155 2720 die Zeugin, es ſei allerdings zwiſchen ihrer Mutter und ihrem
1143 2714 2158 2754 Stiefvater wiederholt zu Streitigkeiten gekommen. Ihre
1144 2749 2156 2790 Mutter ſei eine ſehr gebildete Frau geweſen, während Fragner
1144 2784 2159 2830 ſehr roh war. Sie haben mit einem Worte nicht zuſam⸗
1145 2828 1395 2862 mengepaßt.
1236 2855 2159 2896 Ueber Antrag der beiden Vertreter unterbrach der Richter
1143 2892 2159 2933 die Verhandlung und als dieſelbe wieder aufgenommen wurde,
1144 2925 2159 2970 erklärte Dr. Mataja im Namen ſeiner Klienten die
1144 2962 2164 3004 Klagen zurückzuziehen, nachdem Grießler und
1144 2998 2163 3043 Schejnocha entſprechende Erklärungen abgegeben hatten. —
1144 3032 2162 3075 Der Richter ging hierauf mit einem Freiſpruch beider
1140 3079 1416 3113 Angeklagten vor.
1408 3142 1901 3205 Der beleidigte „Fratz“.
1394 3212 1909 3250 Die „Ehre“ der Volksſchülerin.
1237 3263 2171 3303 Einen intereſſanten Verlauf nahm geſtern beim Straf⸗
1147 3299 2165 3342 bezirksgerichte Joſefſtadt die Verhandlung über eine Ehren⸗
1152 3335 2164 3375 beleidigungsklage, welche der Advokat Dr. Friedrich Weil im
1151 3370 2166 3411 Namen ſeiner elfjährigen Tochter, der Volksſchülerin Marianne
1152 3405 2168 3447 Weil, gegen die Wirtſchafterin Agnes Wiesmann ein⸗
2315 226 2448 267 Sport.
2196 296 2587 328 Faſt neues Freilaufrad un
2180 323 2580 354 70 K zu verkaufen. 2. Bez.
2180 352 2580 381 Untere Donauſtraße 23, Part
2178 384 2295 411 Tür 11.
2506 380 2585 405 13397
2193 426 2570 494 Fahrräder 1911
2175 503 2582 540 Kleine Teilzahlung, Garantie
2177 539 2583 576 Karte genügt. Depot Pick, IX
2174 573 2587 610 Liechtensteinstrasse Nr. 25
2276 649 2485 683 Maſchinen.
2176 708 2598 795 Nähmaschinen
2176 803 2583 841 ohne Angabe. Lager aller
2176 839 2579 879 Systeme. 10 Jahre Garantie
2219 876 2544 906 1 Krone wöchentlich.
2176 909 2588 947 Unterricht, Zustellung gratis.
2175 945 2585 984 Karte genügt. — Depot:
2178 989 2586 1055 Pick, Wien, IX/1
2177 1058 2593 1091 Liechtensteinstrasse Nr. 25.
2280 1097 2492 1123 Telephon 23.357.
2204 1144 2592 1170 Nähmaſchinen, Fahrräder,
2174 1170 2592 1200 Grammophone u. Muſikſchall⸗
2174 1197 2591 1226 platten auf Raten. Gebrauchte
2173 1225 2588 1255 nehme in Zahlung. Aberbach⸗
2173 1251 2592 1280 Wien, 6. Bez., Mariahilfer⸗
2173 1280 2592 1308 ſtraße 101. Vertreter werden
2172 1307 2590 1338 gut honoriert, Händler extra
2174 1336 2270 1363 Rabatt.
2523 1335 2592 1360 4487
2201 1405 2565 1479 Auskünfte.
2221 1490 2594 1531 H. H. Nein! Um auf
2187 1529 2591 1567 Staatskoſten dienen zu
2188 1564 2594 1602 können, müſſen Sie in
2188 1599 2595 1639 Ihrem Falle unbedingt
2188 1637 2506 1676 die Matura haben.
2224 1687 2594 1724 Transferierung. 1.
2189 1722 2596 1764 Jeder Soldat, bei wel⸗
2189 1757 2593 1797 chem derart gewichtige
2190 1790 2593 1832 Gründe geltend gemacht
2190 1830 2597 1865 werden können, daß
2192 1865 2594 1905 deſſen Transferierung
2193 1901 2594 1940 gerechtfertigt, ja ſogar
2193 1935 2594 1975 geboten und im Intereſſe
2190 1970 2600 2011 des Dienſtes geboten er⸗
2186 2007 2600 2047 ſcheint. — 2. Wie geſagt,
2191 2041 2604 2080 bei ganz gewichtigen
2186 2078 2597 2117 Umſtänden, z. B. chroni⸗
2191 2112 2598 2152 ſchen Leiden. Familien⸗
2191 2147 2597 2186 und Erwerbsverhältniſſe.
2189 2184 2604 2224 — 3. Zur Durchführung
2194 2220 2600 2257 militäriſcher Angelegen⸗
2192 2255 2603 2293 heiten behördlich kon⸗
2194 2290 2601 2328 zeſſiönierter Privat⸗
2195 2326 2599 2361 bureaux. — 4. Noch ein⸗
2190 2362 2437 2403 mal einreichen.
2237 2412 2598 2450 Richtig, 1912. Kaufen
2194 2447 2597 2485 Sie ſich um 40 Heller in
2195 2482 2596 2519 der k. u. k. Hofbuchhand⸗
2196 2518 2597 2556 lung L. W. Seidel u.
2196 2553 2597 2591 Sohn (Graben 13) die
2198 2588 2600 2626 „Konkurs⸗Ausſchreibung
2196 2624 2600 2662 für die Aufnahme in die
2207 2661 2600 2696 Militär⸗Unterrealſchulen
2198 2695 2603 2732 u. ſ. w. Sie werden in
2197 2732 2598 2768 derſelben alles finden,
2193 2766 2600 2802 was Sie brauchen. Wir
2201 2801 2601 2837 haben an Militär⸗Bil⸗
2198 2838 2602 2875 dungsanſtalten: Inſtitut
2198 2873 2603 2908 für verwaiſte Offiziers⸗
2198 2908 2604 2945 ſöhne, 6 Militär⸗Unter⸗
2201 2944 2606 2980 realſchulen, 2 Militär⸗
2200 2977 2605 3017 Oberrealſchulen, 2 Mili⸗
2202 3015 2605 3054 tär⸗Akademien, 12 In⸗
2203 3049 2606 3087 fanterie⸗, 1 Artillerie⸗,
2205 3086 2604 3122 1 Kavallerie⸗, 1 Pionier⸗
2204 3122 2605 3157 Kadettenſchule. — In⸗
2204 3156 2606 3193 genieure werden in der
2208 3191 2615 3227 techniſchen Militär⸗Aka⸗
2207 3228 2606 3260 demie und nach ent⸗
2205 3260 2608 3298 ſprechender Abſolvierung
2206 3296 2615 3334 derſelben im techniſchen
2200 3334 2612 3368 Fachkurſe für den
2206 3368 2611 3404 höheren Fachbaukurs
2208 3403 2416 3438 herangebildet
