3488 5358
205 118 362 153 Seite 12
793 115 1059 157 Wien, Samstag
1463 116 2033 149 Neue Freie Presse.
2500 114 2726 152 1. Juli 1911
3077 109 3269 148 Nr. 16830
169 193 1189 237 der Achter, um den Hierhammer⸗Preis werden, da hier
167 234 1188 277 Pannonia und Duna auf den Donauhort, die
169 272 1190 316 Union und die Donau treffen. Noch nie haben ſich zu
168 312 1190 355 einem Stromachter fünf Konkurrenten eingefunden. Da die
168 349 1190 396 Pannonia ihre zweite Achtermannſchaft ſtellt, welche erſt kürz⸗
167 389 1189 435 lich von der Duna abgefertigt wurde, dürfte es alſo durch⸗
172 428 1189 472 aus kein transleithaniſches Rennen geben, ſondern es iſt zu
170 467 1188 512 erwarten, daß auch die Wiener Crews beim Ende mitzu⸗
169 506 1189 555 reden haben werden. — Der ganze Verlauf der einzelnen
169 542 1190 591 Rennen kann von dem Begleitdampfer aus von nächſter Nähe
170 584 1189 632 verfolgt werden. Der Dampfer geht um ¼ 3 Uhr vom Prater⸗
170 625 1190 668 kai und um ½ 4 Uhr von Nußdorf ab. Dampferkarten
170 670 336 704 2 Kronen.
352 737 1001 784 Theater⸗ und Kunſtnachrichten.
877 786 1149 822 Wien, 30. Juni.
241 828 1179 875 [Reſidenzbühne.] Mit einem Jubiläumsabend
167 869 1187 918 beſchloß dieſe Bühne ihre erſte erfolgreiche Saiſon: der
166 906 1187 955 50. Aufführung der Komödie „Die goldene Schüſſel“ von
166 945 1181 992 Rudolf Strauß. Der verdiente ehrliche Erfolg dieſes
166 986 1181 1032 intereſſanten und wirkſamen Stückes iſt ſchon deshalb be⸗
165 1022 1179 1073 ſonders ſympathiſch, weil hier ein öſterreichiſcher Autor einmal
167 1060 1181 1111 den ſchönen Verſuch gemacht hat, unſerem oft ſo dramatiſch
164 1103 1182 1150 bewegten öffentlichen Leben einen dramatiſchen Spiegel ent⸗
166 1141 1183 1191 gegenzuhalten. Denn wenn auch der Zettel verſichern muß,
165 1180 1182 1230 daß alle dieſe Vorgänge ſich in Luſitanien abſpielen, ſo er⸗
164 1217 1182 1265 kennt doch jeder Zuhörer ſofort die Zuſtändigkeit dieſer
164 1258 1179 1305 grotesken und tragikomiſchen Abgeordneten und Parteiminiſter.
165 1297 1172 1344 Aber dieſe Geſtalten und Vorgänge, die vor zwei Monaten
164 1334 1180 1384 bei der Première der „Goldenen Schüſſel“ noch von ſo
162 1372 1182 1420 brennender Aktualität waren, gehören heute, bei der 50. Auf⸗
163 1414 1180 1462 führung, ſchon der politiſchen Halbvergangenheit an. . . .
163 1451 1181 1498 Da iſt wieder eine andere noch zu ſchreibende politiſche
162 1492 1182 1538 Komödie. Die „Goldene Schüſſel“ wirkte auch heute mit ihrer
163 1529 1178 1577 ganzen theatraliſchen Wucht und ſatiriſchen Schärfe, namentlich
163 1570 1179 1616 die packende Schlußſzene des zweiten Aktes und die glänzend
161 1607 1182 1657 geführte, heuchleriſche Trauerſitzung der Parteigenoſſen im
159 1648 1180 1692 dritten Akt. Der Abend brachte den tüchtigen Darſtellern des
162 1687 1180 1733 Werkes, Fräulein Hetman und den Herren Forſter,
165 1728 1185 1772 Waldſchütz, Stollberg, Ettlinger und Rolf⸗
163 1765 1146 1811 Oſtermann herzlichen Beifall und zahlreiche Hervorrufe.
241 1811 1184 1859 [Das Programm der Budapeſter Liszt⸗
161 1853 1185 1899 Feier] Die von der ungariſchen Regierumg zu veranſtaltende
160 1889 1184 1936 Liszt⸗Feier hat folgendes Programm: Am 21. Oktober, vor⸗
162 1929 1182 1975 mittags 11 Uhr, in der Feſtungshauptkirche Krönungsmeſſe,
162 1968 1185 2014 abends ½ 8 Uhr in der königlichen Oper Aufführung der
162 2008 1187 2055 Heiligen Eliſabeth. Am 22. Oktober um ½ 8 Uhr im Konzert⸗
160 2046 1184 2091 ſaale der Landesmuſikakademie: 1. Chornummer; 2. Ballade
160 2085 1185 2131 Des-dur (Karl Agghazy); 3. a) „Liebestraum“, b) Polo⸗
159 2123 1186 2172 naiſe Es-dur (Eugen d'Albert); 4. Sonate H-moll (Artur
160 2162 1186 2209 Friedheim); 5. a) Loreley, b) „Ueber allen Wipfeln iſt
160 2201 1184 2249 Ruh'“, c) „Die drei Zigeuner“, d) „Wieder möcht' ich dir be⸗
162 2240 1184 2291 gegnen“, Lieder (Lula Miesz⸗Gmeiner, Klavierbegleitung
161 2280 1185 2329 Richard Pahlen); 6. a) Bénédiction de Dieu dans la so-
162 2318 1187 2366 litude, b) Mazeppa⸗Etüde (Aladar Juhasz); 7. Don
161 2357 1186 2405 Juan⸗Phantaſie (Frédéric Lamond); 8. a) Au lac du
161 2397 1186 2444 Wallenstätt, b) Mephiſto⸗Walzer (Moritz Roſenthal);
162 2437 1184 2483 9. Chornummer. Am 23. Oktober Konzert: 1. Chornummer;
162 2476 1184 2521 2. a) Sonet de Petrarca, b) Rakoczy⸗Marſch (Emil Sauer);
158 2513 1186 2559 3. Prédication de Saint - François Assisi aux oiseaux,
160 2553 1185 2602 Légende (Bernhard Stavenhagen); 4. Geſangsnummer;
161 2590 1184 2639 5. Ballade H-moll (Arpad Szendy); 6. a) Etude de Con-
162 2628 1185 2679 cert F-moll, b) Saint-François marchant sur le flos, Lé-
162 2670 1185 2719 gende (Stephan Thomas); 7. Elfte Rhapſodie (Vera von
163 2709 1183 2756 Timanow); 8. Chornummer. Am 24. Oktober, ½ 8 Uhr,
163 2748 1186 2799 in der königlichen Oper Konzert mit Programm aus Liszts
164 2787 1185 2836 ſymphoniſchen Werken. Am 25. Oktober, abends, in der könig⸗
164 2826 1184 2875 lichen Oper Chriſtus⸗Oratorium. Die beiden Orcheſterkonzerte
165 2865 1184 2914 werden von Siegfried Wagner, Felix Weingartner und
165 2910 723 2955 Stephan Kerner geleitet werden.
240 2953 1187 3003 [Artur Nikiſch an der Pariſer Großen
161 2990 1187 3041 Oper] Aus Paris berichtet unſer Korreſpondent: Artur
162 3031 1186 3078 Nikiſch hat den zweiten Zyklus der Wagnerſchen Tetralogie
166 3070 1185 3116 an der „Großen Oper“ mit der „Götterdämmerung“ glänzend
163 3108 1188 3158 abgeſchloſſen. Der große deutſche Orcheſtermeiſter hat mit ſeiner
163 3146 1189 3194 leidenſchaftlichen, nuancenreichen, dabei aber traditionstreuen
162 3186 1186 3234 Art ſeine Künſtler und das Publikum wahrhaft hingeriſſen.
161 3224 1188 3273 Der erſte Verſuch, eine Geſamtdarſtellung der Tetralogie unter
163 3263 1188 3313 deutſcher Leitung der hieſigen Kunſtwelt zu bieten, hat einen
164 3301 1188 3352 großen Erfolg und wird von entſcheidendem Einfluß bleiben
167 3340 1189 3391 auf das Kunſtverſtändnis der Franzoſen und auf das Ein⸗
165 3377 1189 3431 dringen in den deutſchen Geiſt, der durch Wagner repräſen⸗
163 3430 324 3464 tiert wird.
244 3463 1186 3512 — Im Theater an der Wien gelangt morgen aus
163 3503 1185 3554 Franz Kranewitters Einakterzyklus „Die ſieben
166 3542 1184 3593 Todſünden“ die Tragödien „Der Med“ (Trägheit) und
169 3580 979 3634 „Der Joch“ (Trunkſucht) zur erſten Aufführung.
244 3628 1187 3679 — Morgen beginnt im Wiener Bürgertheater bei
164 3665 1188 3719 ermäßigten Preiſen das einmonatliche Gaſtſpiel des Tegern⸗
166 3704 1189 3757 ſeer Bauerntheaters mit der Erſtaufführung der
168 3741 1188 3797 Bauernpoſſe „Die ſchöne Millibäuerin“. Während
169 3782 1189 3836 dieſes Gaſtſpieles beginnen ſämtliche Abendvorſtellungen an
167 3829 528 3877 Sonntagen um 8 Uhr.
246 3868 1189 3922 — Die Schlierſeer beſchließen Sonntag ihr Gaſtſpiel
169 3909 1189 3962 am Raimund ⸗Theater. Eine Verlängerung war undurch⸗
170 3948 1189 4001 führbar, da Direktor Terofal bereits in den nächſten Tagen die
168 3991 776 4042 Sommerſpielzeit in Schlierſee beginnt.
246 4035 1187 4086 — Direktor Eibenſchütz hat die Soubrette Grete Ly
168 4074 1190 4126 vom Neuen Operettentheater in Berlin durch mehrjährigen Ver⸗
169 4119 774 4168 trag für das Carl⸗Theater verpflichtet.
247 4159 1190 4215 — Herr Hubert Reuſch, der als Mitglied des Carl⸗
170 4201 1191 4255 Theaters unter der Direktion Jauner wirkte und der inzwiſchen
171 4239 1192 4291 als Direktor des Deutſchen Theaters in Hannover und des
171 4278 1192 4332 Theaters in Bremen tätig war, iſt von der Direktion der
170 4317 1192 4369 Neuen Wiener Bühne als artiſtiſcher Leiter und Ober⸗
171 4357 1080 4413 regiſſeur für die kommende Spielzeit verpflichtet worden.
250 4403 1194 4455 — Hofopernſängerin Mme. Cahier wurde von der
173 4441 1191 4497 Generalintendanz des Hoftheaters in München für die Feſt⸗
170 4482 1192 4537 ſpiele engagiert und wird am 15. Auguſt den Sixtus in
173 4520 1193 4574 Mozarts „Titus“, eine der Opern, für die ſie ſeinerzeit Mahler
172 4570 567 4615 nach Wien berief, ſingen.
248 4607 1193 4659 — Das wegen ungünſtiger Witterung verſchobene Kon⸗
172 4646 1189 4701 zert des Wiener Konzertorcheſters (Direktion Ferdinand
176 4686 1190 4738 Hellmesberger), auf deſſen Programm die Aufführung aus
175 4724 1193 4775 der „Meluſinen“⸗Muſik von S. Brand⸗Vrabely ſteht, findet
178 4763 1195 4817 am Montag den 3. Juli in Hopfners „Park⸗Hotel“ in
176 4815 406 4854 Hietzing, ſtatt.
240 4878 1137 4936 Richard Strauß, Dirigent der Münchener
491 4925 881 4975 Mozart⸗Feſtſpiele.
429 4974 940 5011 (Telegramm der „Neuen Freien Preſſe“.)
253 5006 1199 5059 München, 30. Juni. Richard Strauß erklärte ſich auf
176 5045 1199 5101 telegraphiſches Erſuchen des Münchener Oberbürgermeiſters
174 5086 1200 5141 v. Borſcht, des Prinzen Ludwig Ferdinand von
1224 195 2234 236 Bayern und anderer Kunſtfreunde jetzt bereit, an Stelle
1229 235 2245 275 Mottls wenigſtens einen Teil der Mozart⸗Feſtſpiele im Reſidenz
1227 274 1991 316 theater im Auguſt und September zu dirigieren.
1227 356 2247 403 Prämiierung und Schlußproduktion in der
1269 399 2203 446 Akademie für Muſik und darſtellende Kunſt.
1301 458 2246 502 Im Feſtſaale des Kaufmänniſchen Vereines wurden heute
1227 499 2244 541 nachmittags in Anweſenheit eines zahlreichen Publikums während
1227 537 2244 578 der zweiten und zugleich letzten Schlußproduktion der Abiturienten
1226 577 2244 617 der k. k. Akademie für Muſik und darſtellende Kunſt durch den
1227 613 2246 657 Direktor der Akademie Herrn Wilhelm Bopp jene Abiturienten
1226 653 2247 697 des abgelaufenen Schuljahres bekanntgegeben, denen das Akademie⸗
1226 693 2249 734 diplom, beziehungsweiſe Preiſe oder das Reifezeugnis zuerkannt
1227 732 2246 772 wurde. Der koſtbarſte Preis, ein prächtiger Böſendorfer⸗Salon⸗
1227 769 2247 814 flügel, geſpendet von der Firma Böſendorfer, fiel dem
1227 808 2243 850 Abiturienten Friedrich Hilbrand zu. Mit Rückſicht darauf,
1227 848 2246 890 daß heuer nur zwei, anſtatt wie ſonſt drei Schlußproduktionen
1228 887 2246 929 ſtattfanden, war das Programm auch reicher als ſonſt zuſammen⸗
1224 925 2245 969 geſetzt. Die Produktion wurde mit Franz Liszts „Rigoletto⸗
1226 964 2245 1007 Phantaſie“ für Klavier von Fräulein Elſa Mautner ein⸗
1226 1003 2245 1048 geleitet. Es folgten dann die „Othello⸗Phantaſie“ für Violine
1226 1042 2244 1084 von H. W. Ernſt, vorgetragen von Herrn Julius Richter,
1227 1080 2246 1123 G. Verdis Arie der Gilda aus „Rigoletto“ (Fräulein Elſa
1226 1120 2247 1162 Hartmann), Vieuxtemps' Fantasia appassionata, erſter
1226 1157 2244 1201 und zweiter Satz, Thema mit Variationen, Largo (Herr Albert
1226 1195 2251 1239 Poppy), I. Brahms' Geſänge: „Ständchen“, „Das Mädchen
1223 1233 2245 1279 ſpricht“, „Sandmännchen“ (Stoja v. Milinkovic), E. Lalos
1224 1275 2246 1319 Violinkonzert, zweiter und dritter Satz (Herr Ernſt Waſſing).
1226 1313 2247 1357 Nach dieſer Piece wurden die Preiszuerkennungen vom Direktor
1226 1353 2243 1396 bekanntgegeben. Als ſiebente Piece wurden wieder Geſänge von
1223 1392 2246 1435 I. Brahms, und zwar: „Auf dem Schiffe“, „Leichengeſang“ und
1228 1429 2246 1474 „Meine Liebe iſt grün“ zu Gehör gebracht. Darauf folgten
1227 1469 2246 1514 Franz Liszts „Don Juan“⸗Phantaſie für Klavier (Friedrich
1226 1506 2244 1552 Hilbrand), E. Lalos „Symphonie espagnole“ für Violine,
1225 1545 2247 1591 erſter, vierter und fünfter Satz (Fräulein Helene Roten⸗
1227 1584 2248 1627 ſtern), dann Saint⸗Saëns' Klavierkonzert in G-moll (Fräulein
1225 1624 2249 1667 Margarete Löwit) und zum Schluſſe wieder I. Brahms'
1227 1663 2247 1708 Geſänge: „Ueber die Heide“, „Verrat“ und „Mit vierzig
1227 1705 1929 1746 Jahren“, geſungen von Franz Hofbauer.
1581 1751 1892 1787 Die Prämiierung.
1303 1794 2248 1838 Der Staatspreis im Betrage von 800 K. wurde
1232 1834 2248 1875 zuerkannt dem Abiturienten der Violinmeiſterſchule Herrn David
1224 1871 2249 1916 Hochſtein und der Abiturientin der Klaviermeiſterſchule Fräu⸗
1233 1910 2248 1955 lein Helene Lampl. Das Staatsdiplom derſelben Schulen
1228 1949 2248 1994 wurde verliehen Fräulein Nana Duesberg und David Hoch⸗
1227 1989 2248 2032 ſtein (beide aus der Violinmeiſterſchule) und Fräulein Helene
1226 2027 2249 2073 Lampl (Klaviermeiſterſchule). Prämien wurden folgenden Abi⸗
1229 2066 2248 2110 turienten verliehen, und zwar: dem oberwähnten Abiturienten
1228 2104 2249 2149 Friedrich Hilbrand der von der Firma Ludwig Böſen⸗
1226 2143 2249 2189 dorfer geſpendete Salonflügel, je ein Akademieprämium zu
1228 2183 2249 2227 200 K. Eliſabeth Bockmayer, Elſe Hartmann, Simon
1229 2223 2246 2266 Landau, Ellen Martin und Stoyer v. Millinkovic,
1231 2261 2249 2305 das Schwarz⸗Mohrenſteinſche Prämium zu 200 K. an Albert
1229 2299 2250 2345 Cornfeld, das Viktor Miller v. Aichholzſche Johannes
1226 2338 2248 2383 Brahms⸗Prämium zu 200 K. Julius Czaikofsky, das Helene
1228 2378 2246 2424 v. Hornboſtel⸗Magnusſche Julius Stockhauſen⸗Prämium zu
1228 2416 2244 2461 250 K. Valerie Dreſcher, je ein Akademieprämium zu 100 K.
1228 2454 2249 2501 Roſa Horowitz und Albertine Poppy, das Otto Meyer
1230 2494 2253 2539 Freiherr von und zu Graveneggſche Prämium zu 200 K. Franz
1227 2533 2249 2578 Hofbauer, eine vom Kunſtgeigenmacher Eugen Zaiſer in Bre⸗
1229 2572 2248 2619 genz gewidmete Konzertgeige als Prämium an David Höchſtein,
1228 2611 2249 2657 weiters das Liszt⸗Prämium zu 200 K. Elſe Mautner, das zweite
1223 2650 2250 2695 Otto Meyer Freiherr von und zu Graveneggſche Prämium zu
1229 2688 2250 2731 200 K. Alice Kraus, das Marxenſche. Beethoven⸗Prämium zu
1227 2727 2251 2772 120 K. Roſa Merker, das dritte Otto Meyer Freiherr von
1228 2766 2244 2813 und zu Graveneggſche Prämium zu 200 K. Adolf Ludwig,
1228 2804 2248 2850 das Baron Hofmannſche Prämium zu 96 K. an Ernſt Fiſcher,
1226 2844 2250 2891 das vierte Otto Mayer Freiherr von und zu Graveneggſche
1228 2881 2249 2929 Prämium zu 200 K. Oskar Jellinek und das Ludwig
1226 2921 2250 2970 A. Zellnerſche Prämium zu 80 K. an Heinrich Luif. Weiters er⸗
1228 2960 2251 3006 hielten Prämien: Julius Richter ein Akademieprämium zu
1228 2998 2249 3045 100 K., das Karoline v. Gomperz⸗Bettelheimſche Anton Rubin⸗
1227 3038 2251 3083 ſtein⸗Prämium zu 400 K. und das Karl Goldmark⸗Prämium
1228 3078 2249 3122 zu 200 K. Tinka Weſſel, ein C. Marxenſches Beethoven⸗
1228 3115 2249 3160 Prämium zu 120 K. Anna Voileanu, das I. M. Grün⸗
1228 3155 2248 3202 Prämium zu 160 K. Helene Rotenſtern und ſchließlich noch
1229 3194 2252 3238 ein 200⸗Kronen⸗Prämium von Otto Meyer Freiherrn von und zu
1231 3232 2250 3281 Gravenegg Ernſt Waſſing, ſowie ein 100⸗Kronen⸗Prämium
1230 3274 1856 3320 desſelben Stifters Dr. Robert Stark.
1489 3321 2005 3361 Die Zusnerſchen Liederpreiſe.
1304 3362 2252 3409 Die eingereichten Kompoſitionen um die Bewerbung der
1229 3403 2243 3448 Zusnerſchen Liederpreiſe wurden von den Preisrichtern Herrn
1230 3441 2246 3486 Direktor Wilhelm Bopp und den Herren Profeſſoren Franz
1228 3479 2247 3525 Haböck und Richard Heuberger eingehend geprüft. Der
1230 3519 2249 3566 erſte Preis wurde dem Orgel⸗ und Kompoſitionsſchüler Alois
1230 3557 2248 3603 Dité für das Lied „Der Kirchhof“ verliehen. Für die Ver⸗
1231 3594 2248 3645 leihung des zweiten Preiſes wurde keines der eingereichten Lieder
1230 3634 2244 3682 würdig befunden und der hiefür beſtimmte Preis im Betrage
1229 3674 2238 3721 von 10 Dukaten ſtiftungsgemäß dem Schülerunterſtützungsfonds
1229 3710 2240 3760 der k. k. Geſellſchaft der Muſikfreunde zugewendet. Das
1230 3751 2244 3800 Akademiediplom wurde folgenden Abiturienten verliehen:
1231 3791 2248 3838 Alice Kraus, Margarete Löwit, Elſe Mautner, Adele
1231 3829 2250 3880 Selzer und Anna Voileanu (ſämtlich Klavier), Irene
1232 3868 2248 3916 Kummer (Lehrerbildungskurs für Geſang) und Marie
1232 3908 2254 3955 Noſtis (Geſang). Das Reifezeugnis erhielten ſechzig
1233 3954 1431 3987 Abiturienten.
1277 4025 2210 4082 Eröffnung des Münchener Künſtlertheaters.
1489 4089 2008 4123 (Telegramme der „Neuen Freien Preſſe“.)
1311 4128 2252 4179 München, 30. Juni. Heute abends öffnet das
1237 4167 2253 4219 Münchener Künſtlertheater im ſtädtiſchen Aus⸗
1239 4206 2253 4261 ſtellungspark zur vierten Saiſon ſeit ſeiner 1908 erfolgten
1240 4245 2253 4299 Errichtung ſeine Pforten. Die Spielzeit wird Juli, Auguſt,
1238 4286 2251 4338 September umfaſſen, und auf der Bühne, auf der 1908 das
1236 4328 2251 4379 Perſonal des Münchener Hoftheaters und 1909
1237 4362 2252 4416 und 1910 Max Reinhardt mit dem Enſemble des
1238 4406 2255 4455 Berliner Deutſchen Theaters im Vereine mit
1237 4443 2256 4496 ſzeniſcher Mitwirkung hervorragender bildender Künſtler
1239 4479 2257 4536 klaſſiſche Dramen und Luſtſpiele mit großem Erfolge auf⸗
1239 4519 2257 4575 führten, wird jetzt die muſikaliſche Komödie herrſchen. Zur
1241 4559 2257 4615 Aufführung kommen vom 30. Juni bis 13. Juli Offen⸗
1240 4598 2257 4651 bachs Buffoper „Die ſchöne Helena“; am 14. Juli folgt
1241 4638 2257 4694 die Uraufführung von „Themidore“, eines Liebesſpiels in drei
1242 4676 2258 4727 Akten von Roda Roda und Steffan, Muſik von dem
1239 4716 2253 4773 engliſchen Komponiſten Digby La Touche, das bis
1239 4752 2257 4808 27. Juli abwechſelnd mit der „Schönen Helena“ gegeben
1238 4794 2258 4849 wird; am 28. Juli folgt die Uraufführung der Operette
1238 4833 2257 4889 „Cherchez la femme“ von Ralph Benatzky. Die
1241 4872 2258 4929 künſtleriſche Ausſtattung dieſer drei Werke ſtammt von den
1243 4910 2258 4965 Malern Ernſt Stern, Oskar Graf und Olaf
1239 4950 2258 5006 Gulbranſſon. Max Reinhardt iſt wieder oberſter
1241 4988 2261 5046 Regiſſeur aller Aufführungen, muſikaliſcher Leiter iſt Hof⸗
1245 5025 2261 5086 kapellmeiſter v. Zemlinsky (Wien), Das Orcheſter ſtellt
1244 5068 2261 5121 das Münchener Tonkünſtlerorcheſter. Für das Darſteller⸗
2297 188 3308 233 enſemble hat Wien eine Reihe ausgezeichneter Kräfte geſtellt:
2295 231 3307 275 die Damen Jeritza, Marlow, Petko ſowie die Herren
2294 269 3307 312 Charlé, Pallenberg, Rudolf Ritter und Erich
2293 310 3308 352 Zettl. Unter den übrigen Darſtellern ſind die bekannte
2293 348 3310 393 Soubrette Fritzi Maſſary (Berlin) und Kamilla Eiben⸗
2294 392 2413 432 ſchütz.
2369 425 3310 469 Direktor Guſtav Amberg (Newyork) hat auf Grund
2297 465 3310 510 der geſtrigen Generalprobe der „Schönen Helena“ von
2296 504 3311 547 Offenbach im Münchener Künſtlertheater in der Inſzenierung
2298 544 3310 585 von Max Reinhardt von der Direktion des Künſtlertheaters
2294 582 3312 626 die geſamte Ausſtattung mit dem ausſchließlichen Rechte er⸗
2296 617 3311 665 worben, in ganz Amerika Aufführungen in
2298 661 3311 703 deutſcher und engliſcher Sprache zu ver⸗
2296 702 3313 742 anſtalten. Vor der amerikaniſchen Tournee wird Direktor
2297 741 3311 784 Amberg in einem Berliner Theater mit ſeinem für Newyork
2297 781 3312 822 engagierten Enſemble einen Zyklus von Vorſtellungen ver⸗
2295 821 2439 861 anſtalten.
2368 866 3317 908 München, 30. Juni, abends. Die erſte Aufführung
2289 908 3310 947 von Offenbachs „Schöne Helena“ im Mün⸗
2295 946 3313 987 chener Künſtlertheater heute abends zum Anfang
2296 986 3311 1027 der diesjährigen Saiſon war ein durchſchlagender Erfolg. Das
2298 1025 3313 1064 Publikum war vom Anfang bis zum Ende in heiterſter
2297 1063 3311 1103 Stimmung. Nach jedem Akt und auch oft bei offener Szene
2294 1100 3316 1142 gab es vielen ſtürmiſchen Applaus, der in erſter Linie Max
2296 1139 3319 1179 Reinhardt, der die Operette inſzenierte, Kapellmeiſter
2293 1177 3322 1220 Zemlinsky, der das Tonkünſtlerorcheſter dirigierte, und
2293 1217 3315 1258 Maler Ernſt Stern, der die Ausſtattung hergeſtellt hatte,
2295 1255 3316 1296 galt. Von den Darſtellern mußten insbeſondere Jeritza
2293 1292 3315 1336 (Helena), Eibenſchütz (Oreſt), Pallenberg (Me⸗
2294 1330 3317 1374 nelaus), Rudolf Ritter (Paris) und Guſtav Charlé
2297 1371 3313 1413 (Kalchas) den Hervorrufen Folge leiſten. Das Haus war
2292 1408 3316 1450 voll beſetzt. In den Logen ſah man Prinzen Ludwig,
2293 1448 3314 1490 Prinzeſſin Giſela mit ihren Söhnen Georg und
2292 1486 3315 1528 Konrad, Prinzeſſin Klara und Prinzen, Heinrich,
2294 1525 3314 1568 ferner Miniſterpräſidenten Grafen Podewils, Miniſter
2293 1563 3313 1606 des Innern v. Brettreich, Oberzeremonienmeiſter Graf
2294 1602 3103 1647 Moy und Oberbürgermeiſter Dr. v. Borſcht.
2534 1696 3081 1749 Aus dem Gerichtsſaale.
2376 1758 3312 1799 Wien, 30. Juni. (In der Leidenſchaft des
2294 1793 3311 1833 Kartenſpieles.) Der 23jährige Albert Kiefer war bei der
2300 1829 3316 1869 Metroxinfabrik, G. m. b. H., als Compioiriſt angeſtellt. Zu ſeinen
2296 1864 3315 1905 Aufgaben gehörte es, die von den Kunden beſtellten Poſtpakete auf⸗
2296 1898 3313 1938 zugeben, und er erhielt zur Beſtreitung der Portoauslagen Pauſchal⸗
2299 1936 3312 1973 beträge, die er nach einem beſtimmten Zeitraume zu verrechnen hatte.
2297 1967 3317 2009 Bei der Abrechnung im April v. I. ergab es ſich, daß Kiefer
2296 2003 3314 2044 2540 K. unterſchlagen und dieſe Malverſation durch Fälſchungen in
2299 2040 3312 2078 den Büchern verhüllt hatte. Er wurde verhaftet, geſtand die Verun⸗
2298 2074 3311 2115 treuungen und bezeichnete das Kartenſpiel als die Urſache ſeiner
2292 2108 3314 2147 ſträflichen Verirrung. Er habe es, ſagte er, geraume Zeit verſtanden,
2298 2143 3313 2183 mit ſeinem Gehalt von monatlich 180 K. auszukommen, bis eines
2301 2179 3313 2218 Tages eine Geſellſchaft in einem Ringcafé ihn zum Kartenſpielen
2300 2213 3315 2252 animierte. Hiebei habe er anfangs gewonnen, dann aber Verluſte
2293 2247 3314 2286 erlitten, worauf er immer größere Beträge einſetzte, um das Ver⸗
2299 2281 3314 2324 lorene hereinzubringen; es ſei aber erfolglos geblieben. Zu dieſem
2299 2320 3312 2359 Spiel habe er das anvertraute Geld angetaſtet, immer in der uner⸗
2292 2354 3313 2392 füllt gebliebenen Hoffnung, alles erſetzen zu könne. Der Verteidiger
2299 2386 3314 2427 Dr. Eltes wies auf die Jugend des Angeklagten, ſeine Unbe⸗
2298 2424 3313 2463 ſcholtenheit und insbeſondere auf die Verführung hin, der er zum
2298 2459 3315 2497 Opfer gefallen, und bat die Geſchwornen, dieſen mildernden Um⸗
2301 2493 3317 2533 ſtänden durch die Annahme eines Schadens von nicht mehr als
2298 2528 3314 2569 2000 K. Rechnung zu tragen. Die Jury fällte ihr Verdikt in dieſem
2300 2561 3314 2602 Sinne, worauf der Gerichtshof unter dem Vorſitze des Oberlandes⸗
2302 2598 3314 2640 gerichtsrates Dr. Kurzweil über den Angeklagten vier
2300 2636 2886 2674 Monate ſchweren Kerkers verhängte.
2379 2719 3315 2757 Wien, 30. Juni. (Die beleidigte Volks⸗
2298 2753 3316 2795 ſchülerin.) Einen intereſſanten Verlauf nahm heute beim Straf⸗
2299 2788 3314 2830 bezirksgerichte Joſefſtadt die Verhandlung über eine Ehren⸗
2301 2822 3314 2865 beleidigungsklage, die der Advokat Dr. Friedrich Weil im Namen
2299 2858 3315 2899 ſeiner elfjährigen Tochter, der Volksſchülerin Marianne, gegen die
2301 2893 3315 2935 Wirtſchafterin Agnes Wiesmann eingebracht hatte. Nach Inhalt
2300 2929 3316 2970 der Klage ſoll die Angeklagte das Schulmädchen dadurch beleidigt
2299 2964 3315 3004 haben, daß ſie dieſem zurief: „Wirſt denn nicht das Maul halten,
2301 2998 3315 3039 Fratz, grauslicher!“ Die Angeklagte, die ſechzehn Jahre Wirt⸗
2301 3031 3316 3074 ſchafterin im Hauſe des penſionierten Oberlandesgerichtsrates Doktor
2302 3068 3315 3110 v. Grohmann iſt, gab zu, der Klägerin die inkriminierten Worte
2301 3103 3315 3145 zugeruſen zu haben, jedoch nur, um es wegen ihrer Ungezogenheit
2300 3138 3316 3181 zurechtzuweiſen. Das Mädchen habe ſie wiederholt verhöhnt, indem
2301 3174 3316 3214 es von dem Fenſter ihres Kinderzimmers ihr eine lange Naſe
2298 3207 3323 3249 machte, die Zunge herausreckte und dergleichen mehr. Ein von dem
2301 3242 3316 3284 Bezirksrichter Dr. Bilek vorgeſchlagener Ausgleich ſcheiterte an der
2303 3278 3316 3320 Weigerung der Angeklagten, das beleidigte Kind, wie es deſſen
2301 3314 3316 3357 Vater verlangte, ausdrücklich um Entſchuldigung zu bitten.
2303 3346 3316 3392 Der Richter ließ den von der Angeklagten angebotenen Wahrheits⸗
2303 3383 3317 3427 beweis, daß die Klägerin ſich wiederholt ungezogen benommen habe,
2295 3417 3318 3461 zu, da die Bezeichnung „Fratz“ für ein Kind im Wieneriſchen für ein
2302 3453 3318 3496 ungezogenes Kind gebräuchlich ſei. Mehrere weibliche Bedienſtete im
2298 3488 3318 3526 Hauſe, wo die Eltern der Klägerin wohnen, beſtätigen, als
2302 3521 3317 3563 Zeuginnen vernommen, daß die Beleidigte tatſächlich dritten Perſonen
2299 3554 3320 3597 eine lange Naſe gemacht, die Zunge herausgereckt und andere
2303 3592 3316 3634 Ungezogenheiten begangen habe. Der Dienſtgeber der Angeklagten,
2298 3626 3319 3666 Oberlandesgerichtsrat Grohmann, gab, als Zeuge vernommen, an,
2305 3662 3316 3702 daß die Klägerin im Hauſe Anlaß zu vielen Beſchwerden gab, und
2302 3695 3316 3737 daß er ſchon daran dachte, bei der Polizei Abhilfe dagegen zu ſuchen.
2299 3730 3319 3771 Es iſt, bemerkte der Zeuge, nur bedauerlich, daß Ihre koſtbare Zeit,
2303 3766 3317 3810 Herr Richter, mit einer ſolchen Sache ſo lange in Anſpruch genom⸗
2303 3802 3317 3841 men wird. — Ein nochmaliger vom Richter unternommener Verſuch,
2303 3837 3317 3880 die Angelegenheit gütlich beizulegen, ſcheiterte, da der Vater des
2305 3870 3317 3912 Kindes darauf beſtand, daß die Angeklagte es um Entſchuldigung
2304 3905 3318 3946 bitten ſolle. Der Richter ſprach die Angeklagte frei. In der Be⸗
2305 3940 3317 3983 gründung des Urteils ſagte der Richter, daß ein Kind, das bereits
2297 3975 3317 4016 in die Schule gehe und von ſittlichen Begriffen bereits Kenntnis
2304 4010 3318 4051 habe, allerdings den gerichtlichen Ehrenſchutz genieße, daß aber
2306 4045 3318 4086 Erwachſenen gegen Inſulten von Kindern, die ſtrafrechtlich belangt
2305 4080 3320 4121 werden können, eine entſprechende Abwehr geſtaltet ſein müſſe. Die
2299 4113 3321 4155 inkriminierte Aeußerung ſei im konkreten Falle als eine Zurecht⸗
2299 4148 3323 4192 weiſung gegenüber dem Benehmen des Kindes anzuſehen, und zwar
2305 4191 2588 4223 als eine berechtigte.
2384 4248 3322 4297 Wien, 30. Juni. (Das Barfüßle in der Schule.)
2307 4287 3321 4333 Aus Mödling wird berichtet: Das Kind der Wirtſchaftsbeſitzerin
2306 4322 3320 4369 Katharina Neuhold war am 17. Mai barfüßig in der Schule in
2305 4357 3321 4402 Brunn erſchienen. Die Lehrerin Emilie Preiß ſchickte das Bar⸗
2306 4391 3321 4440 füßle mit dem Auftrage nach Hauſe, mit Schuhen bekleidet wieder
2305 4427 3321 4474 zu kommen. Bald darauf kam das Kind abermals barfuß in die
2306 4461 3321 4508 Klaſſe und ſagte, die Lehrerin möge hinauskommen, um mit ſeiner
2308 4498 3322 4543 Mutter draußen zu ſprechen. Die Lehrerin folgte dieſer Einladung
2306 4529 3321 4577 nicht, weshalb die Mutter des Kindes ins Klaſſenzimmer ſtürzte und
2305 4567 3321 4613 ſchrie: „Wann's mein Kind z'Haus ſchicken, weil's keine Schuh hat,
2306 4599 3322 4651 ſo muß i do frag'n: Zahl'n Sö leicht die Schuſterrechnung? Geſtern
2305 4635 3322 4685 hat uns erſt der Hagel alles z'ſamm' g'haut und die Erdäpfel
2308 4672 3324 4719 erſaufen im Waſſer!! Sö halten halt alle Monat einfach die Hand
2308 4706 3322 4755 auf. Was ſoll'n denn wir tun? Wo ſoll'n denn wir hingehen?“
2306 4742 3323 4791 Auf die Aufforderung der Lehrerin, das Schulzimmer zu verlaſſen
2307 4777 3322 4826 und den Unterricht nicht zu ſtören, antwortete die Neuhold abermals
2307 4813 3323 4858 neuerlich in ſtürmiſcher Weiſe und fuchtelte dabei heftig mit den
2309 4847 3323 4897 Händen herum. Als ſie an den Schulinſpektor gewieſen wurde,
2309 4883 3325 4930 äußerte ſie ſich über ihn in beleidigender Weiſe. Bei dem Verlaſſen
2309 4917 3325 4966 des Schulzimmers ſchlug ſie krachend die Türe zu. Wegen dieſes
2310 4950 3328 5001 Auftrittes ſtand Katharina Neuhold vorgeſtern unter der Anklage
2307 4987 3326 5036 der Amtsehrenbeleidigung vor dem hieſigen Bezirks⸗
2310 5021 3324 5073 gerichte. Sie war geſtändig und entſchuldigte ſich mit der Aufregung,
2310 5059 3326 5107 in der ſie ſich wegen des kurz zuvor niedergegangenen Hagelwetters
