1536 2323
714 3 814 44 1344
324 76 1206 156 Zurückgeſetzte Mehlpreiſe
417 151 1117 205 der Kunſtmühle in Zipf bei Salzburg.
92 205 1434 270 Niederlage bei Joh. Lorenz vormals J. Riß in Innsbruck.
195 265 1312 316 Gries per ganzen Sack 15 fl. 25 kr., das Pfund 16 kr.
194 315 1313 367 Waizenmehl ſuperfein Nr. 0 14 fl. 75 kr., „ „ 16 kr.
299 364 1314 413 „ Extra⸗Auszug Nr. 1A 13 fl. 75 kr, „ „ 15 kr.
299 411 1313 461 „ Kaiſer⸗ „ Nr. 1 12 fl. — kr., „ „ 13 kr.
298 457 1311 505 „ Bäcker⸗ „ Nr. 2 10 fl. 75 kr., „ „ 12 kr.
296 506 1313 551 „ Mundmehl Nr. 3 9 fl. 25 kr, „ „ 10 kr.
299 553 1311 600 „ Semmelmehl Nr. 4 7 fl. 50 kr., „ „ 9 kr.
194 599 1310 647 Kornmehl fein Nr. 2 8 fl. 59 kr., „ „ 9 kr.
173 647 1437 695 Säcke werden ſeparat berechnet und im guten Zuſtande franco zum gleichen
93 696 475 738 Preiſe zurückgenommen.
1398 690 1439 729 2₃
347 752 1179 827 Verſteigerungs⸗Kundmachung.
174 826 1437 875 Am 4. Juli d. Js. um 9 Uhr früh angefangen, werden im Hauſe Nr. 57
92 874 1435 925 im 2. Stock in der Rieſengaſſe die zur Verlaſſenſchaft der Katharina Schröppl,
92 922 1437 974 geb. Ziegler, gehörige Hausfahrniſſe, Betten, Küchengeräthſchaften und andere un⸗
92 972 1107 1020 eingetheilte Gegenſtände gegen Baarzahlung verſteigert werden.
174 1022 725 1062 Innsbruck am 21. Juni 1864.
449 1064 1077 1110 Dr. Carl Schneller, k. k. Notar.
1396 1062 1442 1106 3₃
95 1129 750 1257 Anempfehlung.
787 1124 1436 1169 Die Unterzeichnete empfiehlt ſich einem
789 1166 1434 1212 hochgeehrten Publikum mit ihrer Methode,
788 1207 1438 1250 alte Bettfedern und Roßhaare mittelſt
93 1249 1436 1303 Anwendung einer Dampfmaſchine gleich neu herzuſtellen, ferners beſitzt ſelbe laut
92 1289 1436 1341 mehreren ärztlichen Zeugniſſen auch die Kunſt, jene bei verſchiedenen Kranken ge⸗
91 1329 1440 1385 brauchten Betten der Art zu reinigen, daß ſie als unſchädlich für die Geſundheit
92 1372 1439 1427 eines Andern benützt werden können; auch verfertigt dieſelbe neue und alte
92 1412 1436 1468 Matratzen, und verſpricht, ſich durch ſchnelle Bedienung ſowohl in Innsbruck als
94 1450 1436 1507 in deſſen Umgebung die vollſte Zufriedenheit der hochzuverehrenden Kundſchaften zu
92 1494 1436 1547 erwerben, bittet ſohin um geneigten zahlreichen Zuſpruch. — Die Beſtellungen
90 1532 1437 1588 ſind zu machen bei Katharina Schennach, Kammmacherswitwe unter den
94 1582 617 1624 Lauben nächſt dem Rathshauſe.
1391 1610 1435 1610 Anna Oeffner.
1399 1576 1443 1609 2³
827 1610 1436 1700 Anna Oeffner.
520 1723 1018 1791 Kundmachung.
173 1794 1436 1843 Die Brunnenzinspflichtigen werden hiemit aufgefordert, die für das Verwaltungs⸗
90 1838 1438 1895 Jahr 1863/64 verfallenen ordinären Brunnenzinſe längſtens bis 15. Auguſt
92 1885 1440 1941 d. Js. um ſo gewiſſer anher einzuzahlen, als ſonſt nach Ablauf dieſer Friſt die
93 1936 1436 1986 verbleibenden Rückſtände durch den Amtsdiener auf ihre Koſten beigetrieben wer⸗
93 1994 289 2033 den müßten.
385 2023 1140 2079 K. K. Steueramt Innsbruck
176 2089 502 2127 am 23. Juni 1864.
656 2127 873 2168 Pfaundler.
1316 2120 1433 2154 Diem.
1391 2071 1449 2115 3³
