3488 5348
127 160 313 197 Nr. 11085
901 161 1172 202 Wien, Samstag
1423 155 2011 195 Neue Freie Presse.
2011 155 2484 195 6. Juli 1895
3071 153 3197 181 Seite 3
82 235 1106 282 nicht zur Ehre gereichen, die ſtolz darauf ſein kann, daß ſie
83 273 1105 320 Jedem die Freiheit der politiſchen Erwägung wahrt. Die
83 311 1106 358 Einigkeit aller czechiſchen Abgeordneten im
84 344 1106 396 Reichsrathe, die Einigkeit des geſammten czechi⸗
83 388 1106 440 ſchen Volkes gerade in dieſem Augenblicke iſt eine Forderung,
82 426 1105 472 welche die czechiſchen Abgeordneten an die czechiſche Oeffentlichkeit
83 465 1105 512 mit Recht ſtellen können, und deren Erfüllung Niemandem die
82 504 1105 550 Verleugnung ſeiner Ueberzeugung auferlegt, wenn er will, daß es
82 539 604 587 dem czechiſchen Volke wohl ergehe.
133 621 1065 671 Verſchiebung des Stapellaufes der „Wien“.
340 673 840 701 (Telegramm der „Neuen Freien Preſſe“.)
160 706 1106 752 Trieſt, 6. Juli. In Folge der herrſchenden heftigen
85 744 1108 790 Bora mußte der für heute Vormittags anberaumte Stapel⸗
84 783 1106 829 lauf des Küſtenvertheidigungsſchiffes „Wien“ verſchoben
84 821 1106 867 werden. Geſtern Abends nach Sonnenuntergang erhob ſich ein
83 860 1106 906 heftiger boraähnlicher Wind, welcher ſchwere Wolkenmaſſen auf⸗
83 898 1105 944 trieb. Es ſtellte ſich ein heftiger Gewitterregen ein, welcher bis
83 937 1108 983 heute Morgens andauerte. Das Meer iſt ſtark bewegt. Der
84 975 1107 1022 orcanartige Sturm hat auf dem Feſtplatze arg ge⸗
84 1014 1107 1061 hauſt, den Pavillon beſchädigt, Stangen und Wimpel umgeſtürzt
84 1045 1105 1098 und große Unordnung hervorgerufen. Heute Früh entſchloß man
83 1091 1105 1138 ſich, die Ceremonie des Stapellaufes auf morgen zu ver⸗
83 1130 1106 1172 ſchieben, da die Direction des Stabilimento tecnico
82 1168 1107 1212 keine Gewähr für das Gelingen übernehmen könnte. Der ſtarke
83 1206 1106 1252 Wind weht landeinwärts, und es war Gefahr vorhanden, daß das
85 1244 1107 1289 Schiff gegen das Ufer geſchleudert werden würde. Heute Abends
84 1278 1106 1329 findet, wenn es das Wetter, das Vormittags noch immer un⸗
84 1322 1102 1368 günſtig iſt, zuläßt, eine Garden party beim Podeſtà ſtatt
2244 1217 2489 1269 REGISTRIRTE SCHUTZMARKE
528 1370 662 1411 * * *
161 1414 1107 1464 Von Seite der nach Trieſt entſendeten Deputationen
84 1453 1107 1499 der Stadt Wien iſt an den Bezirkshauptmann v. Friebeis
85 1492 1107 1537 ein Telegramm eingelangt, in welchem berichtet wird, daß die
85 1531 1107 1577 Deputation durch den Podeſtà auf dem Bahnhofe empfangen
86 1569 1108 1617 und in die Stadt geleitet wurde; Landesausſchuß Angeli
84 1608 1109 1653 diente der Deputation als Cicerone und führte ſie in die ſtädti⸗
85 1646 1108 1691 ſchen Muſeen. Die Wiener fanden überall die freundlichſte und
85 1685 1108 1736 ehrenvollſte Aufnahme. Sie machten ihre Beſuche bei dem Statt⸗
86 1723 1109 1770 halter R. v. Rinaldini, dem Admiral Baron Sterneck, dem
85 1762 1108 1807 Podeſtà Dr. Pitteri und beim Handelskammer⸗Präſidenten Baron
85 1800 1109 1846 Reinelt. Abends begab ſich die Deputation zum Bahnhof,
86 1839 1109 1885 um den Grafen Hanns Wilczek und die Gräfin Anaſtaſia
87 1877 1109 1925 Kielmansegg zu erwarten. Sodann fand ein gemeinſchaft⸗
86 1917 862 1961 liches Souper der genannten Perſönlichkeiten ſtatt.
246 1997 948 2045 Der Cabinetswechſel in Serbien.
353 2048 846 2077 (Telegramm der „Neuen Freien Preſſe“.)
172 2080 1111 2128 Belgrad, 6. Juli. Ein rein fortſchrittliches
89 2125 1113 2172 Cabinet mit Novakovic an der Spitze, welches mo⸗
90 2166 1111 2215 mentan allein in Combination ſteht, iſt bis zur Stunde
90 2211 1110 2257 noch nicht gebildet. Die Unterhandlungen Novakovic' mit
89 2253 1111 2301 ſeinen Parteigenoſſen dauern fort und werden auf der Baſis
88 2297 1113 2344 geführt, daß die fortſchrittliche Majorität der
87 2338 1114 2387 Skupſchtina die Votirung des neuen Finanz⸗
89 2381 1110 2429 Arrangements für den Fall zuſichere, daß der König
89 2424 1112 2472 ein rein fortſchrittliches Cabinet beruft. Die Skupſchtina,
87 2467 1109 2515 welche heute um 9 Uhr Vormittags durch Verleſung des
87 2509 1112 2558 königlichen Einberufungsſchreibens eröffnet wird, dürfte
88 2553 1113 2601 noch das demiſſionirte Cabinet auf der Miniſter⸗
88 2595 1112 2645 bank antreffen und ſich bis zur endgiltigen Austragung der
86 2640 460 2686 Miniſterkriſe vertagen.
2357 2258 2424 2309 10827
2671 2654 2806 2704 WIEN,
255 2722 926 2779 Wiener Börſe vom 6. Juli.
172 2779 1111 2821 Angeſichts der Nachrichten über die chineſiſche Anleihe hat ſich
86 2814 1114 2857 die Speculation ſehr zurückhaltend gezeigt, demzufolge der Verkehr
86 2848 1113 2891 mit internationalen Werthen im Laufe der heutigen Vorbörſe
86 2883 1112 2924 ganz geringfügig war. Deſto lebhafter waren die Transactionen in
86 2917 1114 2961 Induſtriepapieren, darunter wieder Brüxer Kohlen eine ſprunghafte
88 2948 1114 2995 Steigerung aufweiſen, doch ſind auch andere Kohlenactien, einige
87 2984 1115 3028 Bauwerthe und die Internationalen Elektricitäts⸗Aktien ſehr bedeutend
88 3016 1114 3067 im Curſe geſtiegen. Die Tendenz für Banken, Renten und Eiſenbahn⸗
87 3055 1114 3097 Actien iſt unverändert feſt geblieben, doch ſind mit Ausnahme der
82 3089 1114 3132 Unionbank⸗Actien, welche weiter geſtiegen ſind, keine bemerkenswerthen
89 3124 1114 3166 Cursänderungen eingetreten. Valuten ſind unverändert. Die Verſor⸗
88 3158 1115 3201 gung war leicht, beſonders in der Couliſſe, wo die Effecten fehlten;
89 3193 946 3234 Banken haben noch immer 5½ bis 5¾ Percent gefordert.
175 3227 1114 3267 Es notirten: Creditactien 408.50 bis 409.15, Ungariſche Credit⸗
87 3260 1115 3303 bank 400.25 bis 491, Länderbank 281.90 bis 282.30, Unionbank
88 3295 1115 3337 358.50 bis 380, Anglo⸗Bank 175.25 bis 175.50, Bankverein 168.90
89 3329 1116 3371 bis 169, Bodencredit 556 bis 556.50, Induſtriebank 137.50 bis
89 3364 1116 3406 137.75, Staatsbahn 441.15 bis 442.50, Lombarden 113 bis 113.15,
90 3398 1115 3441 Elbethalbahn 298.75 bis 299, Nordweſtbahn 295.75 bis 296, Buſch⸗
88 3432 1116 3473 tiehrader Bahn Lit. Z 573.75 bis 574, Prag⸗Duxer Bahn 113 bis
89 3467 1115 3508 113.50, Dampfſchiff⸗Actien 575, Alpine Montan⸗Actien 97.80 bis
88 3501 1117 3545 97.40, Rima⸗Muranyer 291 bis 292.25, Prager Eiſen 745, Brüxer
88 3535 1116 3578 Kohlen 343 bis 353, Kronſtädter Bergbau 344 bis 346, Trifailer
90 3570 1116 3612 175 bis 178, Allgemeine Baugeſellſchaft 116 bis 119, Union⸗Bau⸗
90 3605 1116 3646 materialien 149 bis 151, Perlmooſer 335 bis 336, Internationale
92 3639 1116 3680 Elektricitäts⸗Actien 335 bis 337, ex Coupon 4 fl., Ungariſche
91 3673 1116 3715 Elektricitäts ⸗ Actien 159.10 bis 159.40, Wagenteib⸗Actien 139.50 bis
91 3708 1117 3748 140, Zeitungs⸗Actien 156, Mai⸗Rente 101.25, Silber⸗Rente 101.45
90 3741 1116 3784 bis 101.50, Goldrente 123.85, ungariſche Kronenrente 99.90 bis 99.95,
92 3777 771 3817 Türkenloſe 83.50 bis 83.80, Marknoten 59.34.
172 3811 1117 3850 Um 11 Uhr blieben: Creditactien 408.62, Ungariſche Creditbank
91 3845 1117 3886 490.50, Unionbank 358.75, Staatsbahn 441.62, Alpine Montan⸗
92 3874 1118 3921 Actien 97.45, Brüxer Kohlen 354, ungariſche Goldrente 123.50,
91 3917 344 3954 Kaſſenoten 59.30.
180 3948 1116 3988 Die Mittagsbörſe ſetzte mit unveränderten Curſein ein.
94 3981 1118 4023 Um 12 Uhr 45 Minuten notirten: Creditactien 408.50, Ungariſche
94 4017 1118 4057 Creditbank 490.50, Länderbank 282, Unionbank 358.75, Anglo⸗Bank
94 4052 1117 4092 175.50, Bankverein 168.80, Bodencredit⸗Anſtalt 556.50, Staatsbahn
93 4086 1118 4127 441.50, Lombarden 113, Elbethalbabn 299, Nordweſtbahn 296.25,
94 4119 1119 4160 Alpine Montan⸗Actien 97.40, Rima⸗Muranyer 292.25, Prager Eiſen⸗
94 4153 1119 4195 Induſtrie 744, Brüxer Kohlen 353, Mai⸗Rente 101.20, ungariſche
95 4189 1083 4228 Goldrente 123.50, ungariſche Kronenrente 99.95, Marknoten 59.34.
181 4222 1119 4262 In Folge größerer Budapeſter Abgaben in Creditactien und
94 4255 1119 4297 luſtloſer Berliner Berichte iſt der weitere Verlauf des Geſchäftes un⸗
95 4291 1120 4331 befriedigend; nur im Schranken erhält ſich die Kaufluſt für Kohlen⸗
97 4324 1119 4366 Actien, Bauwerthe und Elektricitäts⸗Actien. Deviſen und Valuten
95 4360 1120 4401 unverändert. Brüxer Kohlen 352.50, Allgemeine Baugeſellſchaft 120.50,
94 4395 716 4434 Internationale Elektricitäts⸗Actien 339.50.
2270 4347 3210 4408 Cacao-Pulver Victor Schmidt & Söhne
2501 4428 3228 4485 bestens empfehlen. 9769
182 4440 683 4472 Um 1 Uhr 15 Minuten notirten:
95 4533 384 4566 Gem. Rente in Noten
95 4568 385 4600 Gem. Rente in Silber
95 4602 358 4640 Oeſterr. Goldrente
96 4632 386 4673 Oeſterr. Kronenrente
96 4665 349 4707 Ungar. Goldrente
97 4705 386 4741 Ungar. Kronenrente
95 4738 386 4782 Loſe vom Jahre 1860
97 4768 386 4810 Loſe vom Jahre 1864
97 4807 271 4844 Anglo⸗Bank
97 4842 260 4879 Bankverein
98 4875 378 4913 Bodencredit⸗Anſtalt
97 4906 285 4944 Kreditanſtalt
99 4943 366 4980 Ungar. Creditbank
98 4978 269 5011 Länderbank
98 5013 388 5048 Oeſterr.⸗Ungar.Bank
95 5046 259 5079 Unionbank
99 5078 288 5116 Verkehrsbank
97 5114 356 5151 Donau-Dampfſch.
422 4500 501 4533 Geld
404 4530 501 4568 101.20
403 4564 501 4599 101.50
404 4605 501 4631 124.—
404 4639 501 4666 101.55
404 4673 501 4700 123.50
420 4707 501 4735 99.95
404 4741 495 4768 157.—
405 4776 461 4803 196.—
405 4810 496 4837 175.—
405 4845 497 4872 168.80
404 4879 497 4905 556.50
404 4913 497 4940 408 35
405 4947 498 4975 490.50
405 4982 498 5009 282.40
431 5017 497 5044 1078
405 5051 497 5078 358.50
406 5084 497 5111 189—
404 5100 500 5150 575.—
501 4500 604 4533 Waare
501 4530 604 4568 101.35
501 4564 604 4599 101.65
501 4605 598 4631 124.15
501 4639 598 4666 101.65
501 4673 599 4700 123.65
501 4707 599 4735 100.05
506 4742 599 4768 157.50
507 4777 599 4803 196.50
507 4811 599 4837 175.25
507 4845 600 4871 169.20
506 4880 599 4905 557.—
505 4914 600 4940 408.60
506 4948 600 4974 490.75
507 4983 601 5009 282.70
533 5017 600 5042 1080
506 5052 600 5077 359.—
509 5086 599 5111 190.—
506 5100 601 5150 575 50
604 4530 909 4568 Buſchtiehrader Lit. B
604 4564 756 4600 Nordbahn
604 4599 810 4637 Nordweſtbahn
609 4634 805 4669 Elbethalbahn
610 4667 781 4706 Staatsbahn
610 4695 744 4738 Südbahn
608 4737 806 4773 Prager Eiſen
609 4771 711 4806 Alpine
609 4804 910 4848 Wienerberger Ziegelſ
610 4839 820 4871 Tabak⸗Actien
610 4874 761 4912 Türkenloſe
610 4908 825 4944 Deutſche Plätze
883 4924 935 4997 vista
610 4942 848 4979 London, 10 Pfd.
609 4973 873 5014 Paris, 100 Frcs.
610 5005 875 5048 K. Münz⸗Ducaten
611 5046 818 5086 Napoleonsd'or
610 5080 911 5117 Deutſche Reichsmark
611 5115 695 5146 Rubel
942 4501 1024 4528 Geld
924 4534 1024 4562 575.—
949 4569 1024 4597 3655
924 4603 1027 4630 296.25
924 4636 1025 4665 299.25
926 4671 1023 4699 441.25
925 4685 1019 4736 112.75
924 4719 1020 4771 744.—
937 4753 1021 4804 97.40
924 4790 1022 4840 371.—
923 4822 1023 4874 240.25
938 4857 1021 4908 83.—
939 4892 1020 4943 59.30
926 4925 1021 4976 121.15
940 4960 1022 5011 48.10
957 4995 1023 5046 5.68
925 5029 1027 5084 9.61½
941 5063 1024 5113 59.35
926 5101 1022 5151 1.29¾
1024 4501 1113 4528 Waare
1024 4534 1122 4562 575.50
1024 4569 1120 4597 3665
1027 4603 1121 4630 296.50
1025 4636 1121 4665 299.50
1023 4671 1121 4699 441 50
1026 4686 1123 4737 113.—
1027 4720 1124 4771 745.—
1039 4754 1125 4805 97.60
1026 4788 1126 4840 372.—
1026 4824 1125 4875 240 75
1040 4859 1127 4911 83.25
1040 4891 1126 4942 59.45
1028 4927 1127 4978 121.50
1042 4960 1128 5011 48.15
1059 4994 1123 5046 5.71
1062 5029 1125 5080 9.62
1042 5063 1127 5113 59.40
1062 5098 1128 5149 1.30
1227 230 2173 274 Curſe der Wiener Börſe um 1 Uhr 30 Minuten:
1149 266 2174 312 Creditactien 408.25, Ungariſche Creditbank 499.50, Anglo⸗Bank
1151 306 2171 350 175.—, Unionbank 358.25, Länderbank 283.70, Bankverein 168.80,
1149 342 2172 391 Staatsbahn 441.15, Lombarden 112.50, Elbethalbahn 299.25,
1148 380 2174 428 Nordweſtbahn 296.50, Dampfſchiff⸗Actien 575.—, Waffenfabrik
1148 420 2171 466 380.—, Prager Eiſen⸗Induſtrie 745.—, Tabak⸗Actien 240.25,
1149 459 2172 505 Alpine 97.40, Mai⸗Rente 101.22, ungariſche Goldrente 123.50,
1150 497 2050 542 Reichsmark 59.35, Rubel 1.29¾. Stiller und behauptet.
1227 542 2172 586 Schluß der Wiener Börſe um 2 Uhr 30 Minuten:
1151 578 2175 626 Creditactien 408.15, Ungariſche Creditbank 490.—, Anglo⸗Bank
1152 619 2172 664 175.—, Unionbank 358.50, Länderbank 283.40, Bankverein 168.80,
1149 656 2172 703 Staatsbahn 441.—, Lombarden 112.50, Elbethalbahn 299.—,
1151 695 2174 741 Dampfſchiff⸗Actien 576.—, Alpine Montan 97.25, Mai⸗Rente
1151 735 2173 780 101.22, öſterreichiſche Kronenrente 101.55, ungariſche Goldrente
1150 773 2173 817 123.50, ungariſche Kronenrente 99.95, Reichsmark 59.35.
1151 815 1339 847 Unverändert.
1234 883 2175 923 Bei der heutigen arrangementweiſen Verſorgung, welche vier
1151 916 2175 957 Tage (9., 10., 11. und 12. Juli) umfaßte, galten die folgenden Prolon⸗
1147 951 2175 991 gationsſätze: Ungariſche Creditactien 1 fl. 25 kr. bis 75 kr. Report
1150 986 2174 1026 (5⅝ bis 4⅜ Percent), Anglo⸗Bank 40 kr. bis 20 kr. Report
1150 1019 2176 1061 (6¼ bis 4⅝ Percent), Unionbank 60 kr. bis 30 kr. Report (5⅛ bis
1150 1054 2176 1096 4 Percent), Bankverein 35 kr. bis 15 kr. Report (5⅞ bis 4¼ Per⸗
1151 1088 2177 1130 cent), Länderbank 60 kr. bis 30 kr. Report (6⅜ bis 4⅞ Percent),
1152 1122 2177 1163 Mai⸗Rente 5 kr. Report bis glatt, Alpine Montan⸗Actien 10 kr. Report
1153 1156 2176 1198 bis glatt (6⅜ bis 5 Percent), Rima⸗Muranyer 80 kr. bis 60 kr. Report
1152 1194 1821 1245 (7⅛ bis 6¼ Percent).
1228 1259 2179 1304 [Telegr.] Newyork, 5. Juli. Die Börſe war an⸗
1152 1297 2178 1343 fangs ruhig, ſpäter trat Steigerung ein. Schluß feſt. Actien⸗
1151 1333 1499 1379 umſatz 195,000 Stück.
1235 1383 2176 1423 Berlin, 6. Juli, 12 Uhr — Minuten. Creditactien 253.75.
1153 1419 1712 1458 Disconto⸗Commandit 224.—. Ruhig.
1237 1460 2179 1501 Newyork, 5. Juli. (Kabel⸗Telegramm. — Schluß.)
1154 1493 2179 1536 Wechſel auf London 4.88¾. Wechſel auf Berlin per 400 Mark (60
1154 1527 2179 1568 Tage Sicht) 95 9/10. Wechſel auf Paris 5.15⅝. London Cable Trans⸗
1154 1562 2179 1604 fers 4.90. Denver Prefered 47½. Illinois Centralbahn 97¼. Lake
1155 1597 2180 1638 Shore Actien 149 ex. Louisville & Naſhville 58⅝. Newyork Lake
1153 1633 1907 1673 Erie Shares 10¼. Union Pacific 13. Silber 66⅝.
1529 1710 1815 1749 Wien, 6. Juli.
1232 1752 2182 1798 [Galiziſche Karpathen⸗Petroleum⸗Actien⸗
1154 1791 2179 1836 Geſellſchaft.] Amtlich wird gemeldet: Der Miniſter des
1154 1829 2178 1872 Innern hat im Einvernehmen mit den Miniſterien des Acker⸗
1155 1868 2178 1912 baues, der Finanzen, des Handels und der Juſtiz den Herrn John
1156 1906 2179 1950 Simeon Bergheim und William Henry Mac Garvey als
1156 1938 2180 1990 öffentlichen Geſellſchaftern der Firma Bergheim & Mac Garvey
1155 1983 2182 2029 in Mariampol die Bewilligung zur Errichtung einer Actien⸗
1156 2022 2180 2066 Geſellſchaft unter der Firma: Galiziſche Karpathen⸗Petroleum⸗
1155 2061 2181 2106 Actien⸗Geſellſchaft vormals Bergheim & Mac Garvey (polniſch:
1156 2100 2182 2143 Galicyjskie Karpackie naftowe Towarzystwo dawniej Bergheim
1155 2138 2181 2183 & Mac Garvey) mit dem Sitze in Mariampol, Bezirk Gorlice,
1156 2180 1759 2221 ertheilt und deren Statuten genehmigt.
1396 2259 1937 2319 Waarenberichte.
1229 2322 2182 2368 Wien, 6. Juli. [Orig. ⸗ Ber.] (Spiritus.) Die
1155 2361 2182 2406 Preiſe haben ſich heute behauptet. Prompter Contingent⸗Spiritus
1155 2400 2180 2445 wurde zu fl. 17.30 verkauft und ſchließt fl. 17.30 Geld,
1157 2444 1398 2482 fl. 17.40 Brief.
1227 2485 2181 2530 — (Börſe für landwirthſchaftliche Producte.)
1157 2523 2182 2568 Das regneriſche Wetter und vereinzelte Regenmeldungen aus
1157 2562 2182 2607 Ungarn haben trotz ausnahmslos flauer Auslandsberichte einen
1156 2598 2182 2647 weiteren Rückgang aufgehalten. Umgeſetzt wurden: Herbſtweizen
1155 2639 2183 2685 zu fl. 7, fl. 7.04 und fl. 7.01, Frühjahrsweizen zu fl. 7.35 und
1157 2678 2183 2723 fl. 7.38, Herbſtkorn zu fl. 6, fl. 6.03 und fl. 6.01, Herbſthafer
1157 2716 2182 2761 zu fl. 6 und fl. 6.02, Juli⸗Auguſt⸗Mais zu fl. 6.21, fl. 6.27
1156 2754 2181 2799 und fl. 6.26, September⸗October⸗Mais zu fl. 6.32 und fl. 6.38,
1157 2792 2182 2837 Neumais zu fl. 5.30 und fl. 5.31. Auguſt⸗September⸗Raps
1156 2837 1638 2874 notirte fl. 10.30 bis fl. 10.40.
1234 2870 2184 2914 Auf dem Effectivmarkte ſind Weizen, Korn und Mais 10
1158 2908 2183 2954 bis 15 kr., Hafer 5 bis 10 kr. billiger als vor acht Tagen, das
1158 2949 1885 2994 Geſchäft aber in allen Artikeln ganz belanglos.
1235 2994 2183 3040 — (Waarenbörſe.) Neueſte Waarendepeſchen: Prag
1158 3033 2182 3081 (Zucker): Rohzucker ab Auſſig fl. 12¾, neue Campagne fl. 13.35,
1158 3064 2183 3116 Raffinade ab Prag fl. 27.50. — Nach der Licht'ſchen Analyſe
1159 3109 2183 3157 beträgt das Durchſchnittsgewicht der Rübe mit Blättern 327
1159 3142 2182 3193 Gramm, ohne Blätter 64 Gramm, der Zuckergehalt 7·06 Percent,
1158 3187 2183 3231 der Quotient 64·77 Percent (gegen 322 und 74 Gramm, be⸗
1158 3225 2183 3271 ziehungsweiſe 8·17 und 65·9 Percent zur Zeit 1894). Die ein⸗
1158 3264 2183 3310 getretenen Regen erwieſen ſich vortheilhaft. Die ſichtbaren Welt⸗
1158 3302 2184 3347 vorräthe umfaſſen 2.145,000 Tonnen (um 795,000 Tonnen
1159 3341 2184 3387 mehr als zur Zeit des Vorjahres). — Hamburg (Kaffee): Per
1159 3379 2183 3425 Juli 73½, per September 73¾, per December 72¼, Werth
1160 3423 1546 3465 in Pfennigen per Pfund.
1235 3500 2101 3548 Telegramm der „Neuen Freien Preſſe“.
1231 3549 2183 3594 Hamburg, 6. Juli, [Mitgetheilt von Friedrich Schönau
1159 3587 2184 3632 in Wien.] (Rohzucker.) Per Juli 9.85, per Auguſt 10.—,
1158 3626 2185 3671 per September 10.07, per October⸗December 10.40, per Januar⸗
1158 3664 2184 3711 März 1896 10.72, Werth in Reichsmark per 50 Kilogramm
1160 3708 1567 3748 ſ. o. b. Hamburg. Ruhig.
1233 3785 2110 3833 Telegramme des Correſpondenz⸗Bureau.
1245 3832 2183 3874 Stettin, 5. Juli. Weizen per Juli⸗Auguſt 147.—, per Sep⸗
1157 3868 2184 3907 tember⸗October (neue Uſance) 148.50. Roggen per Juli⸗Auguſt 121.50,
1160 3901 2184 3942 per September ⸗ October (neue Uſance) 124.50. Rüböl per Juli
1160 3935 2183 3976 43.50, per September-October 13.75. Spiritus (mit 70 Mark Conſum⸗
1161 3977 1429 4010 ſteuer) loco 37.—.
1247 4012 2184 4053 Havre, 5. Juli. (Schluß.) Kaffee. Santos Good
1162 4050 1807 4088 Average per Juli 92.—, per October 90.—.
1245 4089 2186 4131 London, 5. Juli. Rübenzucker 9¾, Javazucker 11¾, ſtetig.
1247 4133 1967 4173 Mancheſter, 5. Juli. (Garnmarkt.) Ruhig.
1246 4173 2186 4213 Newyork, 5. Juli. (Productenmarkt.) Baumwolle in
1161 4206 2186 4249 Newyork 7⅛, per October 6.97, per November 6.99. Baumwolle in
1162 4241 2188 4284 New⸗Orleans 6 11/16. Raffinirtes Petroleum Standard White in New⸗
1164 4275 2186 4318 york per Juli 7.80. Standard White in Philadelphia per Juli
1163 4310 2188 4352 7.75. Rohwaare per Juli —. United Pipe Line Certificates per
1164 4344 2188 4386 Auguſt 1.42. Mehl 3.10. (Marke „Spring Elears“). Weizen loco 74⅜,
1162 4379 2189 4421 per Juli 73¼, per Auguſt 73⅞, per December 74⅜. Mais per
1163 4414 2188 4455 Auguſt 49½, per September 50⅜. Zucker Fair Refining Muscovados
1163 4447 2187 4489 2⅞. Rio⸗Kaffee Nr. 3 15¾. Schmalz Marke Wilcox 6.67. Ge⸗
1162 4481 2187 4523 treidefracht 1⅛. Schmalz Marke Fairbanks 6.95. Tageszufuhren
1163 4523 1343 4554 1000 Ballen
2245 4567 3095 4633 10854 Depot hygienischer Artikel.
2514 4600 2966 4656 Pariser Gummiwaarenlager
2243 4651 3224 4714 J. REIF, Specialist, Wien, I., Brandstätte Nr. 3.
2437 4693 2997 4750 Probesendungen zu 2, 3, 4 und 5 fl.
2554 4719 2889 4775 Discreter Versandt.
1203 4583 2154 4626 Meteorologiſche Beobachtungen an der k. k. Central⸗Anſtalt für
1291 4625 2061 4666 Meteorologie. Hohe Warte, Seehöhe 202·5 Meter.
1719 4655 1832 4705 Feuchtig⸗
1726 4680 1816 4730 keit in
1745 4706 1807 4756 Per⸗
1730 4730 1813 4783 centen
1848 4665 1974 4716 Windrich⸗
1848 4692 1969 4742 tung und
1863 4718 1959 4768 Stärke
1494 4665 1699 4719 Temper. Celſius
2139 4694 2191 4763 Ozon
1365 4670 1479 4722 Luftdruck
1388 4694 1472 4746 Milli⸗
1390 4722 1466 4773 meter
2040 4676 2091 4726 Be⸗
2009 4704 2116 4754 wölkung
1160 4698 1250 4749 Datum
1264 4697 1359 4747 Stunde
1504 4708 1574 4758 beob⸗
1502 4732 1585 4783 achtete
1604 4718 1711 4771 normale
2173 4773 2193 4824 7
2176 4798 2192 4849 7
2161 4823 2192 4874 11
1962 4772 1983 4823 1
1965 4798 1981 4848 1
1964 4824 1982 4874 2
2026 4772 2106 4822 Regen
2038 4796 2096 4848 trub
2028 4822 2105 4874 Regen
1842 4774 1893 4824 NW
1841 4798 1869 4849 N
1839 4826 1895 4876 NW
1399 4775 1468 4826 744 4
1396 4801 1469 4854 743 9
1397 4827 1467 4879 743 3
1643 4775 1702 4826 23 3
1649 4800 1703 4850 18 8
1644 4827 1704 4878 17 8
1766 4774 1798 4824 94
1764 4800 1798 4851 83
1765 4827 1798 4878 87
1517 4776 1574 4826 16·2
1515 4801 1574 4851 16˙8
1515 4827 1576 4878 14˙2
1171 4778 1260 4829 5. Juli
1171 4804 1239 4859 5. „
1172 4831 1235 4885 6. „
1264 4777 1366 4828 2 U. Nm.
1263 4802 1366 4855 9 U. Abs.
1263 4828 1363 4881 7 U. Mg.
1251 4897 2190 4940 Am 5. Juli: Höchſte Temperatur: 17˙3 Grad Celſius, tiefſte
1165 4934 1875 4973 15˙1 Grad Celſius. Niederſchlag 3˙1 Millimeter.
1251 4967 2187 5008 Maximum in der Sonne: 26˙1 Grad Celſius, Minimum durch
1166 5008 1611 5042 Strahlung 13˙4 Grad Celſius.
1251 5035 2188 5077 Der Luftdruck iſt gefallen und unter dem normalen. Wind
1167 5070 2190 5111 ſchwach aus Nordweſt. Tagesmittel der Geſchwindigkeit 11 Kilometer
1166 5109 1722 5147 per Stunde. Tag regneriſch und kühl.
2303 225 3240 267 Am 6. Juli, Morgens: Temperatur 3˙6 Grad Celſius unter
2220 258 3239 303 der normalen, ſchwacher Nordweſt, Regen. Morgen⸗Minimum 14˙1 Grad
2219 298 2324 332 Celſius.
2303 324 3241 370 Am 6. Juli, Wien, Stadt, Univerſitätsplatz, 12 Uhr Mit⸗
2217 359 3240 402 tags: Temperatur 17˙3 Grad Celſius. Niederſchlag, 7 Uhr Früh:
2218 399 2436 430 3˙4 Millimeter.
2304 428 3240 471 Weſt⸗ bis Nordweſtwinde, ſehr unbeſtändig,
2218 463 3240 517 zeitweiſe regneriſch und kühl anhaltend.
2363 525 3100 582 Theater für heute, Samſtag, 6. Juli.
2217 582 3243 624 Jantſch' Wiener Volkstheater im k. k. Prater: „Ein
2252 621 2551 655 Böhm' in Amerika.“
2256 721 3207 794 Die Osterinsel. Roman v. Adolf Wilbrandt.
2232 790 2828 839 Eleg. geb. fl. 3.
2234 830 3206 872 Vorräthig in der Buchhandlung Moritz Perles, Wien, I., Seilergaſſe 4.
2234 873 3206 905 Reichhaltigſtes Lager moderner Belletriſtik. Reiſebücher. Reiſeführer. Man ver⸗
2408 900 3206 929 lange gratis und franco Reiſebrochüre fürs Coupé. 10840
2531 991 2936 1036 Flanell-Fix
2548 1045 3245 1075 iſt das einzige Gewebe aus reiner Schafwolle, welches in
2549 1071 3243 1100 der Wäsche nicht eingeht. Touristen-
2547 1098 3244 1129 Hemden aus Flanell-Fix, weiß und färbig,
2549 1123 3243 1154 unübertrefflich in Qualität, elegant, dauerhaft und
2835 1152 2956 1178 angenehm.
2639 1184 3154 1212 Alleinige Verkaufsstelle nur bei
2549 1212 3245 1253 J. Trettenhann, k. u. k. Hoflieferant, Wien.
2753 1249 3245 1280 I., Weihburggaſſe 4. 10144
2352 1329 3072 1403 KAPITALS-ANLAGEN.
2733 1416 3107 1451 Wir besorgen Käufe von
2261 1452 3200 1507 ANLAGEWERTHEN zu den coulantesten Bedingungen
2260 1492 3200 1526 und übernehmen die von nun ab
2683 1522 3202 1565 bei uns gekauften Werthpapiere
2685 1556 3202 1598 unentgeltlich in Depot, und wer⸗
2682 1599 3202 1628 den die
2258 1632 3201 1681 EVIDENZHALTUNG derselben, wodurch die Besitzer
2684 1667 3201 1711 von allen Auslosungen, Conver⸗
2681 1702 3176 1737 tirungen od. sonst. wichtigen Ver-
2683 1728 3201 1771 änderungen rechtzeitig verstän-
2683 1762 3201 1813 digt werden, kostenlos vornehmen
2716 1800 3202 1844 Alle etwa gewünschten Aus-
2679 1834 3202 1879 künfte über Kapitalsanlagen wer⸗
2682 1875 3036 1903 den in unseren beiden
2261 1905 3002 1951 WECHSELSTUBEN: I., Wollzeile 10, und
2266 1934 3114 1980 VII., Mariahilferstrasse 74 B,
2683 1976 3150 2008 kostenlos ertheilt. 10841
2532 2036 2915 2065 WECHSELSTUBEN-
2262 2071 3202 2170 Actien-Gesellschaft „MERCUR“,
2526 2164 2914 2200 WIEN, I , Wollzeile 10.
2229 2311 2742 2412 Grenadine
2762 2281 3248 2311 in Waſſer oder Sodawaſſer ſehr er⸗
2761 2307 3249 2336 friſchendes Getränk, iſt echt und unver⸗
2761 2333 3247 2361 fälſcht ausſchließlich zu haben bei der
2761 2358 3248 2389 Amſterdamer Liqueur ⸗ Fabriks⸗
2761 2383 3245 2414 Commandit⸗Geſellſchaft in Möd⸗
2763 2411 3247 2441 ling. Bureau in Wien, I., Wollzeile 8.
2280 2496 3196 2573 Einſiede- und Conſervengläſer
2561 2576 2916 2612 neueſter Syſteme von
2253 2624 3221 2666 J. Schreiber & Neffen
2344 2709 3130 2747 IX. Bez., Liechtensteinstrasse Nr. 22—24.
2477 2749 3221 2784 Preiscourante gratis und franco. 9671
2230 2842 2949 2958 Tägliches Waschen
2961 2838 3249 2867 mit Wiener Hochquellen⸗
2967 2855 3249 2906 Sodawasser
2963 2907 3248 2937 macht die Haut zart und
2961 2934 3249 2961 fein. Aerztlich empfohlen.
2729 3011 3187 3065 Blitzableiter
2778 3073 3126 3099 vorzüglichste Construction,
2695 3101 3239 3157 Telegraphen,
2795 3183 3108 3234 Telephonanlagen,
2255 3243 3205 3292 Installation elektrischer Beleuchtungen,
2396 3286 3202 3320 garantirt solid fachgemäss ausgeführt, besorgt billigst 9914
2281 3321 3178 3389 DECKERT & HOMOLKA, WIEN,
2326 3389 3133 3434 I., Kärntnerstrasse 46, IV., Favoritenstrasse 34.
2890 3544 3106 3578 Einlösung von Gold und Silber, Münzen, Borten
2445 3581 3037 3621 G. A. Scheid'sche Affinerie.
2230 3622 3247 3654 Gold- und Silber-Gekrätz-, Legir- und Scheide-Anstalt
2313 3654 3247 3698 Wien, VI. Bez., Gumpendorferstrasse Nr. 85. 10821
2604 3746 2950 3812 Friedr. Wilhm. KRÖNIG & SÖHNE,
2418 3825 3066 3865 Schloss Harta b. Hohenelbe, Böhmen,
2257 3879 3224 3935 Möbelplüsch - Fabrikanten.
2550 3917 3248 3966 Etablirt Anno 1720. 10656
2501 4020 2806 4047 Die beſten, dauerhafteſten und leichteſten
2234 4052 3247 4126 Garten-Druckschläuche
2298 4135 3185 4179 sind Calmon's rothe Universalschläuche A.
2231 4173 3249 4208 Dieſelben ſind außerordentlich leicht, brechen nicht, werden nicht hart, vertragen
2333 4198 3250 4233 hohen Druck und rohe Behandlung und ſind bequem zu handhaben. 10423
2231 4227 3247 4273 Zu beziehen von E. Munk, Wien, I., Rathhausſtraße 15.
2237 4851 2665 4881 Das Depot hygienischer Artikel von
2526 4878 2937 4968 Sigi Ernst
2565 4971 2814 4994 befindet sich nach wie vor
2378 4998 3079 5066 Wien, Kärntnerstrasse Nr. 45,
2507 5049 3240 5092 und Paris, 11 rue Martel. 10403
