2763 3576
149 219 398 266 1. Juli 1911.
891 230 1406 286 Illustrierte Kronen=Zeitung.
1767 249 2130 297 Nr. 4130. Seite 7.
103 287 1112 354 weise verbreitet werden. Bisher habe ich geschwiegen.
101 330 1111 396 Denn ich lehnte es ab, denen zu antworten, die mich ver¬
99 372 1113 440 leumdeten. Man hat mir jetzt aber nahe gelegt, daß meine
99 417 1112 483 Söhne bald in ein Alter kommen, wo man ihnen diese
97 459 1110 527 Verleumdungen mitteilen wird und daß es nun meine
95 503 1108 572 Pflicht als Mutter ist, die wahren Gründe mitzuteilen,
94 547 1107 614 die mich veranlaßten, Dresden zu verlassen und die zu
93 590 1107 658 meiner Verbannung aus Sachsen führten. Das ist mein
91 636 1105 702 hauptsächlichstes Motiv, um meine eigene Darstellung der
91 678 1104 745 Geschehnisse zu veröffentlichen. Ich wünsche auch, daß
89 723 1102 790 künftige Geschichtsschreiber der Häuser Habsburg und
87 767 1101 833 Sachsen die Irrtümer nicht fortsetzen, mit der Begrün¬
86 811 1099 877 dung, daß ich gegen sie keinen Einspruch erhoben hätte.
85 854 1099 921 Ich wünsche schließlich, gegen die Annahme zu protestieren,
84 898 1098 965 als sei ich die Verfasserin der „Bekenntnisse einer Prin¬
85 942 1097 1008 zessin". Ich schrieb weder das Werk, noch lieferte ich
83 986 1095 1051 direkt oder indirekt irgend etwas von dem Material, das
82 1030 1093 1095 es enthält, und ich verstehe nicht, wie man glauben könnte,
82 1073 1093 1139 daß irgend ein Weib solch' eine empörende Geschichte ihrer
80 1115 1091 1183 Liebesverhältnisse zu schreiben imstande sei. Luise von
79 1161 1029 1221 Toscana, ehemalige Kronprinzessin von Sachsen."
177 1215 1091 1271 (Akademischer Medailleur Josef Kleinert †.) Gestern
80 1256 1088 1319 wurde hier der akademische Medailleur und Wappengraveur
80 1300 1087 1360 Josef Kleinert zu Grabe getragen. Josef Kleinert war
77 1342 1086 1403 zu Wien am 24. Dezember 1824 geboren und eines der noch
79 1385 1085 1445 wenigen lebenden Mitglieder der akademischen Legion des
356 2603 660 2645 KLEINERT
46 2667 1053 2730 Jahres 1848. Er war mit einer ihm vor nahezu fünf Dezen¬
46 2711 1053 2774 nien im Tode vorausgegangenen Tochter des Medailleurs und
45 2755 1051 2815 Direktors der Graveurakademie des k. k. Münzamtes Josef
43 2799 1049 2863 Daniel Böhm vermählt. Josef Kleinert war Bürger von Wien
44 2844 1047 2908 und Mitglied der Pensionsgesellschaft der bildenden Künstler
43 2888 208 2922 von Wien.
121 2934 1050 3001 (Eine griechische Hochzeit in Wien.) In der griechi¬
41 2975 1049 3045 schen Kirche auf dem Fleischmarkt hat vorgestern die
38 3019 1045 3089 Trauung des Herrn Dr. Peter Mavromichalis.
36 3063 1043 3135 Sohnes des ehemaligen griechischen Ministerpräsidenten,
35 3104 1044 3181 mit Fräulein Aristi Achillopulos stattgefunden. Die
34 3152 1044 3226 Trauung hatte einen ganz modernen Anstrich: alle
34 3197 1040 3271 Herren erschienen im Gehrock, die Damen in Straßen¬
33 3242 1040 3316 toilette, nur die Braut trug ein weißes Kleid mit langer
33 3286 1039 3360 Schleppe und prachtvollen alten Spitzen. Herrlicher Ge¬
31 3331 1037 3405 sang ertönte; es waren Mitglieder des Wiener Hofopern¬
28 3375 1035 3451 chores, die sangen und zum Schluffe die griechische Na¬
1150 307 2167 373 tionalhymne anstimmten. Herr Achillopulos hat nun die
1149 352 2163 418 dritte Tochter in Wien verheiratet; auch ihre beiden
1149 398 2165 463 älteren Schwestern haben sich hier vermählt. In der
1147 443 2162 509 Familie Achillopulos ist man von der für unsere Stadt
1145 485 2162 554 schmeichelhaften Ansicht durchdrungen, das Heiraten
1144 533 2160 598 in Wien bringe Glück. So bleibt nur zu wünschen,
1144 578 2159 644 daß auch die neue Ehe die Familie in dieser ihrer Ansicht
1144 625 1733 678 bestärken möge.
1222 675 2153 742 (Zwei deutsche Frauen in London verschwunden.)
1138 720 2153 786 Am Montag sind in London zwei dort eingetroffene
1138 765 2151 830 deutsche Frauen, Franziska Vogt, die Witwe eines
1136 807 2152 873 reichen Bremer Kaufmannes, und deren Begleiterin mit
1134 853 2150 918 dem Vornamen Lena, verschwunden, ohne daß von
1134 896 2150 961 beiden Frauen bisher eine Spur aufzufinden war. Die
1132 941 2147 1005 Erhebungen ergaben, daß Frau Vogt am Montag ihren
1131 985 2148 1049 in Cronchill wohnenden Sohn besuchte und gerade
1130 1028 2145 1094 daselbst ankam, als dieser von Cronchill abreisen wollte.
1127 1073 2145 1138 Der junge Mann bat die beiden Frauen, mit ihm im
1128 1117 2144 1183 Wagen zur Station zu fahren, was auch geschah. Hier
1127 1162 2142 1227 verabschiedete sich der junge Mann und fuhr weg. Von
1126 1205 2140 1270 diesem Zeitpunkte an sind die beiden Damen ver¬
1124 1249 2139 1314 schwunden. Da Frau Vogt wertvollen Schmuck bei sich
1123 1292 2136 1358 trug, ist es möglich, daß Verbrecher der nicht englisch
1122 1337 2134 1402 sprechenden Frau gefolgt waren, sie in ein Versteck lockten
1121 1380 1925 1435 und dort ermordeten und beraubten.
1218 1441 2133 1500 (Aufnahme in die k. und k. Kadettenschulen.) Die Auf¬
1120 1476 2132 1536 nahme von Aspiranten in den ersten Jahrgang der Kadetten¬
1120 1512 2133 1576 schulen findet mit Beginn des Schuljahres 1911/12 (Mitte
1121 1549 2131 1609 September) statt. In die höheren Jahrgänge werden Aspiranten
1119 1584 2131 1645 nur ganz ausnahmsweise aufgenommen. Die Aufnahme in den
1119 1621 2129 1679 vierten — bei der Kavallerie=, Artillerie= und Pionier-
1118 1656 2129 1717 Kadettenschule auch in den dritten — Jahrgang ist unzulässig.
1116 1692 2126 1752 Aspiranten, die die Erlangung der Fähnrich=Charge in der
1116 1728 2127 1788 Train= oder Sanitätstruppe anstreben, können in eine beliebige
1114 1763 2127 1824 Kadettenschule eintreten und werden erst nach Absolvierung des
1113 1799 2126 1860 dritten Jahrganges nach Maßgabe des Bedarfes in den
1111 1834 2125 1896 Infanterie=Kadettenschulen in Budapest und Prag vereinigt.
1109 1870 2125 1932 Die Aufnahmsbedingungen nebst Muster eines Gesuches, das
1110 1904 2123 1968 bis zum 12. Juli, beziehungsweise 15. August zu überreichen
1110 1940 2122 2003 ist, finden unsere Leser im Auskunftskalender 5. Teil für
1109 1977 2119 2039 Militärangelegenheiten, der bei Einsendung von 30 h in Brief¬
1108 2015 2118 2078 marken an die Administration der „Illustr. Kronen=Zeitung",
1110 2051 1961 2108 9. Bez., Pramergasse 28, portofrei zugeschickt wird.
1191 2106 2116 2171 (Der Held von Port Arthur als Schuldirektor.)
1106 2148 2117 2214 General Nogi, der Held von Port Arthur, ist in Tokio
1102 2192 2116 2259 zum Leiter einer Volksschule gewählt worden und soll als
1103 2232 2111 2301 solcher täglich zehnjährigen Knaben Unterricht erteilen.
1100 2279 2113 2348 Die japanische Staatsverwaltung wollte durch diese Er¬
1100 2325 2111 2389 nennung vor dem ganzen Volke die Wichtigkeit des
1098 2368 2109 2434 Jugendunterrichtes betonen. In der japanischen
1098 2411 2108 2478 Presse wird auch darauf hingewiesen, daß der deutsche
1095 2455 2106 2520 Generalfeldmarschall Graf Haeseler jüngst die Ver¬
1094 2499 2106 2566 tretung eines beurlaubten Schullehrers persönlich über¬
1094 2544 1326 2586 nommen hat.
1193 2594 2100 2653 (Eine Gedenktafel im Stadlwandgraben.) Zum An¬
1092 2629 2100 2689 denken an Fräulein Berta Wondraschek, den Studenten
1091 2665 2099 2725 Karl Mayer und den Ingenieur Heinrich Renezeder,
1092 2702 2098 2763 die am 26. Juni 1910 in der Stadlwand abgestürzt sind und
1091 2737 2098 2798 dabei den Tod fanden, wurde im Stadlwandgraben, nahe der
1088 2773 2094 2836 Unfallstelle eine Gedenktafel errichtet, welche heute nachmit¬
1087 2809 1843 2863 tags in feierlicher Weise enthüllt werden wird.
1189 2856 2088 2913 (Behördliche Schließung eines Auswandererbureaus.)
1084 2889 2093 2950 Wir werden um Aufnahme folgender Zuschrift ersucht: „Das
1083 2924 2091 2985 Auswanderungsbureau „Universale" in der Leopoldstadt,
1082 2958 2090 3019 Große Stadtgukgasse, das dem ehemaligen Abgeordneten Ritter
1082 2995 2091 3056 v. Onciul gehörte, wurde nicht, wie es hieß, wegen ver¬
1081 3029 2091 3093 schiedener Uebergriffe behördlich geschlossen. Die Sperrung ist
1077 3065 2088 3125 aus gewerblichen Gründen erfolgt und hatte mit einer an¬
1078 3099 2087 3162 geblich am 2. Mai erstatteten Anzeige nichts zu tun. Das
1080 3135 2086 3198 „Universale"=Reisebureau besitzt, wie irrig behauptet wurde,
1077 3169 2086 3230 weder in Galizien, noch in Ungarn, Rumänien oder Sieben¬
1075 3204 2084 3270 bürgen einen Agenten und Zutreiber. Die Auswanderer haben
1073 3240 2082 3301 auch niemals von Agenten sogenannte Arbeiterkarten um den
1073 3276 2081 3340 vollen Fahrpreis bezahlen müssen, bei denen der Agent mehr
1072 3311 2081 3375 als zwei Drittel verdient hätte und der Staat betrogen worden
1071 3346 2080 3410 wäre. Keiner der Auswanderer wollte zu einer anderen Gesell¬
1069 3382 2078 3443 schaft übergehen, keiner war unbotmäßig und wurde, wie
1066 3417 2075 3479 grundlos behauptet wurde, geschlagen. Es ereignete sich nie der
2216 304 2570 384 Auskünfte.
2231 378 2591 439 Josefine 69. Man reib
2199 428 2589 475 den Fleck mit Schmal
2198 465 2587 510 oder Butter ein, läß
2200 501 2586 547 einige Zeit liegen, reib
2197 536 2585 580 dann mit Seife ein und
2198 570 2585 618 wäscht abwechseind m
2197 607 2583 654 Wasser und Terpentinö
2195 650 2262 676 aus.
2232 698 2583 740 Wissenschaft, Wolfsan¬
2194 732 2589 776 gasse. 1. Wir würden
2191 768 2589 813 Ihnen raten, sich dem
2192 804 2588 848 elektrischen Berufe zu
2191 835 2588 882 widmen. Lesen Sie die
2188 874 2587 919 Auskunft im Auskanits¬
2190 910 2586 951 kalender 4. Teil, der
2188 941 2585 991 Ihnen bei Einsendung
2189 980 2582 1023 von 25 h in Briefmarken
2186 1015 2586 1066 portofrei zugeschickt wird.
2184 1052 2583 1096 — 2. Jeder der Einsen¬
2181 1087 2582 1129 der wollte einen Preis er¬
2181 1122 2582 1167 halten und das war nicht
2175 1157 2582 1203 durchzuführen.— 3. Ueber
2183 1193 2584 1239 „Beseitigung von Mit¬
2181 1228 2577 1276 essern und Wimmerln"
2179 1264 2583 1307 finden Sie eine Aus¬
2177 1299 2572 1344 kunft im Auskunfts¬
2176 1334 2571 1377 kalender 1. Teil, der
2173 1369 2571 1419 Ihnen bei Einsendung
2174 1404 2570 1447 von 25 h in Briefmarken
2174 1440 2573 1486 portofrei zugeschickt wird
2212 1492 2571 1537 Unerfahren, E. R. Sie
2174 1528 2572 1574 erhalten im Bureau in
2171 1565 2571 1608 der Schulerstraße die ge¬
2173 1599 2573 1645 wünschten Aufklärungen.
2203 1653 2568 1693 B. K. 45. Die Rosner¬
2168 1687 2567 1731 sche Armenstistung war
2168 1722 2565 1767 heuer bis zum 1. Mai
2166 1758 2565 1802 ausgeschrieben. Ausge¬
2166 1793 2562 1838 schrieben ist jetzt unter
2165 1828 2561 1870 vielen anderen Stiftun¬
2162 1864 2559 1907 gen die Wilhelm Ritter
2165 1898 2559 1942 v. Lucamsche Stiftung
2160 1935 2559 1978 zur Unterstützung er¬
2159 1970 2558 2013 werbsunfähiger Wiener.
2159 2005 2556 2048 Letzter Tag zur Ueber¬
2159 2041 2556 2083 reichung des Ansuchens
2158 2075 2556 2116 15. Juli. Alles Nähere
2157 2110 2555 2153 über diese Stiftung fin¬
2156 2146 2553 2189 den Sie im Auskunfts¬
2155 2184 2553 2227 kalender 1. Teil, der
2153 2218 2560 2264 Ihnen bei Einsendung
2153 2255 2550 2297 von 25 h in Briefmarken
2153 2289 2552 2333 portofrei zugeschickt wird.
2199 2344 2549 2385 Rauchfangkehrer, Wi¬
2146 2377 2545 2420 derhofergasse. Es ist nicht
2150 2413 2543 2457 strafbar, wenn Sie sich
2147 2449 2542 2486 mit einer 10 K=Note eine
2145 2482 2541 2526 Zigarre anzünden. Wenn
2143 2517 2541 2558 Sie die Banknote ver¬
2143 2553 2539 2597 brennen, schenken Sie
2143 2588 2539 2634 der Oesterr.=ungar. Ban
2146 2625 2541 2684 10 K.
2179 2677 2537 2721 Adele Fitz. Heidelbeer¬
2139 2710 2535 2757 wein: Ganz reife Heidel¬
2137 2746 2534 2792 beeren werden zerdrückt
2136 2782 2532 2826 und etwas Hollunder¬
2135 2816 2531 2862 blüten, Nelken und Zimt
2134 2852 2531 2898 zugesetzt; dies läßt man
2135 2887 2529 2934 einige Tage stehen, preßt
2132 2923 2527 2967 dann den Saft durch
2130 2957 2526 3005 Leinwand und füllt ihn
2131 2992 2526 3041 in ein mit Muskatnuß
2128 3030 2525 3075 ausgebranntes Fäßchen
2131 3064 2524 3110 Für jedes Kilogramm
2130 3099 2525 3144 Saft setzt man 5/8 Kilo¬
2127 3135 2525 3180 gramm Zucker zu. Nach
2126 3164 2526 3216 erfolgter Gährung ziehl
2125 3207 2521 3250 man auf ein anderes
2123 3237 2524 3285 Fäßchen ab, schüttet ein
2123 3276 2516 3320 Viertel bis ein Fünftel
2121 3311 2515 3355 Traubenwein dazu und
2121 3345 2516 3391 füllt den Wein nach
2119 3381 2513 3427 einigen Tagen auf Fla¬
2116 3415 2514 3461 schen, die gut verkorkt
2114 3452 2233 3483 werden.
