<?xml version="1.0" encoding="UTF-8"?>
<PcGts xmlns="http://schema.primaresearch.org/PAGE/gts/pagecontent/2013-07-15" xmlns:xsi="http://www.w3.org/2001/XMLSchema-instance" xsi:schemaLocation="http://schema.primaresearch.org/PAGE/gts/pagecontent/2013-07-15 http://schema.primaresearch.org/PAGE/gts/pagecontent/2013-07-15/pagecontent.xsd">
  <Metadata>
    <Creator>University of Innsbruck</Creator>
    <Created>2018-11-29T10:53:16.275+01:00</Created>
    <LastChange>2019-02-01T11:36:30.485+01:00</LastChange>
    <Comments>
                Measurement unit: pixel
                PrimaryLanguage: German
                Language: GermanStandard
                Producer: https://transkribus.eu/Transkribus/</Comments>
    <TranskribusMetadata docId="126495" pageId="4784982" pageNr="9" tsid="7883170" status="GT" userId="206" imgUrl="https://files.transkribus.eu/Get?id=NKULZNEJLJIVCXMENJEBSSOZ&amp;fileType=view" xmlUrl="https://files.transkribus.eu/Get?id=FVZSFHQZMAARBHRCSVUVGJZI" imageId="2199517"/>
  </Metadata>
  <Page imageFilename="ONB_aze_19110701_002.jpg" imageWidth="3598" imageHeight="5367">
    <PrintSpace>
      <Coords points="0,0 3598,0 3598,5367 0,5367"/>
    </PrintSpace>
    <ReadingOrder>
      <OrderedGroup id="ro_1567004076706" caption="Regions reading order">
        <RegionRefIndexed index="0" regionRef="r_1_1"/>
        <RegionRefIndexed index="1" regionRef="r_2_1"/>
        <RegionRefIndexed index="2" regionRef="r_3_1"/>
        <RegionRefIndexed index="3" regionRef="r_4_1"/>
        <RegionRefIndexed index="4" regionRef="r_5_1"/>
        <RegionRefIndexed index="5" regionRef="r_6_1"/>
        <RegionRefIndexed index="6" regionRef="r_6_2"/>
        <RegionRefIndexed index="7" regionRef="r_6_3"/>
        <RegionRefIndexed index="8" regionRef="r_6_4"/>
        <RegionRefIndexed index="9" regionRef="region_1545194981671_1"/>
        <RegionRefIndexed index="10" regionRef="r_6_5"/>
        <RegionRefIndexed index="11" regionRef="r_6_6"/>
        <RegionRefIndexed index="12" regionRef="r_7_1"/>
        <RegionRefIndexed index="13" regionRef="r_7_2"/>
        <RegionRefIndexed index="14" regionRef="r_7_3"/>
        <RegionRefIndexed index="15" regionRef="r_8_1"/>
        <RegionRefIndexed index="16" regionRef="r_9_1"/>
        <RegionRefIndexed index="17" regionRef="r_9_2"/>
        <RegionRefIndexed index="18" regionRef="r_9_3"/>
        <RegionRefIndexed index="19" regionRef="r_9_4"/>
        <RegionRefIndexed index="20" regionRef="r_9_5"/>
        <RegionRefIndexed index="21" regionRef="r_9_6"/>
        <RegionRefIndexed index="22" regionRef="r_10_1"/>
        <RegionRefIndexed index="23" regionRef="r_10_2"/>
        <RegionRefIndexed index="24" regionRef="r_10_3"/>
        <RegionRefIndexed index="25" regionRef="r_10_4"/>
        <RegionRefIndexed index="26" regionRef="r_10_5"/>
        <RegionRefIndexed index="27" regionRef="r_11_1"/>
        <RegionRefIndexed index="28" regionRef="r_11_2"/>
        <RegionRefIndexed index="29" regionRef="r_11_3"/>
        <RegionRefIndexed index="30" regionRef="r_11_4"/>
        <RegionRefIndexed index="31" regionRef="r_12_1"/>
        <RegionRefIndexed index="32" regionRef="r_12_2"/>
        <RegionRefIndexed index="33" regionRef="r_12_3"/>
        <RegionRefIndexed index="34" regionRef="r_12_4"/>
        <RegionRefIndexed index="35" regionRef="r_12_5"/>
        <RegionRefIndexed index="36" regionRef="r_12_6"/>
        <RegionRefIndexed index="37" regionRef="r_12_7"/>
        <RegionRefIndexed index="38" regionRef="r_12_8"/>
      </OrderedGroup>
    </ReadingOrder>
    <TextRegion type="paragraph" id="r_1_1" custom="readingOrder {index:0;}">
      <Coords points="866,208 1184,208 1184,261 866,261"/>
      <TextLine id="tl_1" primaryLanguage="German" custom="readingOrder {index:0;}">
        <Coords points="867,209 1183,209 1183,260 867,260"/>
        <Baseline points="867,248 978,249 1185,249"/>
        <TextEquiv>
          <Unicode>Wien, Samstag</Unicode>
        </TextEquiv>
        <TextStyle fontFamily="Times New Roman" fontSize="7.0"/>
      </TextLine>
      <TextEquiv>
        <Unicode>Wien, Samstag</Unicode>
      </TextEquiv>
    </TextRegion>
    <TextRegion type="paragraph" id="r_2_1" custom="readingOrder {index:1;}">
      <Coords points="1593,212 2002,212 2002,266 1593,266"/>
      <TextLine id="tl_2" primaryLanguage="German" custom="readingOrder {index:0;}">
        <Coords points="1594,213 2001,213 2001,265 1594,265"/>
        <Baseline points="1597,254 2002,255"/>
        <TextEquiv>
          <Unicode>Arbeiter-Zeitung.</Unicode>
        </TextEquiv>
        <TextStyle fontFamily="Times New Roman" fontSize="9.0" bold="true"/>
      </TextLine>
      <TextEquiv>
        <Unicode>Arbeiter-Zeitung.</Unicode>
      </TextEquiv>
    </TextRegion>
    <TextRegion type="paragraph" id="r_3_1" custom="readingOrder {index:2;}">
      <Coords points="2448,218 2724,218 2724,262 2448,262"/>
      <TextLine id="tl_3" primaryLanguage="German" custom="readingOrder {index:0;}">
        <Coords points="2449,219 2723,219 2723,261 2449,261"/>
        <Baseline points="2449,251 2482,253 2593,254 2723,253"/>
        <TextEquiv>
          <Unicode>1. Juli 1911</Unicode>
        </TextEquiv>
        <TextStyle fontFamily="Times New Roman" fontSize="5.5"/>
      </TextLine>
      <TextEquiv>
        <Unicode>1. Juli 1911</Unicode>
      </TextEquiv>
    </TextRegion>
    <TextRegion type="paragraph" id="r_4_1" custom="readingOrder {index:3;}">
      <Coords points="3112,220 3284,220 3284,259 3112,259"/>
      <TextLine id="tl_4" primaryLanguage="German" custom="readingOrder {index:0;}">
        <Coords points="3113,221 3283,221 3283,258 3113,258"/>
        <Baseline points="3113,256 3135,256 3283,257"/>
        <TextEquiv>
          <Unicode>Nr. 178</Unicode>
        </TextEquiv>
      </TextLine>
      <TextEquiv>
        <Unicode>Nr. 178</Unicode>
      </TextEquiv>
    </TextRegion>
    <TextRegion type="paragraph" id="r_5_1" custom="readingOrder {index:4;}">
      <Coords points="294,208 453,208 453,249 294,249"/>
      <TextLine id="tl_5" primaryLanguage="German" custom="readingOrder {index:0;}">
        <Coords points="295,209 452,209 452,248 295,248"/>
        <Baseline points="295,247 384,247 452,245"/>
        <TextEquiv>
          <Unicode>Seite 2</Unicode>
        </TextEquiv>
      </TextLine>
      <TextEquiv>
        <Unicode>Seite 2</Unicode>
      </TextEquiv>
    </TextRegion>
    <TextRegion type="paragraph" id="r_6_1" custom="readingOrder {index:5;}">
      <Coords points="515,314 991,314 991,382 515,382"/>
      <TextLine id="tl_6" primaryLanguage="German" custom="readingOrder {index:0;}">
        <Coords points="516,315 990,315 990,381 516,381"/>
        <Baseline points="516,375 745,375 990,375"/>
        <TextEquiv>
          <Unicode>Maſſen, heraus!</Unicode>
        </TextEquiv>
        <TextStyle fontFamily="Times New Roman" fontSize="15.0" bold="true"/>
      </TextLine>
      <TextEquiv>
        <Unicode>Maſſen, heraus!</Unicode>
      </TextEquiv>
    </TextRegion>
    <TextRegion type="paragraph" id="r_6_2" custom="readingOrder {index:6;}">
      <Coords points="556,398 946,398 946,428 556,428"/>
      <TextLine id="tl_7" primaryLanguage="German" custom="readingOrder {index:0;}">
        <Coords points="557,399 945,399 945,427 557,427"/>
        <Baseline points="557,425 567,425 723,423 945,426"/>
        <TextEquiv>
          <Unicode>(Von unſerem Korreſpondenten.)</Unicode>
        </TextEquiv>
      </TextLine>
      <TextEquiv>
        <Unicode>(Von unſerem Korreſpondenten.)</Unicode>
      </TextEquiv>
    </TextRegion>
    <TextRegion type="paragraph" id="r_6_3" custom="readingOrder {index:7;}">
      <Coords points="894,443 1217,443 1217,482 894,482"/>
      <TextLine id="tl_8" primaryLanguage="German" custom="readingOrder {index:0;}">
        <Coords points="895,444 1216,444 1216,481 895,481"/>
        <Baseline points="895,472 1051,475 1116,474 1216,476"/>
        <TextEquiv>
          <Unicode>Berlin, 29. Juni.</Unicode>
        </TextEquiv>
        <TextStyle fontFamily="Times New Roman" fontSize="5.5"/>
      </TextLine>
      <TextEquiv>
        <Unicode>Berlin, 29. Juni.</Unicode>
      </TextEquiv>
    </TextRegion>
    <TextRegion type="paragraph" id="r_6_4" custom="readingOrder {index:8;}">
      <Coords points="240,492 1251,492 1251,1270 240,1270"/>
      <TextLine id="tl_9" primaryLanguage="German" custom="readingOrder {index:0;}">
        <Coords points="346,493 1250,493 1250,541 346,541"/>
        <Baseline points="348,529 400,529 585,530 746,530 824,530 928,531 1116,532 1250,532"/>
        <TextEquiv>
          <Unicode>In Preußen werden in den nächſten Tagen</Unicode>
        </TextEquiv>
        <TextStyle fontFamily="Times New Roman" fontSize="6.5"/>
      </TextLine>
      <TextLine id="tl_10" primaryLanguage="German" custom="readingOrder {index:1;}">
        <Coords points="242,536 1249,536 1249,583 242,583"/>
        <Baseline points="242,570 263,570 434,574 1089,575 1248,576"/>
        <TextEquiv>
          <Unicode>überall Verſammlungen abgehalten werden,</Unicode>
        </TextEquiv>
      </TextLine>
      <TextLine id="tl_11" primaryLanguage="German" custom="readingOrder {index:2;}">
        <Coords points="243,579 1249,579 1249,626 243,626"/>
        <Baseline points="243,613 279,614 404,614 487,614 590,614 676,616 810,616 924,616 1017,616 1084,617 1111,618 1149,618 1179,618 1219,617 1249,618"/>
        <TextEquiv>
          <Unicode>in denen das Volk ſein Urteil über die neueſte</Unicode>
        </TextEquiv>
        <TextStyle fontFamily="Times New Roman" fontSize="6.5"/>
      </TextLine>
      <TextLine id="tl_12" primaryLanguage="German" custom="readingOrder {index:3;}">
        <Coords points="245,623 1249,623 1249,668 245,668"/>
        <Baseline points="243,656 576,657 1151,660 1249,660"/>
        <TextEquiv>
          <Unicode>ſchimpfliche Wahlrechtskomödie des</Unicode>
        </TextEquiv>
        <TextStyle fontFamily="Times New Roman" fontSize="6.5"/>
      </TextLine>
      <TextLine id="tl_13" primaryLanguage="German" custom="readingOrder {index:4;}">
        <Coords points="246,664 1249,664 1249,712 246,712"/>
        <Baseline points="246,699 280,699 978,703 1115,704 1249,703"/>
        <TextEquiv>
          <Unicode>Dreiklaſſenhauſes abgeben wird. Aller</Unicode>
        </TextEquiv>
      </TextLine>
      <TextLine id="tl_14" primaryLanguage="German" custom="readingOrder {index:5;}">
        <Coords points="244,708 1249,708 1249,756 244,756"/>
        <Baseline points="244,742 352,741 457,741 539,742 716,743 955,745 1123,746 1249,746"/>
        <TextEquiv>
          <Unicode>Orten wird ſich empörter Widerſpruch erheben gegen</Unicode>
        </TextEquiv>
        <TextStyle fontFamily="Times New Roman" fontSize="6.5"/>
      </TextLine>
      <TextLine id="tl_15" primaryLanguage="German" custom="readingOrder {index:6;}">
        <Coords points="244,750 1248,750 1248,798 244,798"/>
        <Baseline points="244,784 306,784 469,786 588,786 902,788 1155,788 1248,789"/>
        <TextEquiv>
          <Unicode>das Treiben jener nichtswürdigen Geſellſchaft, die</Unicode>
        </TextEquiv>
        <TextStyle fontFamily="Times New Roman" fontSize="6.5"/>
      </TextLine>
      <TextLine id="tl_16" primaryLanguage="German" custom="readingOrder {index:7;}">
        <Coords points="244,793 1246,793 1246,840 244,840"/>
        <Baseline points="244,827 299,826 377,826 552,829 942,830 1133,831 1246,833"/>
        <TextEquiv>
          <Unicode>ſich als kompakte Parlamentsmehrheit anmaßt, dem</Unicode>
        </TextEquiv>
        <TextStyle fontFamily="Times New Roman" fontSize="6.5"/>
      </TextLine>
      <TextLine id="tl_17" primaryLanguage="German" custom="readingOrder {index:8;}">
        <Coords points="243,836 1248,836 1248,883 243,883"/>
        <Baseline points="245,873 444,872 586,871 654,872 805,873 898,873 1048,873 1187,875 1248,876"/>
        <TextEquiv>
          <Unicode>preußiſchen Staate im Namen des Volkes Geſetze zu</Unicode>
        </TextEquiv>
        <TextStyle fontFamily="Times New Roman" fontSize="6.5"/>
      </TextLine>
      <TextLine id="tl_18" primaryLanguage="German" custom="readingOrder {index:9;}">
        <Coords points="244,879 1248,879 1248,926 244,926"/>
        <Baseline points="244,912 351,913 451,913 552,914 629,915 756,915 817,916 900,917 944,916 1041,916 1248,917"/>
        <TextEquiv>
          <Unicode>geben. Das Volk hat nichts zu tun und will nichts</Unicode>
        </TextEquiv>
      </TextLine>
      <TextLine id="tl_19" primaryLanguage="German" custom="readingOrder {index:10;}">
        <Coords points="245,922 1245,922 1245,970 245,970"/>
        <Baseline points="246,956 281,956 364,956 488,958 570,957 694,959 841,962 939,959 1037,960 1155,962 1245,961"/>
        <TextEquiv>
          <Unicode>zu tun haben mit dieſen Leuten, die ſich durch ihre</Unicode>
        </TextEquiv>
        <TextStyle fontFamily="Times New Roman" fontSize="6.5"/>
      </TextLine>
      <TextLine id="tl_20" primaryLanguage="German" custom="readingOrder {index:11;}">
        <Coords points="246,965 1247,965 1247,1013 246,1013"/>
        <Baseline points="246,998 341,999 780,1001 960,1002 1066,1002 1247,1006"/>
        <TextEquiv>
          <Unicode>wüſte Vergewaltigungsſucht, gepaart mit platter</Unicode>
        </TextEquiv>
        <TextStyle fontFamily="Times New Roman" fontSize="6.5"/>
      </TextLine>
      <TextLine id="tl_21" primaryLanguage="German" custom="readingOrder {index:12;}">
        <Coords points="245,1007 1247,1007 1247,1056 245,1056"/>
        <Baseline points="245,1042 445,1043 577,1043 648,1044 758,1045 902,1046 1016,1045 1246,1048"/>
        <TextEquiv>
          <Unicode>Unfähigkeit, längſt bei allen redlich und vernünftig</Unicode>
        </TextEquiv>
        <TextStyle fontFamily="Times New Roman" fontSize="6.5"/>
      </TextLine>
      <TextLine id="tl_22" primaryLanguage="German" custom="readingOrder {index:13;}">
        <Coords points="243,1051 1248,1051 1248,1100 243,1100"/>
        <Baseline points="243,1085 416,1087 607,1088 686,1087 769,1088 895,1089 983,1089 1062,1089 1248,1090"/>
        <TextEquiv>
          <Unicode>denkenden Menſchen um den letzten Reſt von politiſcher</Unicode>
        </TextEquiv>
        <TextStyle fontFamily="Times New Roman" fontSize="6.5"/>
      </TextLine>
      <TextLine id="tl_23" primaryLanguage="German" custom="readingOrder {index:14;}">
        <Coords points="253,1095 1248,1095 1248,1142 253,1142"/>
        <Baseline points="253,1129 397,1130 565,1130 698,1131 817,1131 975,1131 1188,1133 1248,1134"/>
        <TextEquiv>
          <Unicode>Achtung gebracht haben. Kein anderes Verhältnis iſt</Unicode>
        </TextEquiv>
        <TextStyle fontFamily="Times New Roman" fontSize="6.5"/>
      </TextLine>
      <TextLine id="tl_24" primaryLanguage="German" custom="readingOrder {index:15;}">
        <Coords points="241,1138 1245,1138 1245,1186 241,1186"/>
        <Baseline points="243,1174 387,1173 481,1173 596,1173 686,1173 804,1175 1090,1178 1246,1178"/>
        <TextEquiv>
          <Unicode>zwiſchen dem Volke und dieſen Volksvertretern möglich</Unicode>
        </TextEquiv>
        <TextStyle fontFamily="Times New Roman" fontSize="6.5"/>
      </TextLine>
      <TextLine id="tl_25" primaryLanguage="German" custom="readingOrder {index:16;}">
        <Coords points="244,1181 1247,1181 1247,1230 244,1230"/>
        <Baseline points="243,1214 296,1214 437,1215 516,1216 625,1217 722,1217 913,1220 1050,1218 1138,1220 1247,1221"/>
        <TextEquiv>
          <Unicode>als Kampf um Sein oder Nichtſein, Kampf bis zum</Unicode>
        </TextEquiv>
        <TextStyle fontFamily="Times New Roman" fontSize="6.5"/>
      </TextLine>
      <TextLine id="tl_26" primaryLanguage="German" custom="readingOrder {index:17;}">
        <Coords points="241,1225 452,1225 452,1269 241,1269"/>
        <Baseline points="241,1260 432,1260 452,1260"/>
        <TextEquiv>
          <Unicode>Aeußerſten!</Unicode>
        </TextEquiv>
        <TextStyle fontFamily="Times New Roman" fontSize="6.5"/>
      </TextLine>
      <TextEquiv>
        <Unicode>In Preußen werden in den nächſten Tagen
überall Verſammlungen abgehalten werden,
in denen das Volk ſein Urteil über die neueſte
ſchimpfliche Wahlrechtskomödie des
Dreiklaſſenhauſes abgeben wird. Aller
Orten wird ſich empörter Widerſpruch erheben gegen
das Treiben jener nichtswürdigen Geſellſchaft, die
ſich als kompakte Parlamentsmehrheit anmaßt, dem
preußiſchen Staate im Namen des Volkes Geſetze zu
geben. Das Volk hat nichts zu tun und will nichts
zu tun haben mit dieſen Leuten, die ſich durch ihre
wüſte Vergewaltigungsſucht, gepaart mit platter
Unfähigkeit, längſt bei allen redlich und vernünftig
denkenden Menſchen um den letzten Reſt von politiſcher
Achtung gebracht haben. Kein anderes Verhältnis iſt
zwiſchen dem Volke und dieſen Volksvertretern möglich
als Kampf um Sein oder Nichtſein, Kampf bis zum
Aeußerſten!</Unicode>
      </TextEquiv>
    </TextRegion>
    <TextRegion id="region_1545194981671_1" custom="readingOrder {index:9;}">
      <Coords points="2447,1243 3241,1243 3241,1335 2447,1335"/>
      <TextLine id="line_1545194989796_2" custom="readingOrder {index:0;}">
        <Coords points="2455,1270 3229,1272 3229,1322 2455,1320"/>
        <Baseline points="2455,1315 3229,1317"/>
        <TextEquiv>
          <Unicode>Die Lords und die Krone.</Unicode>
        </TextEquiv>
      </TextLine>
      <TextEquiv>
        <Unicode>Die Lords und die Krone.</Unicode>
      </TextEquiv>
    </TextRegion>
    <TextRegion type="paragraph" id="r_6_5" custom="readingOrder {index:10;}">
      <Coords points="237,1266 1249,1266 1249,2045 237,2045"/>
      <TextLine id="tl_27" primaryLanguage="German" custom="readingOrder {index:0;}">
        <Coords points="344,1267 1246,1267 1246,1316 344,1316"/>
        <Baseline points="344,1302 406,1302 721,1304 805,1304 971,1306 1081,1305 1170,1306 1246,1308"/>
        <TextEquiv>
          <Unicode>Die Verſammlungen der nächſten Tage ſind ein</Unicode>
        </TextEquiv>
        <TextStyle fontFamily="Times New Roman" fontSize="6.5"/>
      </TextLine>
      <TextLine id="tl_28" primaryLanguage="German" custom="readingOrder {index:1;}">
        <Coords points="241,1310 1246,1310 1246,1359 241,1359"/>
        <Baseline points="241,1346 335,1344 395,1346 471,1345 582,1346 670,1347 859,1348 953,1348 1024,1348 1246,1350"/>
        <TextEquiv>
          <Unicode>Glied in der Kette von Kämpfen, die die preußiſchen</Unicode>
        </TextEquiv>
        <TextStyle fontFamily="Times New Roman" fontSize="6.5"/>
      </TextLine>
      <TextLine id="tl_29" primaryLanguage="German" custom="readingOrder {index:2;}">
        <Coords points="240,1354 1247,1354 1247,1402 240,1402"/>
        <Baseline points="240,1388 386,1388 464,1389 614,1390 708,1390 781,1390 898,1390 1041,1392 1115,1392 1247,1393"/>
        <TextEquiv>
          <Unicode>Arbeiter ſeit Jahren um ihr Recht führen; ſo wenig</Unicode>
        </TextEquiv>
        <TextStyle fontFamily="Times New Roman" fontSize="6.5"/>
      </TextLine>
      <TextLine id="tl_30" primaryLanguage="German" custom="readingOrder {index:3;}">
        <Coords points="240,1397 1248,1397 1248,1445 240,1445"/>
        <Baseline points="240,1430 318,1430 462,1432 598,1433 676,1432 1053,1436 1149,1436 1248,1437"/>
        <TextEquiv>
          <Unicode>dieſe neueſte Aktion der Wahlrechtsbewegung die erſte</Unicode>
        </TextEquiv>
        <TextStyle fontFamily="Times New Roman" fontSize="6.5"/>
      </TextLine>
      <TextLine id="tl_31" primaryLanguage="German" custom="readingOrder {index:4;}">
        <Coords points="239,1440 1246,1440 1246,1487 239,1487"/>
        <Baseline points="239,1472 275,1473 383,1474 467,1474 535,1474 612,1474 743,1476 845,1476 931,1477 1035,1476 1122,1479 1246,1479"/>
        <TextEquiv>
          <Unicode>in ihrer Art iſt, ſo wenig wird ſie auch die letzte</Unicode>
        </TextEquiv>
        <TextStyle fontFamily="Times New Roman" fontSize="6.5"/>
      </TextLine>
      <TextLine id="tl_32" primaryLanguage="German" custom="readingOrder {index:5;}">
        <Coords points="240,1483 1246,1483 1246,1531 240,1531"/>
        <Baseline points="242,1517 314,1517 422,1518 534,1519 643,1519 769,1519 941,1522 1098,1522 1245,1523"/>
        <TextEquiv>
          <Unicode>ſein. Sie wird ihren Zweck reichlich erfüllt haben,</Unicode>
        </TextEquiv>
        <TextStyle fontFamily="Times New Roman" fontSize="6.5"/>
      </TextLine>
      <TextLine id="tl_33" primaryLanguage="German" custom="readingOrder {index:6;}">
        <Coords points="240,1526 1245,1526 1245,1573 240,1573"/>
        <Baseline points="240,1559 335,1559 397,1560 434,1560 708,1562 772,1563 1129,1565 1245,1565"/>
        <TextEquiv>
          <Unicode>wenn ſie einen neuen Anfang bedeuten wird.</Unicode>
        </TextEquiv>
      </TextLine>
      <TextLine id="tl_34" primaryLanguage="German" custom="readingOrder {index:7;}">
        <Coords points="239,1569 1247,1569 1247,1617 239,1617"/>
        <Baseline points="240,1604 312,1602 387,1603 534,1603 718,1605 810,1605 871,1605 929,1606 999,1606 1170,1608 1247,1608"/>
        <TextEquiv>
          <Unicode>Wie ein friſcher Windſtoß ſoll ſie in die Stickluft der</Unicode>
        </TextEquiv>
        <TextStyle fontFamily="Times New Roman" fontSize="6.5"/>
      </TextLine>
      <TextLine id="tl_35" primaryLanguage="German" custom="readingOrder {index:8;}">
        <Coords points="240,1611 1247,1611 1247,1661 240,1661"/>
        <Baseline points="240,1645 299,1645 664,1648 949,1650 1161,1651 1247,1651"/>
        <TextEquiv>
          <Unicode>mit Verweſungsdünſten geſchwängerten preußiſchen Zu⸗</Unicode>
        </TextEquiv>
        <TextStyle fontFamily="Times New Roman" fontSize="6.5"/>
      </TextLine>
      <TextLine id="tl_36" primaryLanguage="German" custom="readingOrder {index:9;}">
        <Coords points="240,1647 1245,1647 1245,1702 240,1702"/>
        <Baseline points="242,1688 345,1688 602,1690 710,1690 873,1691 1107,1694 1246,1693"/>
        <TextEquiv>
          <Unicode>ſtände hineinfahren, als Vorbote kommender Wahl⸗</Unicode>
        </TextEquiv>
        <TextStyle fontFamily="Times New Roman" fontSize="6.5"/>
      </TextLine>
      <TextLine id="tl_37" primaryLanguage="German" custom="readingOrder {index:10;}">
        <Coords points="238,1698 1241,1698 1241,1745 238,1745"/>
        <Baseline points="238,1731 458,1733 554,1732 633,1733 808,1734 1054,1736 1168,1737 1241,1737"/>
        <TextEquiv>
          <Unicode>rechtswetter, die am Horizont Heraufziehen. Mit ein</Unicode>
        </TextEquiv>
        <TextStyle fontFamily="Times New Roman" fontSize="6.5"/>
      </TextLine>
      <TextLine id="tl_38" primaryLanguage="German" custom="readingOrder {index:11;}">
        <Coords points="243,1741 1245,1741 1245,1789 243,1789"/>
        <Baseline points="242,1776 323,1773 626,1776 712,1777 824,1777 912,1777 1068,1779 1173,1779 1245,1781"/>
        <TextEquiv>
          <Unicode>paar Verſammlungen von heute und morgen wird die</Unicode>
        </TextEquiv>
        <TextStyle fontFamily="Times New Roman" fontSize="6.5"/>
      </TextLine>
      <TextLine id="tl_39" primaryLanguage="German" custom="readingOrder {index:12;}">
        <Coords points="242,1783 1244,1783 1244,1832 242,1832"/>
        <Baseline points="242,1817 441,1818 618,1819 878,1821 990,1821 1055,1822 1244,1824"/>
        <TextEquiv>
          <Unicode>Machtfrage deutſcher Klaſſenkämpfe, wird die preußiſche</Unicode>
        </TextEquiv>
        <TextStyle fontFamily="Times New Roman" fontSize="6.5"/>
      </TextLine>
      <TextLine id="tl_40" primaryLanguage="German" custom="readingOrder {index:13;}">
        <Coords points="241,1827 1245,1827 1245,1875 241,1875"/>
        <Baseline points="241,1861 530,1861 651,1862 768,1864 926,1865 1040,1864 1140,1866 1245,1866"/>
        <TextEquiv>
          <Unicode>Wahlrechtsfrage nicht gelöſt werden, aber dieſe Ver⸗</Unicode>
        </TextEquiv>
        <TextStyle fontFamily="Times New Roman" fontSize="6.5"/>
      </TextLine>
      <TextLine id="tl_41" primaryLanguage="German" custom="readingOrder {index:14;}">
        <Coords points="242,1870 1243,1870 1243,1919 242,1919"/>
        <Baseline points="241,1905 465,1905 641,1907 806,1908 901,1908 1109,1910 1243,1909"/>
        <TextEquiv>
          <Unicode>ſammlungen können, müſſen ein Vorzeichen dafür</Unicode>
        </TextEquiv>
        <TextStyle fontFamily="Times New Roman" fontSize="6.5"/>
      </TextLine>
      <TextLine id="tl_42" primaryLanguage="German" custom="readingOrder {index:15;}">
        <Coords points="244,1913 1245,1913 1245,1961 244,1961"/>
        <Baseline points="244,1946 381,1948 478,1949 571,1948 782,1950 882,1950 966,1950 1161,1952 1245,1953"/>
        <TextEquiv>
          <Unicode>werden, daß das preußiſche Volk die Geſchichte ſatt</Unicode>
        </TextEquiv>
        <TextStyle fontFamily="Times New Roman" fontSize="6.5"/>
      </TextLine>
      <TextLine id="tl_43" primaryLanguage="German" custom="readingOrder {index:16;}">
        <Coords points="241,1956 1245,1956 1245,2006 241,2006"/>
        <Baseline points="242,1990 296,1990 384,1991 459,1992 527,1991 655,1993 790,1994 899,1994 1003,1995 1083,1996 1245,1996"/>
        <TextEquiv>
          <Unicode>hat und daß es nicht länger mehr mit ſich ſpaßen</Unicode>
        </TextEquiv>
        <TextStyle fontFamily="Times New Roman" fontSize="6.5"/>
      </TextLine>
      <TextLine id="tl_44" primaryLanguage="German" custom="readingOrder {index:17;}">
        <Coords points="242,2000 443,2000 443,2044 242,2044"/>
        <Baseline points="242,2034 340,2034 443,2034"/>
        <TextEquiv>
          <Unicode>laſſen will.</Unicode>
        </TextEquiv>
        <TextStyle fontFamily="Times New Roman" fontSize="6.5"/>
      </TextLine>
      <TextEquiv>
        <Unicode>Die Verſammlungen der nächſten Tage ſind ein
Glied in der Kette von Kämpfen, die die preußiſchen
Arbeiter ſeit Jahren um ihr Recht führen; ſo wenig
dieſe neueſte Aktion der Wahlrechtsbewegung die erſte
in ihrer Art iſt, ſo wenig wird ſie auch die letzte
ſein. Sie wird ihren Zweck reichlich erfüllt haben,
wenn ſie einen neuen Anfang bedeuten wird.
Wie ein friſcher Windſtoß ſoll ſie in die Stickluft der
mit Verweſungsdünſten geſchwängerten preußiſchen Zu⸗
ſtände hineinfahren, als Vorbote kommender Wahl⸗
rechtswetter, die am Horizont Heraufziehen. Mit ein
paar Verſammlungen von heute und morgen wird die
Machtfrage deutſcher Klaſſenkämpfe, wird die preußiſche
Wahlrechtsfrage nicht gelöſt werden, aber dieſe Ver⸗
ſammlungen können, müſſen ein Vorzeichen dafür
werden, daß das preußiſche Volk die Geſchichte ſatt
hat und daß es nicht länger mehr mit ſich ſpaßen
laſſen will.</Unicode>
      </TextEquiv>
    </TextRegion>
    <TextRegion type="paragraph" id="r_6_6" custom="readingOrder {index:11;}">
      <Coords points="232,2042 1245,2042 1245,3164 232,3164"/>
      <TextLine id="tl_45" primaryLanguage="German" custom="readingOrder {index:0;}">
        <Coords points="346,2043 1243,2043 1243,2088 346,2088"/>
        <Baseline points="346,2078 391,2078 480,2077 607,2080 677,2080 778,2079 881,2081 1016,2081 1124,2082 1243,2082"/>
        <TextEquiv>
          <Unicode>Es gibt Leute, die über den Wert von Ver⸗</Unicode>
        </TextEquiv>
        <TextStyle fontFamily="Times New Roman" fontSize="6.5"/>
      </TextLine>
      <TextLine id="tl_46" primaryLanguage="German" custom="readingOrder {index:1;}">
        <Coords points="242,2086 1242,2086 1242,2135 242,2135"/>
        <Baseline points="244,2121 589,2122 747,2124 882,2125 969,2125 1062,2124 1243,2127"/>
        <TextEquiv>
          <Unicode>ſammlungsaktionen ſkeptiſch denken und die gelegent⸗</Unicode>
        </TextEquiv>
        <TextStyle fontFamily="Times New Roman" fontSize="6.5"/>
      </TextLine>
      <TextLine id="tl_47" primaryLanguage="German" custom="readingOrder {index:2;}">
        <Coords points="242,2130 1244,2130 1244,2182 242,2182"/>
        <Baseline points="242,2163 297,2165 357,2163 463,2164 702,2166 755,2166 853,2166 982,2167 1074,2167 1147,2167 1244,2168"/>
        <TextEquiv>
          <Unicode>lich in ihrer Zweifelſucht ſo weit gehen, daß ſie, ſtatt</Unicode>
        </TextEquiv>
        <TextStyle fontFamily="Times New Roman" fontSize="6.5"/>
      </TextLine>
      <TextLine id="tl_48" primaryLanguage="German" custom="readingOrder {index:3;}">
        <Coords points="241,2173 1243,2173 1243,2220 241,2220"/>
        <Baseline points="241,2206 302,2206 413,2208 569,2208 734,2209 821,2209 1089,2212 1243,2212"/>
        <TextEquiv>
          <Unicode>mit ihren übrigen Klaſſen- und Volksgenoſſen gemein⸗</Unicode>
        </TextEquiv>
        <TextStyle fontFamily="Times New Roman" fontSize="6.5"/>
      </TextLine>
      <TextLine id="tl_49" primaryLanguage="German" custom="readingOrder {index:4;}">
        <Coords points="242,2217 1244,2217 1244,2263 242,2263"/>
        <Baseline points="244,2250 310,2249 370,2250 599,2252 722,2252 796,2252 936,2253 1113,2255 1244,2254"/>
        <TextEquiv>
          <Unicode>ſam zu proteſtieren, lieber zu Hauſe bleiben. Aber</Unicode>
        </TextEquiv>
        <TextStyle fontFamily="Times New Roman" fontSize="6.5"/>
      </TextLine>
      <TextLine id="tl_50" primaryLanguage="German" custom="readingOrder {index:5;}">
        <Coords points="242,2259 1243,2259 1243,2307 242,2307"/>
        <Baseline points="242,2291 319,2292 621,2295 709,2294 806,2296 1083,2297 1240,2302"/>
        <TextEquiv>
          <Unicode>dieſe Neunmalweiſen ſind den gefährlichſten Volks⸗</Unicode>
        </TextEquiv>
        <TextStyle fontFamily="Times New Roman" fontSize="6.5"/>
      </TextLine>
      <TextLine id="tl_51" primaryLanguage="German" custom="readingOrder {index:6;}">
        <Coords points="241,2302 1243,2302 1243,2348 241,2348"/>
        <Baseline points="241,2338 376,2337 460,2337 638,2339 706,2338 887,2339 1093,2340 1244,2340"/>
        <TextEquiv>
          <Unicode>feinden, den Junkern, an Klugheit bedeutend unter⸗</Unicode>
        </TextEquiv>
        <TextStyle fontFamily="Times New Roman" fontSize="6.5"/>
      </TextLine>
      <TextLine id="tl_52" primaryLanguage="German" custom="readingOrder {index:7;}">
        <Coords points="241,2344 1241,2344 1241,2392 241,2392"/>
        <Baseline points="241,2379 339,2380 425,2379 572,2379 704,2381 806,2383 943,2383 1050,2382 1141,2383 1245,2384"/>
        <TextEquiv>
          <Unicode>legen. Die Junker wiſſen ganz genau, daß die ſich</Unicode>
        </TextEquiv>
        <TextStyle fontFamily="Times New Roman" fontSize="6.5"/>
      </TextLine>
      <TextLine id="tl_53" primaryLanguage="German" custom="readingOrder {index:8;}">
        <Coords points="240,2388 1243,2388 1243,2436 240,2436"/>
        <Baseline points="240,2421 355,2420 680,2424 1142,2426 1243,2426"/>
        <TextEquiv>
          <Unicode>immer wiederholenden Verſammlungsfeldzüge der</Unicode>
        </TextEquiv>
        <TextStyle fontFamily="Times New Roman" fontSize="6.5"/>
      </TextLine>
      <TextLine id="tl_54" primaryLanguage="German" custom="readingOrder {index:9;}">
        <Coords points="241,2430 1242,2430 1242,2478 241,2478"/>
        <Baseline points="241,2465 554,2467 683,2467 764,2467 1131,2470 1242,2469"/>
        <TextEquiv>
          <Unicode>Sozialdemokraten gegen die Dreiklaſſenſchmach das</Unicode>
        </TextEquiv>
        <TextStyle fontFamily="Times New Roman" fontSize="6.5"/>
      </TextLine>
      <TextLine id="tl_55" primaryLanguage="German" custom="readingOrder {index:10;}">
        <Coords points="243,2474 1242,2474 1242,2521 243,2521"/>
        <Baseline points="243,2508 394,2509 523,2509 745,2510 860,2511 1053,2511 1242,2513"/>
        <TextEquiv>
          <Unicode>Gebäude ihrer Herrſchaft zum Wanken bringen.</Unicode>
        </TextEquiv>
        <TextStyle fontFamily="Times New Roman" fontSize="6.5"/>
      </TextLine>
      <TextLine id="tl_56" primaryLanguage="German" custom="readingOrder {index:11;}">
        <Coords points="240,2517 1242,2517 1242,2564 240,2564"/>
        <Baseline points="240,2551 380,2551 514,2552 620,2552 689,2552 835,2553 888,2553 1079,2554 1242,2556"/>
        <TextEquiv>
          <Unicode>Warum wären denn die Junker ſo fanatiſche Gegner</Unicode>
        </TextEquiv>
        <TextStyle fontFamily="Times New Roman" fontSize="6.5"/>
      </TextLine>
      <TextLine id="tl_57" primaryLanguage="German" custom="readingOrder {index:12;}">
        <Coords points="241,2560 1241,2560 1241,2610 241,2610"/>
        <Baseline points="241,2592 295,2593 716,2596 892,2596 1021,2597 1149,2598 1241,2598"/>
        <TextEquiv>
          <Unicode>der Verſammlungsfreiheit, warum hätte denn die</Unicode>
        </TextEquiv>
        <TextStyle fontFamily="Times New Roman" fontSize="6.5"/>
      </TextLine>
      <TextLine id="tl_58" primaryLanguage="German" custom="readingOrder {index:13;}">
        <Coords points="240,2602 1242,2602 1242,2651 240,2651"/>
        <Baseline points="240,2637 482,2638 558,2639 631,2639 964,2639 1089,2640 1169,2640 1242,2642"/>
        <TextEquiv>
          <Unicode>Arbeiterſchaft ſich ihr ſtaatsbürgerliches Recht, ſich zu</Unicode>
        </TextEquiv>
        <TextStyle fontFamily="Times New Roman" fontSize="6.5"/>
      </TextLine>
      <TextLine id="tl_59" primaryLanguage="German" custom="readingOrder {index:14;}">
        <Coords points="240,2646 1242,2646 1242,2694 240,2694"/>
        <Baseline points="240,2680 454,2682 541,2681 777,2684 886,2682 985,2683 1243,2685"/>
        <TextEquiv>
          <Unicode>verſammeln, der Verwaltung und der Geſetzgebung</Unicode>
        </TextEquiv>
        <TextStyle fontFamily="Times New Roman" fontSize="6.5"/>
      </TextLine>
      <TextLine id="tl_60" primaryLanguage="German" custom="readingOrder {index:15;}">
        <Coords points="242,2681 1242,2681 1242,2737 242,2737"/>
        <Baseline points="242,2723 301,2723 485,2725 665,2726 819,2726 928,2727 1244,2728"/>
        <TextEquiv>
          <Unicode>erſt ſtückweiſe abringen müſſen, wenn Verſammlungen,</Unicode>
        </TextEquiv>
        <TextStyle fontFamily="Times New Roman" fontSize="6.5"/>
      </TextLine>
      <TextLine id="tl_61" primaryLanguage="German" custom="readingOrder {index:16;}">
        <Coords points="241,2731 1237,2731 1237,2780 241,2780"/>
        <Baseline points="241,2766 301,2766 391,2767 524,2768 642,2768 769,2770 915,2769 1075,2772 1237,2770"/>
        <TextEquiv>
          <Unicode>wie jene klugen Leute ſagen, „keinen Zweck“ hätten?</Unicode>
        </TextEquiv>
        <TextStyle fontFamily="Times New Roman" fontSize="6.5"/>
      </TextLine>
      <TextLine id="tl_62" primaryLanguage="German" custom="readingOrder {index:17;}">
        <Coords points="239,2775 1243,2775 1243,2822 239,2822"/>
        <Baseline points="239,2811 366,2809 437,2810 644,2811 743,2811 983,2813 1244,2813"/>
        <TextEquiv>
          <Unicode>Gerade die Geſchichte der preußiſchen Wahlrechts⸗</Unicode>
        </TextEquiv>
        <TextStyle fontFamily="Times New Roman" fontSize="6.5"/>
      </TextLine>
      <TextLine id="tl_63" primaryLanguage="German" custom="readingOrder {index:18;}">
        <Coords points="238,2819 1243,2819 1243,2865 238,2865"/>
        <Baseline points="238,2853 421,2854 495,2853 647,2854 742,2854 957,2855 1056,2855 1243,2856"/>
        <TextEquiv>
          <Unicode>bewegung, die zugleich die Geſchichte des Kampfes</Unicode>
        </TextEquiv>
        <TextStyle fontFamily="Times New Roman" fontSize="6.5"/>
      </TextLine>
      <TextLine id="tl_64" primaryLanguage="German" custom="readingOrder {index:19;}">
        <Coords points="237,2861 1242,2861 1242,2907 237,2907"/>
        <Baseline points="237,2894 293,2895 354,2895 546,2897 847,2898 929,2898 1242,2900"/>
        <TextEquiv>
          <Unicode>um die preußiſche Verſammlungs- und Demonſtrations⸗</Unicode>
        </TextEquiv>
        <TextStyle fontFamily="Times New Roman" fontSize="6.5"/>
      </TextLine>
      <TextLine id="tl_65" primaryLanguage="German" custom="readingOrder {index:20;}">
        <Coords points="236,2905 1240,2905 1240,2951 236,2951"/>
        <Baseline points="234,2938 360,2938 437,2939 579,2940 677,2940 879,2943 957,2942 1040,2941 1104,2943 1240,2943"/>
        <TextEquiv>
          <Unicode>freiheit iſt, beweiſt aufs deutlichſte, wie ſehr die Junker</Unicode>
        </TextEquiv>
        <TextStyle fontFamily="Times New Roman" fontSize="6.5"/>
      </TextLine>
      <TextLine id="tl_66" primaryLanguage="German" custom="readingOrder {index:21;}">
        <Coords points="237,2948 1240,2948 1240,2995 237,2995"/>
        <Baseline points="237,2981 298,2982 676,2984 750,2984 838,2984 967,2984 1024,2985 1102,2985 1240,2986"/>
        <TextEquiv>
          <Unicode>das Verſammlungsrecht als eine Waffe in der Hand</Unicode>
        </TextEquiv>
        <TextStyle fontFamily="Times New Roman" fontSize="6.5"/>
      </TextLine>
      <TextLine id="tl_67" primaryLanguage="German" custom="readingOrder {index:22;}">
        <Coords points="237,2991 1241,2991 1241,3037 237,3037"/>
        <Baseline points="237,3024 294,3024 518,3027 653,3026 823,3027 910,3027 1010,3027 1137,3029 1241,3028"/>
        <TextEquiv>
          <Unicode>des preußiſchen Volkes fürchten. So mag denn das</Unicode>
        </TextEquiv>
        <TextStyle fontFamily="Times New Roman" fontSize="6.5"/>
      </TextLine>
      <TextLine id="tl_68" primaryLanguage="German" custom="readingOrder {index:23;}">
        <Coords points="238,3034 1242,3034 1242,3080 238,3080"/>
        <Baseline points="238,3069 325,3070 499,3068 615,3069 696,3069 861,3069 1072,3069 1241,3068"/>
        <TextEquiv>
          <Unicode>Volk, unbeirrt durch das Gerede bequemer Beſſer⸗</Unicode>
        </TextEquiv>
        <TextStyle fontFamily="Times New Roman" fontSize="6.5"/>
      </TextLine>
      <TextLine id="tl_69" primaryLanguage="German" custom="readingOrder {index:24;}">
        <Coords points="239,3077 1241,3077 1241,3125 239,3125"/>
        <Baseline points="239,3111 350,3113 486,3114 561,3114 630,3113 731,3113 869,3113 999,3114 1082,3114 1241,3116"/>
        <TextEquiv>
          <Unicode>wiſſer, zeigen, daß es dieſe ſcharfe Waffe zu führen</Unicode>
        </TextEquiv>
        <TextStyle fontFamily="Times New Roman" fontSize="6.5"/>
      </TextLine>
      <TextLine id="tl_70" primaryLanguage="German" custom="readingOrder {index:25;}">
        <Coords points="233,3121 376,3121 376,3163 233,3163"/>
        <Baseline points="233,3154 376,3155"/>
        <TextEquiv>
          <Unicode>verſteht.</Unicode>
        </TextEquiv>
        <TextStyle fontFamily="Times New Roman" fontSize="6.5"/>
      </TextLine>
      <TextEquiv>
        <Unicode>Es gibt Leute, die über den Wert von Ver⸗
ſammlungsaktionen ſkeptiſch denken und die gelegent⸗
lich in ihrer Zweifelſucht ſo weit gehen, daß ſie, ſtatt
mit ihren übrigen Klaſſen- und Volksgenoſſen gemein⸗
ſam zu proteſtieren, lieber zu Hauſe bleiben. Aber
dieſe Neunmalweiſen ſind den gefährlichſten Volks⸗
feinden, den Junkern, an Klugheit bedeutend unter⸗
legen. Die Junker wiſſen ganz genau, daß die ſich
immer wiederholenden Verſammlungsfeldzüge der
Sozialdemokraten gegen die Dreiklaſſenſchmach das
Gebäude ihrer Herrſchaft zum Wanken bringen.
Warum wären denn die Junker ſo fanatiſche Gegner
der Verſammlungsfreiheit, warum hätte denn die
Arbeiterſchaft ſich ihr ſtaatsbürgerliches Recht, ſich zu
verſammeln, der Verwaltung und der Geſetzgebung
erſt ſtückweiſe abringen müſſen, wenn Verſammlungen,
wie jene klugen Leute ſagen, „keinen Zweck“ hätten?
Gerade die Geſchichte der preußiſchen Wahlrechts⸗
bewegung, die zugleich die Geſchichte des Kampfes
um die preußiſche Verſammlungs- und Demonſtrations⸗
freiheit iſt, beweiſt aufs deutlichſte, wie ſehr die Junker
das Verſammlungsrecht als eine Waffe in der Hand
des preußiſchen Volkes fürchten. So mag denn das
Volk, unbeirrt durch das Gerede bequemer Beſſer⸗
wiſſer, zeigen, daß es dieſe ſcharfe Waffe zu führen
verſteht.</Unicode>
      </TextEquiv>
    </TextRegion>
    <TextRegion type="paragraph" id="r_7_1" custom="readingOrder {index:12;}">
      <Coords points="236,3208 1243,3208 1243,3288 236,3288"/>
      <TextLine id="tl_71" primaryLanguage="German" custom="readingOrder {index:0;}">
        <Coords points="240,3209 1242,3209 1242,3247 240,3247"/>
        <Baseline points="240,3236 287,3236 379,3238 512,3238 609,3238 681,3238 779,3237 886,3239 974,3239 1150,3239 1242,3240"/>
        <TextEquiv>
          <Unicode>des toten Stoffes. Sie iſt für mich die Ekſtaſe der</Unicode>
        </TextEquiv>
        <TextStyle fontFamily="Times New Roman" fontSize="5.5"/>
      </TextLine>
      <TextLine id="tl_72" primaryLanguage="German" custom="readingOrder {index:1;}">
        <Coords points="237,3251 524,3251 524,3287 237,3287"/>
        <Baseline points="237,3279 265,3279 293,3278 320,3278 346,3278 375,3279 405,3280 436,3280 468,3281 525,3280"/>
        <TextEquiv>
          <Unicode>Todesangſt.“</Unicode>
        </TextEquiv>
        <TextStyle fontFamily="Times New Roman" fontSize="5.5"/>
      </TextLine>
      <TextEquiv>
        <Unicode>des toten Stoffes. Sie iſt für mich die Ekſtaſe der
Todesangſt.“</Unicode>
      </TextEquiv>
    </TextRegion>
    <TextRegion type="paragraph" id="r_7_2" custom="readingOrder {index:13;}">
      <Coords points="229,3292 1245,3292 1245,4455 229,4455"/>
      <TextLine id="tl_73" primaryLanguage="German" custom="readingOrder {index:0;}">
        <Coords points="338,3293 1242,3293 1242,3332 338,3332"/>
        <Baseline points="338,3321 443,3322 528,3322 635,3324 752,3326 827,3324 1017,3325 1177,3327 1242,3326"/>
        <TextEquiv>
          <Unicode>Gerade dieſe letzten Worte, das auskoſtende Genießen der</Unicode>
        </TextEquiv>
        <TextStyle fontFamily="Times New Roman" fontSize="5.5"/>
      </TextLine>
      <TextLine id="tl_74" primaryLanguage="German" custom="readingOrder {index:1;}">
        <Coords points="235,3335 1243,3335 1243,3376 235,3376"/>
        <Baseline points="235,3364 407,3366 492,3366 569,3367 699,3368 817,3367 949,3368 1022,3369 1086,3370 1241,3369"/>
        <TextEquiv>
          <Unicode>Todesangſt und der eigenen Sünde beweiſt, daß der Satanis⸗</Unicode>
        </TextEquiv>
        <TextStyle fontFamily="Times New Roman" fontSize="5.5"/>
      </TextLine>
      <TextLine id="tl_75" primaryLanguage="German" custom="readingOrder {index:2;}">
        <Coords points="235,3380 1244,3380 1244,3422 235,3422"/>
        <Baseline points="235,3408 301,3409 402,3411 539,3411 598,3412 666,3411 783,3414 876,3413 979,3413 1062,3415 1177,3415 1243,3414"/>
        <TextEquiv>
          <Unicode>mus noch derſelbe iſt wie früher. Der Durſt nach dieſem ab⸗</Unicode>
        </TextEquiv>
        <TextStyle fontFamily="Times New Roman" fontSize="5.5"/>
      </TextLine>
      <TextLine id="tl_76" primaryLanguage="German" custom="readingOrder {index:3;}">
        <Coords points="234,3425 1243,3425 1243,3466 234,3466"/>
        <Baseline points="234,3451 378,3454 495,3455 564,3455 622,3455 693,3456 762,3455 938,3457 1022,3458 1243,3457"/>
        <TextEquiv>
          <Unicode>normalen Genuß iſt es, der den gläubigen, aber degenerierten</Unicode>
        </TextEquiv>
        <TextStyle fontFamily="Times New Roman" fontSize="5.5"/>
      </TextLine>
      <TextLine id="tl_77" primaryLanguage="German" custom="readingOrder {index:4;}">
        <Coords points="233,3468 1243,3468 1243,3506 233,3506"/>
        <Baseline points="233,3496 555,3498 622,3499 709,3500 833,3499 917,3499 1139,3500 1244,3500"/>
        <TextEquiv>
          <Unicode>Gegenwartsmenſchen in das Dunkel des Satanismus hetzt,</Unicode>
        </TextEquiv>
        <TextStyle fontFamily="Times New Roman" fontSize="5.5"/>
      </TextLine>
      <TextLine id="tl_78" primaryLanguage="German" custom="readingOrder {index:5;}">
        <Coords points="233,3511 1242,3511 1242,3551 233,3551"/>
        <Baseline points="233,3538 327,3540 397,3540 528,3541 578,3542 657,3543 857,3543 1054,3543 1242,3543"/>
        <TextEquiv>
          <Unicode>ebenſo wie damals in dem verbotenen Zauberſpuk. Natürlich:</Unicode>
        </TextEquiv>
        <TextStyle fontFamily="Times New Roman" fontSize="5.5"/>
      </TextLine>
      <TextLine id="tl_79" primaryLanguage="German" custom="readingOrder {index:6;}">
        <Coords points="233,3555 1241,3555 1241,3594 233,3594"/>
        <Baseline points="233,3581 278,3582 453,3584 665,3586 769,3585 880,3585 1019,3585 1241,3587"/>
        <TextEquiv>
          <Unicode>ein bewußter Satanismus wird unter religiös Gleichgiltigen</Unicode>
        </TextEquiv>
        <TextStyle fontFamily="Times New Roman" fontSize="5.5"/>
      </TextLine>
      <TextLine id="tl_80" primaryLanguage="German" custom="readingOrder {index:7;}">
        <Coords points="233,3598 1242,3598 1242,3638 233,3638"/>
        <Baseline points="233,3625 279,3625 331,3625 449,3627 539,3628 633,3629 789,3629 920,3629 1029,3629 1172,3629 1242,3630"/>
        <TextEquiv>
          <Unicode>nie zu finden ſein, denn niemand huldigt einem Prinzip, das</Unicode>
        </TextEquiv>
        <TextStyle fontFamily="Times New Roman" fontSize="5.5"/>
      </TextLine>
      <TextLine id="tl_81" primaryLanguage="German" custom="readingOrder {index:8;}">
        <Coords points="238,3641 1241,3641 1241,3681 238,3681"/>
        <Baseline points="238,3668 265,3668 369,3669 559,3673 665,3672 742,3672 1030,3674 1142,3673 1241,3673"/>
        <TextEquiv>
          <Unicode>er nicht anerkennt. Aber die Satansverehrung wird dort</Unicode>
        </TextEquiv>
        <TextStyle fontFamily="Times New Roman" fontSize="5.5"/>
      </TextLine>
      <TextLine id="tl_82" primaryLanguage="German" custom="readingOrder {index:9;}">
        <Coords points="238,3684 1242,3684 1242,3724 238,3724"/>
        <Baseline points="238,3713 362,3713 433,3714 655,3715 779,3714 871,3715 1029,3715 1242,3716"/>
        <TextEquiv>
          <Unicode>geboren, wo überſpannter Glaube und erotiſcher Myſtizismus</Unicode>
        </TextEquiv>
        <TextStyle fontFamily="Times New Roman" fontSize="5.5"/>
      </TextLine>
      <TextLine id="tl_83" primaryLanguage="German" custom="readingOrder {index:10;}">
        <Coords points="238,3728 1240,3728 1240,3766 238,3766"/>
        <Baseline points="238,3756 285,3757 351,3756 475,3759 616,3760 770,3758 890,3759 1054,3760 1134,3759 1240,3759"/>
        <TextEquiv>
          <Unicode>ſich in einem kranken, haltloſen Gemüt begegnen. Wir haben</Unicode>
        </TextEquiv>
        <TextStyle fontFamily="Times New Roman" fontSize="5.5"/>
      </TextLine>
      <TextLine id="tl_84" primaryLanguage="German" custom="readingOrder {index:11;}">
        <Coords points="238,3771 1241,3771 1241,3811 238,3811"/>
        <Baseline points="238,3799 269,3800 426,3803 575,3803 730,3803 1012,3805 1092,3803 1173,3804 1241,3803"/>
        <TextEquiv>
          <Unicode>in unſeren großen Städten Salonſataniſten, die ſich in</Unicode>
        </TextEquiv>
        <TextStyle fontFamily="Times New Roman" fontSize="5.5"/>
      </TextLine>
      <TextLine id="tl_85" primaryLanguage="German" custom="readingOrder {index:12;}">
        <Coords points="238,3816 1240,3816 1240,3855 238,3855"/>
        <Baseline points="238,3842 299,3844 470,3847 569,3846 786,3846 868,3847 975,3846 1154,3847 1240,3847"/>
        <TextEquiv>
          <Unicode>dem Triumph der Blasphemie, in dem Vergeſſen des</Unicode>
        </TextEquiv>
        <TextStyle fontFamily="Times New Roman" fontSize="5.5"/>
      </TextLine>
      <TextLine id="tl_86" primaryLanguage="German" custom="readingOrder {index:13;}">
        <Coords points="238,3860 1242,3860 1242,3899 238,3899"/>
        <Baseline points="238,3890 393,3891 445,3891 595,3891 707,3891 825,3890 909,3890 1029,3891 1097,3893 1241,3892"/>
        <TextEquiv>
          <Unicode>Deliriums zu betäuben ſuchen, unter uns finden ſich Unglück⸗</Unicode>
        </TextEquiv>
        <TextStyle fontFamily="Times New Roman" fontSize="5.5"/>
      </TextLine>
      <TextLine id="tl_87" primaryLanguage="German" custom="readingOrder {index:14;}">
        <Coords points="238,3904 1242,3904 1242,3942 238,3942"/>
        <Baseline points="238,3932 299,3933 410,3934 475,3933 536,3933 586,3933 649,3932 853,3936 937,3933 1086,3935 1242,3934"/>
        <TextEquiv>
          <Unicode>liche genug, die ſich in der Pervertierung des Poſitiven willenlos</Unicode>
        </TextEquiv>
        <TextStyle fontFamily="Times New Roman" fontSize="5.5"/>
      </TextLine>
      <TextLine id="tl_88" primaryLanguage="German" custom="readingOrder {index:15;}">
        <Coords points="234,3947 1242,3947 1242,3982 234,3982"/>
        <Baseline points="234,3972 263,3973 333,3974 484,3975 551,3974 763,3975 880,3975 987,3976 1066,3974 1135,3975 1242,3975"/>
        <TextEquiv>
          <Unicode>in den Abgrund des Satanismus gleiten laſſen, für die heute</Unicode>
        </TextEquiv>
        <TextStyle fontFamily="Times New Roman" fontSize="5.5"/>
      </TextLine>
      <TextLine id="tl_89" primaryLanguage="German" custom="readingOrder {index:16;}">
        <Coords points="234,3987 1242,3987 1242,4024 234,4024"/>
        <Baseline points="234,4014 298,4014 423,4015 630,4017 704,4017 784,4016 833,4017 913,4017 1029,4017 1110,4018 1240,4018"/>
        <TextEquiv>
          <Unicode>noch dieſelbe Hauptformel gilt, die in dem Ritual der mittel⸗</Unicode>
        </TextEquiv>
        <TextStyle fontFamily="Times New Roman" fontSize="5.5"/>
      </TextLine>
      <TextLine id="tl_90" primaryLanguage="German" custom="readingOrder {index:17;}">
        <Coords points="234,4030 1241,4030 1241,4067 234,4067"/>
        <Baseline points="235,4059 383,4058 501,4060 609,4060 760,4060 898,4060 982,4061 1057,4060 1137,4061 1241,4060"/>
        <TextEquiv>
          <Unicode>alterlichen Sekten ſtand: „Satan, ſtreiche mich aus dem Buche</Unicode>
        </TextEquiv>
        <TextStyle fontFamily="Times New Roman" fontSize="5.5"/>
      </TextLine>
      <TextLine id="tl_91" primaryLanguage="German" custom="readingOrder {index:18;}">
        <Coords points="231,4072 1240,4072 1240,4111 231,4111"/>
        <Baseline points="231,4100 279,4101 402,4102 496,4103 634,4104 727,4104 805,4104 866,4104 949,4104 1037,4106 1106,4104 1240,4106"/>
        <TextEquiv>
          <Unicode>des Lebens und ſchreibe mich ein in das Buch des Todes.“</Unicode>
        </TextEquiv>
        <TextStyle fontFamily="Times New Roman" fontSize="5.5"/>
      </TextLine>
      <TextLine id="tl_92" primaryLanguage="German" custom="readingOrder {index:19;}">
        <Coords points="230,4116 1241,4116 1241,4156 230,4156"/>
        <Baseline points="231,4148 279,4148 365,4147 460,4146 508,4146 665,4147 747,4148 800,4147 957,4146 1030,4146 1145,4147 1241,4147"/>
        <TextEquiv>
          <Unicode>Ich ſelbſt kann es bezeugen, daß es Gläubige aus tiefſter Seele</Unicode>
        </TextEquiv>
        <TextStyle fontFamily="Times New Roman" fontSize="5.5"/>
      </TextLine>
      <TextLine id="tl_93" primaryLanguage="German" custom="readingOrder {index:20;}">
        <Coords points="231,4159 1240,4159 1240,4198 231,4198"/>
        <Baseline points="231,4190 297,4188 358,4188 531,4191 622,4191 787,4191 874,4190 938,4189 1087,4191 1240,4192"/>
        <TextEquiv>
          <Unicode>gibt, die Baphomet, den ſchwarzen Gott der Kabbala, anbeten.</Unicode>
        </TextEquiv>
        <TextStyle fontFamily="Times New Roman" fontSize="5.5"/>
      </TextLine>
      <TextLine id="tl_94" primaryLanguage="German" custom="readingOrder {index:21;}">
        <Coords points="231,4203 1241,4203 1241,4241 231,4241"/>
        <Baseline points="231,4232 289,4230 363,4231 447,4233 511,4233 608,4233 700,4233 858,4233 1043,4233 1126,4234 1241,4234"/>
        <TextEquiv>
          <Unicode>Vor mir liegt der Brief eines däniſchen Sataniſten, wo unter</Unicode>
        </TextEquiv>
        <TextStyle fontFamily="Times New Roman" fontSize="5.5"/>
      </TextLine>
      <TextLine id="tl_95" primaryLanguage="German" custom="readingOrder {index:22;}">
        <Coords points="232,4246 1241,4246 1241,4285 232,4285"/>
        <Baseline points="232,4273 362,4276 503,4276 618,4277 737,4276 922,4276 1052,4276 1133,4277 1240,4277"/>
        <TextEquiv>
          <Unicode>anderem folgende Zeilen ſtehen: „Während Europa das Weih⸗</Unicode>
        </TextEquiv>
        <TextStyle fontFamily="Times New Roman" fontSize="5.5"/>
      </TextLine>
      <TextLine id="tl_96" primaryLanguage="German" custom="readingOrder {index:23;}">
        <Coords points="232,4290 1240,4290 1240,4328 232,4328"/>
        <Baseline points="232,4317 344,4318 420,4319 553,4320 705,4320 809,4321 922,4319 974,4321 1023,4319 1086,4320 1156,4320 1240,4320"/>
        <TextEquiv>
          <Unicode>nachten des weißen Chriſtus feiert, feiere ich es als das hohe</Unicode>
        </TextEquiv>
        <TextStyle fontFamily="Times New Roman" fontSize="5.5"/>
      </TextLine>
      <TextLine id="tl_97" primaryLanguage="German" custom="readingOrder {index:24;}">
        <Coords points="233,4333 1240,4333 1240,4371 233,4371"/>
        <Baseline points="232,4360 291,4361 370,4361 487,4363 650,4363 737,4363 968,4363 993,4364 1020,4364 1045,4364 1129,4365 1240,4366"/>
        <TextEquiv>
          <Unicode>Feſt des einen, Höchſten, des Bockgehörnten... Ich feiere</Unicode>
        </TextEquiv>
        <TextStyle fontFamily="Times New Roman" fontSize="5.5"/>
      </TextLine>
      <TextLine id="tl_98" primaryLanguage="German" custom="readingOrder {index:25;}">
        <Coords points="235,4376 1240,4376 1240,4415 235,4415"/>
        <Baseline points="235,4403 426,4406 500,4405 572,4406 642,4406 711,4408 882,4408 976,4406 1144,4407 1240,4408"/>
        <TextEquiv>
          <Unicode>Weihnachten als ein Feſt für Baphomet, den verhüllten Gott,</Unicode>
        </TextEquiv>
        <TextStyle fontFamily="Times New Roman" fontSize="5.5"/>
      </TextLine>
      <TextLine id="tl_99" primaryLanguage="German" custom="readingOrder {index:26;}">
        <Coords points="237,4420 788,4420 788,4454 237,4454"/>
        <Baseline points="238,4445 288,4448 341,4448 458,4449 532,4449 650,4450 788,4449"/>
        <TextEquiv>
          <Unicode>den ich anbete und wieder anbete.“</Unicode>
        </TextEquiv>
        <TextStyle fontFamily="Times New Roman" fontSize="5.5"/>
      </TextLine>
      <TextEquiv>
        <Unicode>Gerade dieſe letzten Worte, das auskoſtende Genießen der
Todesangſt und der eigenen Sünde beweiſt, daß der Satanis⸗
mus noch derſelbe iſt wie früher. Der Durſt nach dieſem ab⸗
normalen Genuß iſt es, der den gläubigen, aber degenerierten
Gegenwartsmenſchen in das Dunkel des Satanismus hetzt,
ebenſo wie damals in dem verbotenen Zauberſpuk. Natürlich:
ein bewußter Satanismus wird unter religiös Gleichgiltigen
nie zu finden ſein, denn niemand huldigt einem Prinzip, das
er nicht anerkennt. Aber die Satansverehrung wird dort
geboren, wo überſpannter Glaube und erotiſcher Myſtizismus
ſich in einem kranken, haltloſen Gemüt begegnen. Wir haben
in unſeren großen Städten Salonſataniſten, die ſich in
dem Triumph der Blasphemie, in dem Vergeſſen des
Deliriums zu betäuben ſuchen, unter uns finden ſich Unglück⸗
liche genug, die ſich in der Pervertierung des Poſitiven willenlos
in den Abgrund des Satanismus gleiten laſſen, für die heute
noch dieſelbe Hauptformel gilt, die in dem Ritual der mittel⸗
alterlichen Sekten ſtand: „Satan, ſtreiche mich aus dem Buche
des Lebens und ſchreibe mich ein in das Buch des Todes.“
Ich ſelbſt kann es bezeugen, daß es Gläubige aus tiefſter Seele
gibt, die Baphomet, den ſchwarzen Gott der Kabbala, anbeten.
Vor mir liegt der Brief eines däniſchen Sataniſten, wo unter
anderem folgende Zeilen ſtehen: „Während Europa das Weih⸗
nachten des weißen Chriſtus feiert, feiere ich es als das hohe
Feſt des einen, Höchſten, des Bockgehörnten... Ich feiere
Weihnachten als ein Feſt für Baphomet, den verhüllten Gott,
den ich anbete und wieder anbete.“</Unicode>
      </TextEquiv>
    </TextRegion>
    <TextRegion type="paragraph" id="r_7_3" custom="readingOrder {index:14;}">
      <Coords points="234,4462 1254,4462 1254,5134 234,5134"/>
      <TextLine id="tl_100" primaryLanguage="German" custom="readingOrder {index:0;}">
        <Coords points="340,4463 1240,4463 1240,4503 340,4503"/>
        <Baseline points="340,4492 411,4493 489,4494 610,4495 691,4495 774,4495 992,4493 1058,4493 1141,4494 1242,4493"/>
        <TextEquiv>
          <Unicode>Aber um welche Art von Satanismus es ſich auch</Unicode>
        </TextEquiv>
        <TextStyle fontFamily="Times New Roman" fontSize="5.5"/>
      </TextLine>
      <TextLine id="tl_101" primaryLanguage="German" custom="readingOrder {index:1;}">
        <Coords points="237,4507 1243,4507 1243,4552 237,4552"/>
        <Baseline points="237,4541 356,4541 491,4542 585,4542 684,4541 914,4539 998,4538 1243,4538"/>
        <TextEquiv>
          <Unicode>handeln möge: um den Luziferkultus des kabbaliſtiſchen</Unicode>
        </TextEquiv>
        <TextStyle fontFamily="Times New Roman" fontSize="5.5"/>
      </TextLine>
      <TextLine id="tl_102" primaryLanguage="German" custom="readingOrder {index:2;}">
        <Coords points="239,4553 1243,4553 1243,4597 239,4597"/>
        <Baseline points="239,4588 387,4590 467,4588 526,4588 806,4586 1001,4583 1166,4583 1243,4584"/>
        <TextEquiv>
          <Unicode>Myſtikers, um die Ausſchweifungen raffinierter Lüſtlinge, um</Unicode>
        </TextEquiv>
        <TextStyle fontFamily="Times New Roman" fontSize="5.5"/>
      </TextLine>
      <TextLine id="tl_103" primaryLanguage="German" custom="readingOrder {index:3;}">
        <Coords points="239,4595 1241,4595 1241,4644 239,4644"/>
        <Baseline points="241,4636 291,4636 437,4637 676,4633 743,4632 948,4630 1056,4628 1123,4629 1169,4628 1241,4627"/>
        <TextEquiv>
          <Unicode>den plumpen Teufelsglauben des unwiſſenden Volkes das — ſteht</Unicode>
        </TextEquiv>
        <TextStyle fontFamily="Times New Roman" fontSize="5.5"/>
      </TextLine>
      <TextLine id="tl_104" primaryLanguage="German" custom="readingOrder {index:4;}">
        <Coords points="235,4643 1243,4643 1243,4690 235,4690"/>
        <Baseline points="235,4681 431,4681 499,4681 570,4680 636,4678 846,4677 918,4676 1025,4674 1243,4672"/>
        <TextEquiv>
          <Unicode>unbeſtreitbar feſt, daß der Satanismus mit ſeinen Phänomenen</Unicode>
        </TextEquiv>
        <TextStyle fontFamily="Times New Roman" fontSize="5.5"/>
      </TextLine>
      <TextLine id="tl_105" primaryLanguage="German" custom="readingOrder {index:5;}">
        <Coords points="239,4685 1245,4685 1245,4733 239,4733"/>
        <Baseline points="239,4726 293,4726 373,4727 571,4724 753,4721 908,4721 1013,4717 1246,4716"/>
        <TextEquiv>
          <Unicode>nur ein parodiſtiſch verzerrtes Gemiſch aller Gottesdienſt⸗</Unicode>
        </TextEquiv>
        <TextStyle fontFamily="Times New Roman" fontSize="5.5"/>
      </TextLine>
      <TextLine id="tl_106" primaryLanguage="German" custom="readingOrder {index:6;}">
        <Coords points="239,4728 1245,4728 1245,4779 239,4779"/>
        <Baseline points="239,4771 432,4771 515,4768 705,4766 779,4766 862,4764 944,4763 1037,4761 1172,4759 1245,4757"/>
        <TextEquiv>
          <Unicode>verzückungen des Altertums iſt, der ſich dem Wandel der</Unicode>
        </TextEquiv>
        <TextStyle fontFamily="Times New Roman" fontSize="5.5"/>
      </TextLine>
      <TextLine id="tl_107" primaryLanguage="German" custom="readingOrder {index:7;}">
        <Coords points="240,4772 1245,4772 1245,4824 240,4824"/>
        <Baseline points="240,4817 412,4815 526,4813 616,4811 771,4809 844,4807 991,4805 1086,4803 1140,4803 1245,4801"/>
        <TextEquiv>
          <Unicode>wechſelnden Zeiten wohl angepaßt hat, dennoch aber in ſeinen</Unicode>
        </TextEquiv>
        <TextStyle fontFamily="Times New Roman" fontSize="5.5"/>
      </TextLine>
      <TextLine id="tl_108" primaryLanguage="German" custom="readingOrder {index:8;}">
        <Coords points="241,4813 1245,4813 1245,4870 241,4870"/>
        <Baseline points="241,4861 416,4859 506,4858 687,4855 759,4854 845,4851 1057,4846 1119,4846 1245,4843"/>
        <TextEquiv>
          <Unicode>Urſprüngen leicht erkenntlich iſt. Der Satanismus iſt deshalb</Unicode>
        </TextEquiv>
        <TextStyle fontFamily="Times New Roman" fontSize="5.5"/>
      </TextLine>
      <TextLine id="tl_109" primaryLanguage="German" custom="readingOrder {index:9;}">
        <Coords points="243,4858 1247,4858 1247,4915 243,4915"/>
        <Baseline points="243,4908 303,4907 471,4907 529,4905 632,4902 727,4901 929,4896 1009,4894 1112,4892 1247,4890"/>
        <TextEquiv>
          <Unicode>eine Krankheit, die weder durch Machtmittel noch durch Strafen</Unicode>
        </TextEquiv>
        <TextStyle fontFamily="Times New Roman" fontSize="5.5"/>
      </TextLine>
      <TextLine id="tl_110" primaryLanguage="German" custom="readingOrder {index:10;}">
        <Coords points="244,4905 1251,4905 1251,4956 244,4956"/>
        <Baseline points="244,4954 299,4952 395,4952 501,4949 575,4948 764,4943 994,4939 1137,4937 1253,4935"/>
        <TextEquiv>
          <Unicode>aus dem Leibe der Menſchheit ausgetrieben werden kann,</Unicode>
        </TextEquiv>
        <TextStyle fontFamily="Times New Roman" fontSize="5.5"/>
      </TextLine>
      <TextLine id="tl_111" primaryLanguage="German" custom="readingOrder {index:11;}">
        <Coords points="243,4949 1252,4949 1252,5005 243,5005"/>
        <Baseline points="246,4997 359,4996 425,4994 509,4994 725,4988 908,4985 1034,4982 1107,4980 1252,4978"/>
        <TextEquiv>
          <Unicode>ſondern wo nur vorbeugende Maßregeln Heilung zu bringen</Unicode>
        </TextEquiv>
        <TextStyle fontFamily="Times New Roman" fontSize="5.5"/>
      </TextLine>
      <TextLine id="tl_112" primaryLanguage="German" custom="readingOrder {index:12;}">
        <Coords points="242,4992 1253,4992 1253,5047 242,5047"/>
        <Baseline points="242,5040 378,5038 452,5038 583,5035 783,5030 910,5027 982,5025 1176,5021 1253,5019"/>
        <TextEquiv>
          <Unicode>imſtande ſein werden, Maßregeln, welche die Geſellſchaft zur</Unicode>
        </TextEquiv>
        <TextStyle fontFamily="Times New Roman" fontSize="5.5"/>
      </TextLine>
      <TextLine id="tl_113" primaryLanguage="German" custom="readingOrder {index:13;}">
        <Coords points="245,5035 1252,5035 1252,5090 245,5090"/>
        <Baseline points="245,5081 404,5081 474,5080 619,5079 694,5076 890,5071 1072,5067 1139,5066 1252,5062"/>
        <TextEquiv>
          <Unicode>Kräftigung der geiſtigen und körperlichen Geſundheit des Volkes</Unicode>
        </TextEquiv>
        <TextStyle fontFamily="Times New Roman" fontSize="5.5"/>
      </TextLine>
      <TextLine id="tl_114" primaryLanguage="German" custom="readingOrder {index:14;}">
        <Coords points="249,5092 610,5092 610,5133 249,5133"/>
        <Baseline points="249,5127 383,5126 515,5125 610,5124"/>
        <TextEquiv>
          <Unicode>ausfindig machen muß.</Unicode>
        </TextEquiv>
        <TextStyle fontFamily="Times New Roman" fontSize="5.5"/>
      </TextLine>
      <TextEquiv>
        <Unicode>Aber um welche Art von Satanismus es ſich auch
handeln möge: um den Luziferkultus des kabbaliſtiſchen
Myſtikers, um die Ausſchweifungen raffinierter Lüſtlinge, um
den plumpen Teufelsglauben des unwiſſenden Volkes das — ſteht
unbeſtreitbar feſt, daß der Satanismus mit ſeinen Phänomenen
nur ein parodiſtiſch verzerrtes Gemiſch aller Gottesdienſt⸗
verzückungen des Altertums iſt, der ſich dem Wandel der
wechſelnden Zeiten wohl angepaßt hat, dennoch aber in ſeinen
Urſprüngen leicht erkenntlich iſt. Der Satanismus iſt deshalb
eine Krankheit, die weder durch Machtmittel noch durch Strafen
aus dem Leibe der Menſchheit ausgetrieben werden kann,
ſondern wo nur vorbeugende Maßregeln Heilung zu bringen
imſtande ſein werden, Maßregeln, welche die Geſellſchaft zur
Kräftigung der geiſtigen und körperlichen Geſundheit des Volkes
ausfindig machen muß.</Unicode>
      </TextEquiv>
    </TextRegion>
    <TextRegion type="paragraph" id="r_8_1" custom="readingOrder {index:15;}">
      <Coords points="1292,314 2300,314 2300,791 1292,791"/>
      <TextLine id="tl_115" primaryLanguage="German" custom="readingOrder {index:0;}">
        <Coords points="1397,315 2299,315 2299,360 1397,360"/>
        <Baseline points="1397,349 1459,349 1558,349 1697,350 1878,351 2075,352 2167,352 2298,351"/>
        <TextEquiv>
          <Unicode>Als der Kampf begann, glaubten die Drei⸗</Unicode>
        </TextEquiv>
        <TextStyle fontFamily="Times New Roman" fontSize="6.5"/>
      </TextLine>
      <TextLine id="tl_116" primaryLanguage="German" custom="readingOrder {index:1;}">
        <Coords points="1293,359 2299,359 2299,410 1293,410"/>
        <Baseline points="1293,392 1520,394 1777,392 1872,394 1968,394 2103,393 2238,395 2299,394"/>
        <TextEquiv>
          <Unicode>klaſſenherren hohnlachend auf ihre Macht pochen zu</Unicode>
        </TextEquiv>
        <TextStyle fontFamily="Times New Roman" fontSize="6.5"/>
      </TextLine>
      <TextLine id="tl_117" primaryLanguage="German" custom="readingOrder {index:2;}">
        <Coords points="1294,402 2297,402 2297,448 1294,448"/>
        <Baseline points="1294,436 1423,437 1536,436 1587,436 1723,436 1778,436 1940,438 2065,437 2208,437 2297,437"/>
        <TextEquiv>
          <Unicode>können; aber je länger er dauerte, deſto ernſter ſind</Unicode>
        </TextEquiv>
        <TextStyle fontFamily="Times New Roman" fontSize="6.5"/>
      </TextLine>
      <TextLine id="tl_118" primaryLanguage="German" custom="readingOrder {index:3;}">
        <Coords points="1293,446 2298,446 2298,490 1293,490"/>
        <Baseline points="1293,479 1359,479 1516,480 1737,480 1866,481 2078,481 2178,481 2298,482"/>
        <TextEquiv>
          <Unicode>ihre Mienen geworden. Zum erſtenmal ſeit zwei</Unicode>
        </TextEquiv>
        <TextStyle fontFamily="Times New Roman" fontSize="6.5"/>
      </TextLine>
      <TextLine id="tl_119" primaryLanguage="German" custom="readingOrder {index:4;}">
        <Coords points="1294,489 2298,489 2298,534 1294,534"/>
        <Baseline points="1294,523 1567,523 1627,524 1696,523 1893,524 2068,524 2231,526 2298,525"/>
        <TextEquiv>
          <Unicode>Menſchenaltern iſt die preußiſche Reaktion wirklich in</Unicode>
        </TextEquiv>
        <TextStyle fontFamily="Times New Roman" fontSize="6.5"/>
      </TextLine>
      <TextLine id="tl_120" primaryLanguage="German" custom="readingOrder {index:5;}">
        <Coords points="1293,523 2298,523 2298,576 1293,576"/>
        <Baseline points="1293,565 1341,565 1741,568 1929,566 2104,568 2215,566 2298,567"/>
        <TextEquiv>
          <Unicode>die Verteidigungsſtellung gedrängt worden und mit</Unicode>
        </TextEquiv>
        <TextStyle fontFamily="Times New Roman" fontSize="6.5"/>
      </TextLine>
      <TextLine id="tl_121" primaryLanguage="German" custom="readingOrder {index:6;}">
        <Coords points="1293,575 2297,575 2297,619 1293,619"/>
        <Baseline points="1292,610 1392,607 1504,609 1609,608 1712,609 1819,609 2074,610 2297,610"/>
        <TextEquiv>
          <Unicode>jedem Tage wird ihre Lage verzweifelter. Verlaufen</Unicode>
        </TextEquiv>
        <TextStyle fontFamily="Times New Roman" fontSize="6.5"/>
      </TextLine>
      <TextLine id="tl_122" primaryLanguage="German" custom="readingOrder {index:7;}">
        <Coords points="1293,618 2299,618 2299,662 1293,662"/>
        <Baseline points="1293,650 1341,650 1655,652 1733,651 1898,652 2017,653 2114,653 2215,653 2299,653"/>
        <TextEquiv>
          <Unicode>die Verſammlungen der nächſten Tage, wie man mit</Unicode>
        </TextEquiv>
        <TextStyle fontFamily="Times New Roman" fontSize="6.5"/>
      </TextLine>
      <TextLine id="tl_123" primaryLanguage="German" custom="readingOrder {index:8;}">
        <Coords points="1293,659 2296,659 2296,705 1293,705"/>
        <Baseline points="1293,694 1524,694 1707,695 1812,697 2017,695 2107,695 2295,698"/>
        <TextEquiv>
          <Unicode>Beſtimmtheit erwarten darf, impoſant und glänzend,</Unicode>
        </TextEquiv>
        <TextStyle fontFamily="Times New Roman" fontSize="6.5"/>
      </TextLine>
      <TextLine id="tl_124" primaryLanguage="German" custom="readingOrder {index:9;}">
        <Coords points="1293,703 2297,703 2297,749 1293,749"/>
        <Baseline points="1293,736 1382,737 1487,736 1585,736 1663,737 1745,737 1963,738 2001,739 2297,739"/>
        <TextEquiv>
          <Unicode>dann wird das für das Junkertum einen furcht⸗</Unicode>
        </TextEquiv>
      </TextLine>
      <TextLine id="tl_125" primaryLanguage="German" custom="readingOrder {index:10;}">
        <Coords points="1293,745 1840,745 1840,790 1293,790"/>
        <Baseline points="1293,780 1382,780 1510,781 1840,782"/>
        <TextEquiv>
          <Unicode>baren Schlag bedeuten.</Unicode>
        </TextEquiv>
      </TextLine>
      <TextEquiv>
        <Unicode>Als der Kampf begann, glaubten die Drei⸗
klaſſenherren hohnlachend auf ihre Macht pochen zu
können; aber je länger er dauerte, deſto ernſter ſind
ihre Mienen geworden. Zum erſtenmal ſeit zwei
Menſchenaltern iſt die preußiſche Reaktion wirklich in
die Verteidigungsſtellung gedrängt worden und mit
jedem Tage wird ihre Lage verzweifelter. Verlaufen
die Verſammlungen der nächſten Tage, wie man mit
Beſtimmtheit erwarten darf, impoſant und glänzend,
dann wird das für das Junkertum einen furcht⸗
baren Schlag bedeuten.</Unicode>
      </TextEquiv>
    </TextRegion>
    <TextRegion type="paragraph" id="r_9_1" custom="readingOrder {index:16;}">
      <Coords points="1505,827 2085,827 2085,890 1505,890"/>
      <TextLine id="tl_126" primaryLanguage="German" custom="readingOrder {index:0;}">
        <Coords points="1506,828 2084,828 2084,889 1506,889"/>
        <Baseline points="1506,886 1596,886 1792,886 2084,889"/>
        <TextEquiv>
          <Unicode>Die neuen Minister.</Unicode>
        </TextEquiv>
        <TextStyle fontFamily="Times New Roman" fontSize="15.0" bold="true"/>
      </TextLine>
      <TextEquiv>
        <Unicode>Die neuen Minister.</Unicode>
      </TextEquiv>
    </TextRegion>
    <TextRegion type="paragraph" id="r_9_2" custom="readingOrder {index:17;}">
      <Coords points="1601,910 1989,910 1989,941 1601,941"/>
      <TextLine id="tl_127" primaryLanguage="German" custom="readingOrder {index:0;}">
        <Coords points="1602,911 1988,911 1988,940 1602,940"/>
        <Baseline points="1602,934 1661,934 1766,935 1986,936"/>
        <TextEquiv>
          <Unicode>(Von unſerem Korreſpondenten.)</Unicode>
        </TextEquiv>
        <TextStyle fontFamily="Times New Roman" fontSize="5.5"/>
      </TextLine>
      <TextEquiv>
        <Unicode>(Von unſerem Korreſpondenten.)</Unicode>
      </TextEquiv>
    </TextRegion>
    <TextRegion type="paragraph" id="r_9_3" custom="readingOrder {index:18;}">
      <Coords points="1972,955 2262,955 2262,992 1972,992"/>
      <TextLine id="tl_128" primaryLanguage="German" custom="readingOrder {index:0;}">
        <Coords points="1973,956 2261,956 2261,991 1973,991"/>
        <Baseline points="1972,986 2100,985 2161,985 2261,985"/>
        <TextEquiv>
          <Unicode>Paris, 28. Juni.</Unicode>
        </TextEquiv>
        <TextStyle fontFamily="Times New Roman" fontSize="5.5"/>
      </TextLine>
      <TextEquiv>
        <Unicode>Paris, 28. Juni.</Unicode>
      </TextEquiv>
    </TextRegion>
    <TextRegion type="paragraph" id="r_9_4" custom="readingOrder {index:19;}">
      <Coords points="1284,1005 2297,1005 2297,2947 1284,2947"/>
      <TextLine id="tl_129" primaryLanguage="German" custom="readingOrder {index:0;}">
        <Coords points="1393,1006 2296,1006 2296,1052 1393,1052"/>
        <Baseline points="1393,1040 1456,1040 1527,1041 1703,1041 1963,1043 2041,1042 2168,1043 2296,1043"/>
        <TextEquiv>
          <Unicode>Um die politiſche Phyſiognomie des neuen Mini⸗</Unicode>
        </TextEquiv>
        <TextStyle fontFamily="Times New Roman" fontSize="6.5"/>
      </TextLine>
      <TextLine id="tl_130" primaryLanguage="German" custom="readingOrder {index:1;}">
        <Coords points="1290,1049 2294,1049 2294,1095 1290,1095"/>
        <Baseline points="1290,1082 1438,1083 1718,1085 1800,1085 2010,1086 2106,1086 2217,1087 2294,1086"/>
        <TextEquiv>
          <Unicode>ſteriums einigermaßen zu entziffern, tut man am</Unicode>
        </TextEquiv>
        <TextStyle fontFamily="Times New Roman" fontSize="6.5"/>
      </TextLine>
      <TextLine id="tl_131" primaryLanguage="German" custom="readingOrder {index:2;}">
        <Coords points="1292,1092 2295,1092 2295,1139 1292,1139"/>
        <Baseline points="1292,1126 1401,1126 1496,1128 1751,1130 1838,1129 1948,1129 2202,1130 2295,1129"/>
        <TextEquiv>
          <Unicode>beſten, die Aeußerungen der zwei Hauptorgane des</Unicode>
        </TextEquiv>
        <TextStyle fontFamily="Times New Roman" fontSize="6.5"/>
      </TextLine>
      <TextLine id="tl_132" primaryLanguage="German" custom="readingOrder {index:3;}">
        <Coords points="1292,1136 2292,1136 2292,1182 1292,1182"/>
        <Baseline points="1292,1170 1519,1170 1579,1171 1788,1172 1902,1172 2087,1172 2202,1172 2295,1173"/>
        <TextEquiv>
          <Unicode>Großkapitals zu betrachten. Der „Temps“ hält ſich</Unicode>
        </TextEquiv>
        <TextStyle fontFamily="Times New Roman" fontSize="6.5"/>
      </TextLine>
      <TextLine id="tl_133" primaryLanguage="German" custom="readingOrder {index:4;}">
        <Coords points="1290,1179 2296,1179 2296,1225 1290,1225"/>
        <Baseline points="1290,1213 1355,1212 1458,1213 1581,1214 1690,1214 1853,1216 2017,1215 2141,1216 2296,1216"/>
        <TextEquiv>
          <Unicode>nur mit Mühe von unklug lautem Jubel zurück:</Unicode>
        </TextEquiv>
        <TextStyle fontFamily="Times New Roman" fontSize="6.5"/>
      </TextLine>
      <TextLine id="tl_134" primaryLanguage="German" custom="readingOrder {index:5;}">
        <Coords points="1291,1222 2295,1222 2295,1268 1291,1268"/>
        <Baseline points="1292,1259 1397,1256 1567,1258 1647,1257 1751,1257 1837,1258 1956,1259 2199,1259 2296,1260"/>
        <TextEquiv>
          <Unicode>„Herr Caillaux hat nicht das große Miniſterium auf⸗</Unicode>
        </TextEquiv>
        <TextStyle fontFamily="Times New Roman" fontSize="6.5"/>
      </TextLine>
      <TextLine id="tl_135" primaryLanguage="German" custom="readingOrder {index:6;}">
        <Coords points="1291,1266 2295,1266 2295,1311 1291,1311"/>
        <Baseline points="1290,1300 1413,1299 1500,1299 1585,1299 1785,1300 1924,1302 2055,1301 2112,1301 2190,1302 2295,1302"/>
        <TextEquiv>
          <Unicode>gebaut, das wir gewünſcht hätten. Aber er hat nicht</Unicode>
        </TextEquiv>
        <TextStyle fontFamily="Times New Roman" fontSize="6.5"/>
      </TextLine>
      <TextLine id="tl_136" primaryLanguage="German" custom="readingOrder {index:7;}">
        <Coords points="1291,1309 2295,1309 2295,1355 1291,1355"/>
        <Baseline points="1291,1344 1441,1343 1512,1343 1563,1344 1592,1343 1628,1344 1654,1343 1680,1344 1715,1344 1740,1344 1769,1344 1801,1345 1826,1345 1849,1345 1879,1345 1916,1345 1946,1344 1978,1345 2008,1345 2033,1345 2056,1345 2081,1345 2104,1345 2129,1345 2200,1346 2295,1345"/>
        <TextEquiv>
          <Unicode>gezögert, die Konzentrationspolitik zu ver⸗</Unicode>
        </TextEquiv>
        <TextStyle fontFamily="Times New Roman" fontSize="6.5"/>
      </TextLine>
      <TextLine id="tl_137" primaryLanguage="German" custom="readingOrder {index:8;}">
        <Coords points="1291,1352 2295,1352 2295,1397 1291,1397"/>
        <Baseline points="1292,1386 1411,1386 1502,1386 1596,1387 1849,1389 2026,1389 2295,1388"/>
        <TextEquiv>
          <Unicode>ſuchen, die den verſchiedenen Parteien repräſentative</Unicode>
        </TextEquiv>
        <TextStyle fontFamily="Times New Roman" fontSize="6.5"/>
      </TextLine>
      <TextLine id="tl_138" primaryLanguage="German" custom="readingOrder {index:9;}">
        <Coords points="1292,1395 2296,1395 2296,1440 1292,1440"/>
        <Baseline points="1292,1429 1451,1429 1672,1431 1820,1431 2006,1431 2097,1431 2295,1434"/>
        <TextEquiv>
          <Unicode>Elemente entnimmt.“ Wohl bedauert der „Temps“,</Unicode>
        </TextEquiv>
        <TextStyle fontFamily="Times New Roman" fontSize="6.5"/>
      </TextLine>
      <TextLine id="tl_139" primaryLanguage="German" custom="readingOrder {index:10;}">
        <Coords points="1291,1438 2296,1438 2296,1484 1291,1484"/>
        <Baseline points="1291,1471 1358,1473 1458,1471 1625,1473 1711,1473 1914,1473 2017,1474 2208,1476 2296,1474"/>
        <TextEquiv>
          <Unicode>daß Herr Etienne, ſein Brotgeber, der Häuptling der</Unicode>
        </TextEquiv>
        <TextStyle fontFamily="Times New Roman" fontSize="6.5"/>
      </TextLine>
      <TextLine id="tl_140" primaryLanguage="German" custom="readingOrder {index:11;}">
        <Coords points="1291,1481 2293,1481 2293,1532 1291,1532"/>
        <Baseline points="1291,1515 1546,1517 1689,1515 1989,1517 2203,1517 2293,1517"/>
        <TextEquiv>
          <Unicode>Marokkoclique, nicht Kriegsminiſter geworden iſt.</Unicode>
        </TextEquiv>
        <TextStyle fontFamily="Times New Roman" fontSize="6.5"/>
      </TextLine>
      <TextLine id="tl_141" primaryLanguage="German" custom="readingOrder {index:12;}">
        <Coords points="1292,1524 2295,1524 2295,1570 1292,1570"/>
        <Baseline points="1291,1558 1393,1558 1562,1559 1696,1559 1756,1560 1883,1561 1959,1560 2029,1561 2165,1562 2296,1560"/>
        <TextEquiv>
          <Unicode>„Herr Etienne,“ meint er, „wäre von der ganzen Armee</Unicode>
        </TextEquiv>
        <TextStyle fontFamily="Times New Roman" fontSize="6.5"/>
      </TextLine>
      <TextLine id="tl_142" primaryLanguage="German" custom="readingOrder {index:13;}">
        <Coords points="1291,1567 2295,1567 2295,1612 1291,1612"/>
        <Baseline points="1291,1600 1350,1600 1493,1601 1727,1602 1920,1603 2040,1604 2185,1603 2295,1603"/>
        <TextEquiv>
          <Unicode>mit Freude empfangen worden.“ Die Freude wäre</Unicode>
        </TextEquiv>
        <TextStyle fontFamily="Times New Roman" fontSize="6.5"/>
      </TextLine>
      <TextLine id="tl_143" primaryLanguage="German" custom="readingOrder {index:14;}">
        <Coords points="1290,1610 2295,1610 2295,1654 1290,1654"/>
        <Baseline points="1290,1643 1340,1644 1421,1644 1604,1645 1795,1645 1884,1646 1942,1645 2113,1646 2213,1646 2294,1646"/>
        <TextEquiv>
          <Unicode>bei den einfachen Soldaten, die in Marokko oder gar</Unicode>
        </TextEquiv>
        <TextStyle fontFamily="Times New Roman" fontSize="6.5"/>
      </TextLine>
      <TextLine id="tl_144" primaryLanguage="German" custom="readingOrder {index:15;}">
        <Coords points="1290,1653 2295,1653 2295,1697 1290,1697"/>
        <Baseline points="1290,1686 1347,1686 1586,1687 1932,1690 2018,1689 2294,1689"/>
        <TextEquiv>
          <Unicode>auf europäiſchen Kriegsſchauplätzen kein Avancements⸗</Unicode>
        </TextEquiv>
        <TextStyle fontFamily="Times New Roman" fontSize="6.5"/>
      </TextLine>
      <TextLine id="tl_145" primaryLanguage="German" custom="readingOrder {index:16;}">
        <Coords points="1289,1696 2295,1696 2295,1741 1289,1741"/>
        <Baseline points="1289,1730 1455,1729 1543,1729 1672,1731 1785,1733 1876,1732 2081,1732 2295,1733"/>
        <TextEquiv>
          <Unicode>bedürfnis und keinen Durſt nach Heldentum befriedigen</Unicode>
        </TextEquiv>
        <TextStyle fontFamily="Times New Roman" fontSize="6.5"/>
      </TextLine>
      <TextLine id="tl_146" primaryLanguage="German" custom="readingOrder {index:17;}">
        <Coords points="1288,1739 2293,1739 2293,1784 1288,1784"/>
        <Baseline points="1286,1772 1417,1775 1548,1773 1675,1773 1778,1774 1846,1775 2122,1775 2293,1775"/>
        <TextEquiv>
          <Unicode>wollen, wohl nicht gar ſo überwältigend geweſen.</Unicode>
        </TextEquiv>
        <TextStyle fontFamily="Times New Roman" fontSize="6.5"/>
      </TextLine>
      <TextLine id="tl_147" primaryLanguage="German" custom="readingOrder {index:18;}">
        <Coords points="1289,1782 2294,1782 2294,1828 1289,1828"/>
        <Baseline points="1289,1816 1374,1816 1513,1817 1611,1816 1796,1818 1876,1818 2018,1818 2294,1818"/>
        <TextEquiv>
          <Unicode>Aber wenn der „Temps“ in ſeinen weltpolitiſchen</Unicode>
        </TextEquiv>
        <TextStyle fontFamily="Times New Roman" fontSize="6.5"/>
      </TextLine>
      <TextLine id="tl_148" primaryLanguage="German" custom="readingOrder {index:19;}">
        <Coords points="1290,1825 2293,1825 2293,1878 1290,1878"/>
        <Baseline points="1290,1859 1465,1859 1571,1859 1660,1860 1847,1861 1915,1862 1970,1862 2105,1861 2154,1861 2292,1862"/>
        <TextEquiv>
          <Unicode>Wünſchen nicht voll befriedigt iſt, ſo nimmt er freudig</Unicode>
        </TextEquiv>
        <TextStyle fontFamily="Times New Roman" fontSize="6.5"/>
      </TextLine>
      <TextLine id="tl_149" primaryLanguage="German" custom="readingOrder {index:20;}">
        <Coords points="1289,1868 2295,1868 2295,1915 1289,1915"/>
        <Baseline points="1289,1902 1337,1902 1589,1904 1681,1905 1772,1904 1876,1905 2042,1905 2082,1905 2293,1905"/>
        <TextEquiv>
          <Unicode>die Bürgſchaften an, die ihm Caillaux in ſozial⸗</Unicode>
        </TextEquiv>
      </TextLine>
      <TextLine id="tl_150" primaryLanguage="German" custom="readingOrder {index:21;}">
        <Coords points="1289,1912 2295,1912 2295,1958 1289,1958"/>
        <Baseline points="1288,1948 1311,1948 1765,1951 1875,1949 2004,1950 2099,1950 2153,1949 2182,1948 2222,1947 2247,1948 2276,1948 2295,1948"/>
        <TextEquiv>
          <Unicode>politiſcher Beziehung bietet. Denn Herr Dumont</Unicode>
        </TextEquiv>
      </TextLine>
      <TextLine id="tl_151" primaryLanguage="German" custom="readingOrder {index:22;}">
        <Coords points="1289,1955 2291,1955 2291,2000 1289,2000"/>
        <Baseline points="1289,1989 1326,1988 1389,1988 1653,1989 1874,1991 2015,1991 2289,1991"/>
        <TextEquiv>
          <Unicode>iſt abgetan „als Opfer der eigenen</Unicode>
        </TextEquiv>
      </TextLine>
      <TextLine id="tl_152" primaryLanguage="German" custom="readingOrder {index:23;}">
        <Coords points="1289,1999 2294,1999 2294,2044 1289,2044"/>
        <Baseline points="1289,2032 1321,2032 1739,2033 1821,2034 1961,2034 2053,2034 2294,2033"/>
        <TextEquiv>
          <Unicode>Drohungen“, die er gegen die Eiſenbahn⸗</Unicode>
        </TextEquiv>
      </TextLine>
      <TextLine id="tl_153" primaryLanguage="German" custom="readingOrder {index:24;}">
        <Coords points="1289,2042 2294,2042 2294,2087 1289,2087"/>
        <Baseline points="1290,2074 1514,2076 1683,2076 1818,2078 2039,2077 2293,2078"/>
        <TextEquiv>
          <Unicode>geſellſchaften richtete. Sein Nachfolger Augagneur,</Unicode>
        </TextEquiv>
        <TextStyle fontFamily="Times New Roman" fontSize="6.5"/>
      </TextLine>
      <TextLine id="tl_154" primaryLanguage="German" custom="readingOrder {index:25;}">
        <Coords points="1289,2085 2294,2085 2294,2129 1289,2129"/>
        <Baseline points="1289,2119 1365,2120 1426,2118 1487,2119 1668,2120 1791,2119 1846,2119 2140,2122 2294,2121"/>
        <TextEquiv>
          <Unicode>weiß er zu berichten, hat die Abſicht, eine</Unicode>
        </TextEquiv>
      </TextLine>
      <TextLine id="tl_155" primaryLanguage="German" custom="readingOrder {index:26;}">
        <Coords points="1289,2127 2294,2127 2294,2172 1289,2172"/>
        <Baseline points="1289,2161 1475,2161 1747,2163 2031,2163 2294,2163"/>
        <TextEquiv>
          <Unicode>andere Methode einzuſchlagen: „Er</Unicode>
        </TextEquiv>
      </TextLine>
      <TextLine id="tl_156" primaryLanguage="German" custom="readingOrder {index:27;}">
        <Coords points="1288,2170 2294,2170 2294,2216 1288,2216"/>
        <Baseline points="1288,2203 1370,2203 1477,2204 1563,2204 1645,2205 1884,2206 1960,2206 2039,2206 2233,2207 2294,2207"/>
        <TextEquiv>
          <Unicode>wird nicht nur den Zugsverkehr auf der Weſtbahn zu</Unicode>
        </TextEquiv>
        <TextStyle fontFamily="Times New Roman" fontSize="6.5"/>
      </TextLine>
      <TextLine id="tl_157" primaryLanguage="German" custom="readingOrder {index:28;}">
        <Coords points="1288,2214 2294,2214 2294,2258 1288,2258"/>
        <Baseline points="1288,2246 1499,2249 1673,2248 1785,2251 1911,2249 2014,2249 2206,2249 2294,2249"/>
        <TextEquiv>
          <Unicode>überwachen, ſondern auch unter dem Perſonal der</Unicode>
        </TextEquiv>
        <TextStyle fontFamily="Times New Roman" fontSize="6.5"/>
      </TextLine>
      <TextLine id="tl_158" primaryLanguage="German" custom="readingOrder {index:29;}">
        <Coords points="1289,2257 2293,2257 2293,2301 1289,2301"/>
        <Baseline points="1289,2291 1507,2290 1637,2290 1910,2292 2002,2291 2219,2292 2293,2292"/>
        <TextEquiv>
          <Unicode>Eiſenbahnen jenen Reichsfrieden zur Herrſchaft zu</Unicode>
        </TextEquiv>
        <TextStyle fontFamily="Times New Roman" fontSize="6.5"/>
      </TextLine>
      <TextLine id="tl_159" primaryLanguage="German" custom="readingOrder {index:30;}">
        <Coords points="1288,2299 2294,2299 2294,2345 1288,2345"/>
        <Baseline points="1288,2332 1423,2334 1578,2335 1687,2333 1806,2335 1956,2335 2051,2335 2292,2336"/>
        <TextEquiv>
          <Unicode>bringen haben, der ſich durch die „Waffen“,</Unicode>
        </TextEquiv>
        <TextStyle fontFamily="Times New Roman" fontSize="6.5"/>
      </TextLine>
      <TextLine id="tl_160" primaryLanguage="German" custom="readingOrder {index:31;}">
        <Coords points="1287,2342 2293,2342 2293,2388 1287,2388"/>
        <Baseline points="1287,2374 1381,2375 1455,2376 1565,2375 1747,2377 1947,2377 2140,2378 2218,2378 2293,2377"/>
        <TextEquiv>
          <Unicode>deren ſich Herr Dumont, allerdings vergeblich, zu be⸗</Unicode>
        </TextEquiv>
        <TextStyle fontFamily="Times New Roman" fontSize="6.5"/>
      </TextLine>
      <TextLine id="tl_161" primaryLanguage="German" custom="readingOrder {index:32;}">
        <Coords points="1287,2385 2292,2385 2292,2430 1287,2430"/>
        <Baseline points="1287,2417 1399,2419 1561,2419 1657,2420 1775,2419 1990,2421 2125,2420 2292,2420"/>
        <TextEquiv>
          <Unicode>dienen gedacht hat, nicht erzwingen läßt.“ Weiter</Unicode>
        </TextEquiv>
        <TextStyle fontFamily="Times New Roman" fontSize="6.5"/>
      </TextLine>
      <TextLine id="tl_162" primaryLanguage="German" custom="readingOrder {index:33;}">
        <Coords points="1288,2429 2290,2429 2290,2473 1288,2473"/>
        <Baseline points="1288,2461 1437,2461 1503,2461 1689,2464 1772,2463 1837,2463 2002,2465 2080,2464 2289,2465"/>
        <TextEquiv>
          <Unicode>erwartet der „Temps“, daß ſich Caillaux mit Augagneur</Unicode>
        </TextEquiv>
        <TextStyle fontFamily="Times New Roman" fontSize="6.5"/>
      </TextLine>
      <TextLine id="tl_163" primaryLanguage="German" custom="readingOrder {index:34;}">
        <Coords points="1286,2471 2289,2471 2289,2516 1286,2516"/>
        <Baseline points="1286,2504 1395,2505 1471,2504 1723,2506 1803,2506 2222,2507 2289,2506"/>
        <TextEquiv>
          <Unicode>wegen der Auslieferung der Bergwerkskonzeſſionen an</Unicode>
        </TextEquiv>
        <TextStyle fontFamily="Times New Roman" fontSize="6.5"/>
      </TextLine>
      <TextLine id="tl_164" primaryLanguage="German" custom="readingOrder {index:35;}">
        <Coords points="1287,2514 2290,2514 2290,2559 1287,2559"/>
        <Baseline points="1287,2546 1334,2548 1659,2549 1749,2548 2041,2550 2182,2549 2290,2549"/>
        <TextEquiv>
          <Unicode>die Großkapitaliſten ins Einvernehmen geſetzt hat.</Unicode>
        </TextEquiv>
        <TextStyle fontFamily="Times New Roman" fontSize="6.5"/>
      </TextLine>
      <TextLine id="tl_165" primaryLanguage="German" custom="readingOrder {index:36;}">
        <Coords points="1286,2556 2293,2556 2293,2602 1286,2602"/>
        <Baseline points="1286,2591 1357,2590 1476,2590 1554,2592 1789,2591 1881,2592 2046,2593 2293,2593"/>
        <TextEquiv>
          <Unicode>Und wenn ihn Augagneurs, des einſtigen ſozialiſtiſchen</Unicode>
        </TextEquiv>
        <TextStyle fontFamily="Times New Roman" fontSize="6.5"/>
      </TextLine>
      <TextLine id="tl_166" primaryLanguage="German" custom="readingOrder {index:37;}">
        <Coords points="1285,2600 2292,2600 2292,2645 1285,2645"/>
        <Baseline points="1285,2634 1556,2634 1653,2635 1786,2638 2019,2636 2218,2636 2292,2636"/>
        <TextEquiv>
          <Unicode>Bürgermeiſters von Lyon, autoritärer Charakter ein</Unicode>
        </TextEquiv>
        <TextStyle fontFamily="Times New Roman" fontSize="6.5"/>
      </TextLine>
      <TextLine id="tl_167" primaryLanguage="German" custom="readingOrder {index:38;}">
        <Coords points="1286,2644 2292,2644 2292,2688 1286,2688"/>
        <Baseline points="1285,2678 1390,2679 1626,2679 1681,2679 1828,2679 2047,2679 2127,2680 2217,2680 2292,2679"/>
        <TextEquiv>
          <Unicode>wenig beunruhigt, ſo erkennt dankbar an, daß die</Unicode>
        </TextEquiv>
        <TextStyle fontFamily="Times New Roman" fontSize="6.5"/>
      </TextLine>
      <TextLine id="tl_168" primaryLanguage="German" custom="readingOrder {index:39;}">
        <Coords points="1287,2687 2290,2687 2290,2730 1287,2730"/>
        <Baseline points="1287,2720 1524,2720 1622,2720 1762,2720 2113,2721 2292,2724"/>
        <TextEquiv>
          <Unicode>Perſönlichkeit des neuen Kolonienminiſters Lebrun,</Unicode>
        </TextEquiv>
        <TextStyle fontFamily="Times New Roman" fontSize="6.5"/>
      </TextLine>
      <TextLine id="tl_169" primaryLanguage="German" custom="readingOrder {index:40;}">
        <Coords points="1288,2730 2292,2730 2292,2774 1288,2774"/>
        <Baseline points="1288,2763 1372,2763 1594,2763 1672,2766 1997,2765 2075,2764 2214,2766 2292,2766"/>
        <TextEquiv>
          <Unicode>eines Schützlings der Großinduſtriellen des Oſtens, ein</Unicode>
        </TextEquiv>
        <TextStyle fontFamily="Times New Roman" fontSize="6.5"/>
      </TextLine>
      <TextLine id="tl_170" primaryLanguage="German" custom="readingOrder {index:41;}">
        <Coords points="1288,2772 2293,2772 2293,2824 1288,2824"/>
        <Baseline points="1289,2807 1430,2806 1696,2809 1832,2808 1910,2807 2024,2808 2127,2807 2293,2808"/>
        <TextEquiv>
          <Unicode>„leichtes Gegengewicht“ gegen ihn bilde. Jetzt erwartet</Unicode>
        </TextEquiv>
        <TextStyle fontFamily="Times New Roman" fontSize="6.5"/>
      </TextLine>
      <TextLine id="tl_171" primaryLanguage="German" custom="readingOrder {index:42;}">
        <Coords points="1287,2815 2291,2815 2291,2859 1287,2859"/>
        <Baseline points="1287,2848 1319,2848 1416,2849 1521,2852 1596,2850 1839,2851 1917,2850 2178,2850 2291,2851"/>
        <TextEquiv>
          <Unicode>er nur noch die Erklärungen des Miniſteriums über</Unicode>
        </TextEquiv>
        <TextStyle fontFamily="Times New Roman" fontSize="6.5"/>
      </TextLine>
      <TextLine id="tl_172" primaryLanguage="German" custom="readingOrder {index:43;}">
        <Coords points="1286,2858 2291,2858 2291,2903 1286,2903"/>
        <Baseline points="1286,2891 1334,2892 1612,2894 1715,2892 1919,2894 2022,2893 2109,2893 2292,2896"/>
        <TextEquiv>
          <Unicode>die Unterdrückung der Sabotage und die Wieder⸗</Unicode>
        </TextEquiv>
        <TextStyle fontFamily="Times New Roman" fontSize="6.5"/>
      </TextLine>
      <TextLine id="tl_173" primaryLanguage="German" custom="readingOrder {index:44;}">
        <Coords points="1287,2901 1777,2901 1777,2946 1287,2946"/>
        <Baseline points="1287,2935 1449,2936 1532,2936 1777,2936"/>
        <TextEquiv>
          <Unicode>einſetzung der Eiſenbahner.</Unicode>
        </TextEquiv>
        <TextStyle fontFamily="Times New Roman" fontSize="6.5"/>
      </TextLine>
      <TextEquiv>
        <Unicode>Um die politiſche Phyſiognomie des neuen Mini⸗
ſteriums einigermaßen zu entziffern, tut man am
beſten, die Aeußerungen der zwei Hauptorgane des
Großkapitals zu betrachten. Der „Temps“ hält ſich
nur mit Mühe von unklug lautem Jubel zurück:
„Herr Caillaux hat nicht das große Miniſterium auf⸗
gebaut, das wir gewünſcht hätten. Aber er hat nicht
gezögert, die Konzentrationspolitik zu ver⸗
ſuchen, die den verſchiedenen Parteien repräſentative
Elemente entnimmt.“ Wohl bedauert der „Temps“,
daß Herr Etienne, ſein Brotgeber, der Häuptling der
Marokkoclique, nicht Kriegsminiſter geworden iſt.
„Herr Etienne,“ meint er, „wäre von der ganzen Armee
mit Freude empfangen worden.“ Die Freude wäre
bei den einfachen Soldaten, die in Marokko oder gar
auf europäiſchen Kriegsſchauplätzen kein Avancements⸗
bedürfnis und keinen Durſt nach Heldentum befriedigen
wollen, wohl nicht gar ſo überwältigend geweſen.
Aber wenn der „Temps“ in ſeinen weltpolitiſchen
Wünſchen nicht voll befriedigt iſt, ſo nimmt er freudig
die Bürgſchaften an, die ihm Caillaux in ſozial⸗
politiſcher Beziehung bietet. Denn Herr Dumont
iſt abgetan „als Opfer der eigenen
Drohungen“, die er gegen die Eiſenbahn⸗
geſellſchaften richtete. Sein Nachfolger Augagneur,
weiß er zu berichten, hat die Abſicht, eine
andere Methode einzuſchlagen: „Er
wird nicht nur den Zugsverkehr auf der Weſtbahn zu
überwachen, ſondern auch unter dem Perſonal der
Eiſenbahnen jenen Reichsfrieden zur Herrſchaft zu
bringen haben, der ſich durch die „Waffen“,
deren ſich Herr Dumont, allerdings vergeblich, zu be⸗
dienen gedacht hat, nicht erzwingen läßt.“ Weiter
erwartet der „Temps“, daß ſich Caillaux mit Augagneur
wegen der Auslieferung der Bergwerkskonzeſſionen an
die Großkapitaliſten ins Einvernehmen geſetzt hat.
Und wenn ihn Augagneurs, des einſtigen ſozialiſtiſchen
Bürgermeiſters von Lyon, autoritärer Charakter ein
wenig beunruhigt, ſo erkennt dankbar an, daß die
Perſönlichkeit des neuen Kolonienminiſters Lebrun,
eines Schützlings der Großinduſtriellen des Oſtens, ein
„leichtes Gegengewicht“ gegen ihn bilde. Jetzt erwartet
er nur noch die Erklärungen des Miniſteriums über
die Unterdrückung der Sabotage und die Wieder⸗
einſetzung der Eiſenbahner.</Unicode>
      </TextEquiv>
    </TextRegion>
    <TextRegion type="paragraph" id="r_9_5" custom="readingOrder {index:20;}">
      <Coords points="1284,2944 2294,2944 2294,3247 1284,3247"/>
      <TextLine id="tl_174" primaryLanguage="German" custom="readingOrder {index:0;}">
        <Coords points="1390,2945 2290,2945 2290,2989 1390,2989"/>
        <Baseline points="1390,2980 1540,2978 1723,2979 1783,2978 1865,2980 2048,2980 2118,2980 2290,2981"/>
        <TextEquiv>
          <Unicode>Weniger zufrieden iſt das „Journal des Débats“.</Unicode>
        </TextEquiv>
        <TextStyle fontFamily="Times New Roman" fontSize="6.5"/>
      </TextLine>
      <TextLine id="tl_175" primaryLanguage="German" custom="readingOrder {index:1;}">
        <Coords points="1288,2987 2293,2987 2293,3032 1288,3032"/>
        <Baseline points="1288,3022 1373,3021 1568,3022 1789,3021 1857,3023 1933,3022 2025,3023 2158,3023 2293,3024"/>
        <TextEquiv>
          <Unicode>Aber immerhin verzeichnet es als „die größte Kühn⸗</Unicode>
        </TextEquiv>
        <TextStyle fontFamily="Times New Roman" fontSize="6.5"/>
      </TextLine>
      <TextLine id="tl_176" primaryLanguage="German" custom="readingOrder {index:2;}">
        <Coords points="1285,3031 2292,3031 2292,3074 1285,3074"/>
        <Baseline points="1285,3065 1365,3064 1561,3066 1647,3066 1936,3066 2215,3067 2291,3066"/>
        <TextEquiv>
          <Unicode>heit“ Caillaux', den Arbeitsminiſter Paul-Boncour, den</Unicode>
        </TextEquiv>
        <TextStyle fontFamily="Times New Roman" fontSize="6.5"/>
      </TextLine>
      <TextLine id="tl_177" primaryLanguage="German" custom="readingOrder {index:3;}">
        <Coords points="1287,3073 2290,3073 2290,3118 1287,3118"/>
        <Baseline points="1286,3110 1504,3108 1593,3108 1903,3111 2290,3109"/>
        <TextEquiv>
          <Unicode>„Verteidiger des unausführbaren Altersverſicherungs⸗</Unicode>
        </TextEquiv>
        <TextStyle fontFamily="Times New Roman" fontSize="6.5"/>
      </TextLine>
      <TextLine id="tl_178" primaryLanguage="German" custom="readingOrder {index:4;}">
        <Coords points="1286,3117 2291,3117 2291,3160 1286,3160"/>
        <Baseline points="1284,3152 1437,3149 1550,3150 1655,3151 1978,3151 2176,3154 2291,3153"/>
        <TextEquiv>
          <Unicode>geſetzes“, und den Arbeitsminiſter Dumont, „den</Unicode>
        </TextEquiv>
        <TextStyle fontFamily="Times New Roman" fontSize="6.5"/>
      </TextLine>
      <TextLine id="tl_179" primaryLanguage="German" custom="readingOrder {index:5;}">
        <Coords points="1288,3160 2291,3160 2291,3204 1288,3204"/>
        <Baseline points="1288,3194 1489,3194 1577,3194 1878,3197 2157,3198 2291,3196"/>
        <TextEquiv>
          <Unicode>Apologiſten der revolutionären Eiſenbahner“, verab⸗</Unicode>
        </TextEquiv>
        <TextStyle fontFamily="Times New Roman" fontSize="6.5"/>
      </TextLine>
      <TextLine id="tl_180" primaryLanguage="German" custom="readingOrder {index:6;}">
        <Coords points="1286,3203 1605,3203 1605,3246 1286,3246"/>
        <Baseline points="1287,3237 1412,3236 1471,3237 1605,3237"/>
        <TextEquiv>
          <Unicode>ſchiedet zu haben.</Unicode>
        </TextEquiv>
        <TextStyle fontFamily="Times New Roman" fontSize="6.5"/>
      </TextLine>
      <TextEquiv>
        <Unicode>Weniger zufrieden iſt das „Journal des Débats“.
Aber immerhin verzeichnet es als „die größte Kühn⸗
heit“ Caillaux', den Arbeitsminiſter Paul-Boncour, den
„Verteidiger des unausführbaren Altersverſicherungs⸗
geſetzes“, und den Arbeitsminiſter Dumont, „den
Apologiſten der revolutionären Eiſenbahner“, verab⸗
ſchiedet zu haben.</Unicode>
      </TextEquiv>
    </TextRegion>
    <TextRegion type="paragraph" id="r_9_6" custom="readingOrder {index:21;}">
      <Coords points="1284,3245 2293,3245 2293,3727 1284,3727"/>
      <TextLine id="tl_181" primaryLanguage="German" custom="readingOrder {index:0;}">
        <Coords points="1388,3246 2289,3246 2289,3291 1388,3291"/>
        <Baseline points="1388,3280 1452,3279 1737,3281 1851,3281 1932,3282 2012,3281 2105,3283 2282,3284"/>
        <TextEquiv>
          <Unicode>Am bezeichnendſten aber iſt, daß der „Temps“</Unicode>
        </TextEquiv>
        <TextStyle fontFamily="Times New Roman" fontSize="6.5"/>
      </TextLine>
      <TextLine id="tl_182" primaryLanguage="German" custom="readingOrder {index:1;}">
        <Coords points="1286,3289 2290,3289 2290,3335 1286,3335"/>
        <Baseline points="1286,3322 1360,3322 1521,3326 1587,3324 1711,3324 1890,3326 2104,3325 2161,3325 2290,3326"/>
        <TextEquiv>
          <Unicode>vom Proporz, zu deſſen eifrigſten Verfechtern er bisher</Unicode>
        </TextEquiv>
        <TextStyle fontFamily="Times New Roman" fontSize="6.5"/>
      </TextLine>
      <TextLine id="tl_183" primaryLanguage="German" custom="readingOrder {index:2;}">
        <Coords points="1287,3333 2290,3333 2290,3378 1287,3378"/>
        <Baseline points="1287,3367 1397,3364 1480,3365 1715,3366 1970,3368 2073,3368 2148,3368 2291,3369"/>
        <TextEquiv>
          <Unicode>zählte, mit auffallender Zurückhaltung und das „Jour⸗</Unicode>
        </TextEquiv>
        <TextStyle fontFamily="Times New Roman" fontSize="6.5"/>
      </TextLine>
      <TextLine id="tl_184" primaryLanguage="German" custom="readingOrder {index:3;}">
        <Coords points="1288,3375 2290,3375 2290,3423 1288,3423"/>
        <Baseline points="1288,3410 1346,3409 1444,3410 1625,3411 1776,3411 1999,3413 2125,3412 2290,3412"/>
        <TextEquiv>
          <Unicode>nal des Débats“ davon überhaupt nicht ſpricht.</Unicode>
        </TextEquiv>
        <TextStyle fontFamily="Times New Roman" fontSize="6.5"/>
      </TextLine>
      <TextLine id="tl_185" primaryLanguage="German" custom="readingOrder {index:4;}">
        <Coords points="1289,3419 2291,3419 2291,3466 1289,3466"/>
        <Baseline points="1289,3454 1357,3453 1458,3453 1643,3453 1743,3453 2047,3455 2186,3456 2291,3456"/>
        <TextEquiv>
          <Unicode>Für eine Rückkehr zur Aggreſſivpolitik gegen das</Unicode>
        </TextEquiv>
        <TextStyle fontFamily="Times New Roman" fontSize="6.5"/>
      </TextLine>
      <TextLine id="tl_186" primaryLanguage="German" custom="readingOrder {index:5;}">
        <Coords points="1287,3463 2291,3463 2291,3514 1287,3514"/>
        <Baseline points="1287,3495 1488,3497 1621,3497 1698,3497 1817,3498 1955,3499 2039,3499 2209,3499 2291,3500"/>
        <TextEquiv>
          <Unicode>Proletariat wären ſie wohl bereit, den Proporz ſtill</Unicode>
        </TextEquiv>
        <TextStyle fontFamily="Times New Roman" fontSize="6.5"/>
      </TextLine>
      <TextLine id="tl_187" primaryLanguage="German" custom="readingOrder {index:6;}">
        <Coords points="1288,3506 2291,3506 2291,3551 1288,3551"/>
        <Baseline points="1288,3540 1500,3540 1608,3540 1874,3542 1992,3541 2144,3543 2219,3542 2291,3543"/>
        <TextEquiv>
          <Unicode>einzuſargen. Die Freitagſitzung wird zeigen, ob die</Unicode>
        </TextEquiv>
        <TextStyle fontFamily="Times New Roman" fontSize="6.5"/>
      </TextLine>
      <TextLine id="tl_188" primaryLanguage="German" custom="readingOrder {index:7;}">
        <Coords points="1287,3549 2292,3549 2292,3596 1287,3596"/>
        <Baseline points="1287,3583 1503,3583 1746,3583 1817,3584 2090,3586 2226,3587 2292,3586"/>
        <TextEquiv>
          <Unicode>bürgerlichen Republikaner die Schamloſigkeit haben, ihr</Unicode>
        </TextEquiv>
        <TextStyle fontFamily="Times New Roman" fontSize="6.5"/>
      </TextLine>
      <TextLine id="tl_189" primaryLanguage="German" custom="readingOrder {index:8;}">
        <Coords points="1286,3593 2291,3593 2291,3638 1286,3638"/>
        <Baseline points="1286,3629 1410,3628 1508,3626 1662,3627 1878,3629 1947,3628 2118,3629 2207,3629 2291,3630"/>
        <TextEquiv>
          <Unicode>Votum vom vorigen Donnerstag zu verraten und eine</Unicode>
        </TextEquiv>
        <TextStyle fontFamily="Times New Roman" fontSize="6.5"/>
      </TextLine>
      <TextLine id="tl_190" primaryLanguage="German" custom="readingOrder {index:9;}">
        <Coords points="1286,3635 2291,3635 2291,3682 1286,3682"/>
        <Baseline points="1284,3673 1371,3670 1491,3670 1572,3669 1814,3671 2078,3672 2168,3672 2292,3674"/>
        <TextEquiv>
          <Unicode>Hetze gegen die organiſierte Arbeiterſchaft als Erſatz</Unicode>
        </TextEquiv>
        <TextStyle fontFamily="Times New Roman" fontSize="6.5"/>
      </TextLine>
      <TextLine id="tl_191" primaryLanguage="German" custom="readingOrder {index:10;}">
        <Coords points="1285,3678 2113,3678 2113,3726 1285,3726"/>
        <Baseline points="1282,3714 1339,3714 1411,3714 1652,3714 1710,3714 1884,3716 1946,3716 2113,3717"/>
        <TextEquiv>
          <Unicode>für die Wahlreform in Zahlung zu nehmen.</Unicode>
        </TextEquiv>
        <TextStyle fontFamily="Times New Roman" fontSize="6.5"/>
      </TextLine>
      <TextEquiv>
        <Unicode>Am bezeichnendſten aber iſt, daß der „Temps“
vom Proporz, zu deſſen eifrigſten Verfechtern er bisher
zählte, mit auffallender Zurückhaltung und das „Jour⸗
nal des Débats“ davon überhaupt nicht ſpricht.
Für eine Rückkehr zur Aggreſſivpolitik gegen das
Proletariat wären ſie wohl bereit, den Proporz ſtill
einzuſargen. Die Freitagſitzung wird zeigen, ob die
bürgerlichen Republikaner die Schamloſigkeit haben, ihr
Votum vom vorigen Donnerstag zu verraten und eine
Hetze gegen die organiſierte Arbeiterſchaft als Erſatz
für die Wahlreform in Zahlung zu nehmen.</Unicode>
      </TextEquiv>
    </TextRegion>
    <TextRegion type="paragraph" id="r_10_1" custom="readingOrder {index:22;}">
      <Coords points="1475,3801 2108,3801 2108,3842 1475,3842"/>
      <TextLine id="tl_192" primaryLanguage="German" custom="readingOrder {index:0;}">
        <Coords points="1476,3802 2107,3802 2107,3841 1476,3841"/>
        <Baseline points="1476,3832 1537,3832 1914,3834 2107,3834"/>
        <TextEquiv>
          <Unicode>Die Regierungserklärung Caillaux'.</Unicode>
        </TextEquiv>
        <TextStyle fontFamily="Times New Roman" fontSize="6.0" bold="true"/>
      </TextLine>
      <TextEquiv>
        <Unicode>Die Regierungserklärung Caillaux'.</Unicode>
      </TextEquiv>
    </TextRegion>
    <TextRegion type="paragraph" id="r_10_2" custom="readingOrder {index:23;}">
      <Coords points="1282,3853 2294,3853 2294,4713 1282,4713"/>
      <TextLine id="tl_193" primaryLanguage="German" custom="readingOrder {index:0;}">
        <Coords points="1390,3854 2293,3854 2293,3890 1390,3890"/>
        <Baseline points="1391,3886 1503,3886 1563,3885 1662,3884 1742,3884 1791,3884 1866,3884 1905,3885 1937,3885 1977,3886 2019,3886 2047,3886 2073,3885 2148,3885 2207,3887 2253,3887 2293,3886"/>
        <TextEquiv>
          <Unicode>Paris, 30. Juni. Die in der Kammer und im Se⸗</Unicode>
        </TextEquiv>
        <TextStyle fontFamily="Times New Roman" fontSize="5.5"/>
      </TextLine>
      <TextLine id="tl_194" primaryLanguage="German" custom="readingOrder {index:1;}">
        <Coords points="1286,3898 2292,3898 2292,3938 1286,3938"/>
        <Baseline points="1286,3926 1305,3926 1335,3926 1359,3926 1526,3925 1874,3927 2016,3927 2100,3927 2292,3929"/>
        <TextEquiv>
          <Unicode>nat verleſene Regierungserklärung fordert das Parlament</Unicode>
        </TextEquiv>
        <TextStyle fontFamily="Times New Roman" fontSize="5.5"/>
      </TextLine>
      <TextLine id="tl_195" primaryLanguage="German" custom="readingOrder {index:2;}">
        <Coords points="1286,3940 2293,3940 2293,3977 1286,3977"/>
        <Baseline points="1286,3968 1339,3969 1478,3969 1539,3968 1647,3967 1681,3967 2016,3970 2124,3970 2179,3970 2210,3971 2238,3972 2293,3971"/>
        <TextEquiv>
          <Unicode>auf, zunächſt die Frage der Abgrenzung des Cham⸗</Unicode>
        </TextEquiv>
      </TextLine>
      <TextLine id="tl_196" primaryLanguage="German" custom="readingOrder {index:3;}">
        <Coords points="1284,3981 2292,3981 2292,4020 1284,4020"/>
        <Baseline points="1284,4014 1304,4014 1736,4010 1795,4011 1859,4011 1911,4013 1942,4013 1969,4013 1994,4014 2020,4012 2045,4013 2066,4014 2096,4013 2122,4013 2164,4015 2216,4014 2293,4015"/>
        <TextEquiv>
          <Unicode>pagnegebietes ſowie die der Wahlreform zu ver⸗</Unicode>
        </TextEquiv>
      </TextLine>
      <TextLine id="tl_197" primaryLanguage="German" custom="readingOrder {index:4;}">
        <Coords points="1285,4026 2293,4026 2293,4062 1285,4062"/>
        <Baseline points="1285,4054 1433,4054 1549,4052 1622,4052 1692,4053 1772,4052 1857,4054 2068,4055 2168,4055 2293,4057"/>
        <TextEquiv>
          <Unicode>abſchieden, welche nur mit Hilfe aller Republikaner gelöſt werden</Unicode>
        </TextEquiv>
        <TextStyle fontFamily="Times New Roman" fontSize="5.5"/>
      </TextLine>
      <TextLine id="tl_198" primaryLanguage="German" custom="readingOrder {index:5;}">
        <Coords points="1285,4066 2288,4066 2288,4107 1285,4107"/>
        <Baseline points="1285,4097 1375,4098 1455,4097 1637,4099 1737,4096 1805,4097 2024,4098 2105,4098 2289,4100"/>
        <TextEquiv>
          <Unicode>könne. Die Regierung wird die Verteidigung der Laienſchule</Unicode>
        </TextEquiv>
        <TextStyle fontFamily="Times New Roman" fontSize="5.5"/>
      </TextLine>
      <TextLine id="tl_199" primaryLanguage="German" custom="readingOrder {index:6;}">
        <Coords points="1286,4111 2291,4111 2291,4149 1286,4149"/>
        <Baseline points="1284,4141 1369,4140 1441,4140 1690,4139 1833,4140 1909,4141 2043,4140 2118,4141 2291,4145"/>
        <TextEquiv>
          <Unicode>gegen die unermüdlichen Angriffe der Gegner der weltlichen</Unicode>
        </TextEquiv>
        <TextStyle fontFamily="Times New Roman" fontSize="5.5"/>
      </TextLine>
      <TextLine id="tl_200" primaryLanguage="German" custom="readingOrder {index:7;}">
        <Coords points="1284,4151 2292,4151 2292,4191 1284,4191"/>
        <Baseline points="1287,4183 1486,4183 1655,4183 1730,4182 1854,4183 1927,4182 1964,4184 2293,4186"/>
        <TextEquiv>
          <Unicode>Inſtitutionen verlangen und beſtrebt ſein, die Einkommen⸗</Unicode>
        </TextEquiv>
      </TextLine>
      <TextLine id="tl_201" primaryLanguage="German" custom="readingOrder {index:8;}">
        <Coords points="1284,4196 2292,4196 2292,4234 1284,4234"/>
        <Baseline points="1284,4225 1304,4227 1329,4226 1361,4226 1386,4225 1413,4225 1511,4225 1596,4224 1664,4226 1687,4225 1712,4225 1745,4225 1778,4225 1804,4226 1833,4226 1864,4227 1892,4227 1935,4227 1966,4227 1989,4227 2013,4227 2036,4228 2128,4228 2291,4230"/>
        <TextEquiv>
          <Unicode>ſteuer und die Dienſtpragmatik der Staats⸗</Unicode>
        </TextEquiv>
        <TextStyle fontFamily="Times New Roman" fontSize="5.5"/>
      </TextLine>
      <TextLine id="tl_202" primaryLanguage="German" custom="readingOrder {index:9;}">
        <Coords points="1284,4240 2290,4240 2290,4278 1284,4278"/>
        <Baseline points="1284,4269 1460,4269 1590,4269 1699,4268 1934,4271 2168,4272 2290,4272"/>
        <TextEquiv>
          <Unicode>bedienſteten raſch der Erledigung zuzuführen. Die</Unicode>
        </TextEquiv>
        <TextStyle fontFamily="Times New Roman" fontSize="5.5"/>
      </TextLine>
      <TextLine id="tl_203" primaryLanguage="German" custom="readingOrder {index:10;}">
        <Coords points="1283,4283 2293,4283 2293,4322 1283,4322"/>
        <Baseline points="1283,4313 1432,4314 1528,4312 1615,4314 1740,4313 1817,4313 1873,4312 2085,4314 2191,4315 2293,4316"/>
        <TextEquiv>
          <Unicode>Regierung wird auch bemüht ſein, die Frage der Oſt⸗</Unicode>
        </TextEquiv>
      </TextLine>
      <TextLine id="tl_204" primaryLanguage="German" custom="readingOrder {index:11;}">
        <Coords points="1284,4327 2293,4327 2293,4365 1284,4365"/>
        <Baseline points="1284,4356 1299,4356 1418,4356 1450,4357 1502,4357 1600,4355 1724,4355 1777,4354 1853,4356 1998,4358 2062,4357 2213,4358 2293,4355"/>
        <TextEquiv>
          <Unicode>bahnen zu löſen, indem ſie eine Reviſion der Verträge vor⸗</Unicode>
        </TextEquiv>
      </TextLine>
      <TextLine id="tl_205" primaryLanguage="German" custom="readingOrder {index:12;}">
        <Coords points="1283,4370 2293,4370 2293,4405 1283,4405"/>
        <Baseline points="1283,4400 1398,4399 1479,4397 1562,4398 1772,4397 1837,4397 1974,4399 2134,4401 2221,4401 2294,4402"/>
        <TextEquiv>
          <Unicode>bereitet, die das Kontrollrecht des Staates erweitert. Die Re⸗</Unicode>
        </TextEquiv>
        <TextStyle fontFamily="Times New Roman" fontSize="5.5"/>
      </TextLine>
      <TextLine id="tl_206" primaryLanguage="German" custom="readingOrder {index:13;}">
        <Coords points="1285,4412 2293,4412 2293,4450 1285,4450"/>
        <Baseline points="1285,4442 1397,4442 1501,4442 1641,4440 1727,4442 1800,4440 1928,4442 2020,4441 2098,4441 2293,4445"/>
        <TextEquiv>
          <Unicode>gierung will, geſtützt auf die Allianz und die wertvollen</Unicode>
        </TextEquiv>
        <TextStyle fontFamily="Times New Roman" fontSize="5.5"/>
      </TextLine>
      <TextLine id="tl_207" primaryLanguage="German" custom="readingOrder {index:14;}">
        <Coords points="1284,4454 2292,4454 2292,4493 1284,4493"/>
        <Baseline points="1283,4483 1508,4483 1605,4482 1691,4483 1754,4482 1941,4485 2037,4483 2101,4485 2215,4487 2292,4488"/>
        <TextEquiv>
          <Unicode>Freundſchaften ſowie dank der wachſenden Kraft der Armee und</Unicode>
        </TextEquiv>
        <TextStyle fontFamily="Times New Roman" fontSize="5.5"/>
      </TextLine>
      <TextLine id="tl_208" primaryLanguage="German" custom="readingOrder {index:15;}">
        <Coords points="1285,4497 2291,4497 2291,4536 1285,4536"/>
        <Baseline points="1285,4530 1396,4528 1466,4527 1577,4525 1644,4527 1866,4527 2010,4527 2144,4528 2291,4533"/>
        <TextEquiv>
          <Unicode>Marine den Ruhm des franzöſiſchen Namens aufrecht erhalten.</Unicode>
        </TextEquiv>
        <TextStyle fontFamily="Times New Roman" fontSize="5.5"/>
      </TextLine>
      <TextLine id="tl_209" primaryLanguage="German" custom="readingOrder {index:16;}">
        <Coords points="1286,4540 2290,4540 2290,4580 1286,4580"/>
        <Baseline points="1286,4574 1336,4573 1659,4571 1806,4570 1924,4569 2120,4572 2196,4573 2290,4576"/>
        <TextEquiv>
          <Unicode>Die Regierungserklärung ſchließt: Unſer Programm iſt, eine</Unicode>
        </TextEquiv>
        <TextStyle fontFamily="Times New Roman" fontSize="5.5"/>
      </TextLine>
      <TextLine id="tl_210" primaryLanguage="German" custom="readingOrder {index:17;}">
        <Coords points="1286,4584 2290,4584 2290,4626 1286,4626"/>
        <Baseline points="1286,4619 1427,4617 1496,4615 1581,4615 1702,4612 1772,4613 1889,4614 1956,4613 2088,4616 2290,4619"/>
        <TextEquiv>
          <Unicode>Regierung zu ſein, welche die Politik des ſozialen Fortſchrittes</Unicode>
        </TextEquiv>
        <TextStyle fontFamily="Times New Roman" fontSize="5.5"/>
      </TextLine>
      <TextLine id="tl_211" primaryLanguage="German" custom="readingOrder {index:18;}">
        <Coords points="1285,4623 2289,4623 2289,4668 1285,4668"/>
        <Baseline points="1285,4663 1365,4661 1496,4660 1568,4658 1824,4658 1979,4659 2072,4660 2157,4660 2289,4664"/>
        <TextEquiv>
          <Unicode>unter Achtung der republikaniſchen Ordnung und des Geſetzes</Unicode>
        </TextEquiv>
        <TextStyle fontFamily="Times New Roman" fontSize="5.5"/>
      </TextLine>
      <TextLine id="tl_212" primaryLanguage="German" custom="readingOrder {index:19;}">
        <Coords points="1287,4677 1409,4677 1409,4712 1287,4712"/>
        <Baseline points="1287,4706 1409,4704"/>
        <TextEquiv>
          <Unicode>verfolgt.</Unicode>
        </TextEquiv>
        <TextStyle fontFamily="Times New Roman" fontSize="5.5"/>
      </TextLine>
      <TextEquiv>
        <Unicode>Paris, 30. Juni. Die in der Kammer und im Se⸗
nat verleſene Regierungserklärung fordert das Parlament
auf, zunächſt die Frage der Abgrenzung des Cham⸗
pagnegebietes ſowie die der Wahlreform zu ver⸗
abſchieden, welche nur mit Hilfe aller Republikaner gelöſt werden
könne. Die Regierung wird die Verteidigung der Laienſchule
gegen die unermüdlichen Angriffe der Gegner der weltlichen
Inſtitutionen verlangen und beſtrebt ſein, die Einkommen⸗
ſteuer und die Dienſtpragmatik der Staats⸗
bedienſteten raſch der Erledigung zuzuführen. Die
Regierung wird auch bemüht ſein, die Frage der Oſt⸗
bahnen zu löſen, indem ſie eine Reviſion der Verträge vor⸗
bereitet, die das Kontrollrecht des Staates erweitert. Die Re⸗
gierung will, geſtützt auf die Allianz und die wertvollen
Freundſchaften ſowie dank der wachſenden Kraft der Armee und
Marine den Ruhm des franzöſiſchen Namens aufrecht erhalten.
Die Regierungserklärung ſchließt: Unſer Programm iſt, eine
Regierung zu ſein, welche die Politik des ſozialen Fortſchrittes
unter Achtung der republikaniſchen Ordnung und des Geſetzes
verfolgt.</Unicode>
      </TextEquiv>
    </TextRegion>
    <TextRegion type="paragraph" id="r_10_3" custom="readingOrder {index:24;}">
      <Coords points="1288,4722 2289,4722 2289,4895 1288,4895"/>
      <TextLine id="tl_213" primaryLanguage="German" custom="readingOrder {index:0;}">
        <Coords points="1390,4723 2288,4723 2288,4761 1390,4761"/>
        <Baseline points="1390,4754 1442,4752 1608,4751 1678,4750 1759,4750 1916,4753 1991,4753 2288,4757"/>
        <TextEquiv>
          <Unicode>Die Erklärung in der Kammer, die Miniſterpräſident</Unicode>
        </TextEquiv>
        <TextStyle fontFamily="Times New Roman" fontSize="5.5"/>
      </TextLine>
      <TextLine id="tl_214" primaryLanguage="German" custom="readingOrder {index:1;}">
        <Coords points="1290,4765 2288,4765 2288,4803 1290,4803"/>
        <Baseline points="1290,4799 1313,4799 1588,4791 1663,4792 1773,4793 2017,4794 2057,4796 2082,4795 2113,4795 2143,4796 2168,4797 2196,4797 2288,4799"/>
        <TextEquiv>
          <Unicode>Caillaux und im Senat Juſtizminiſter Cruppi ver⸗</Unicode>
        </TextEquiv>
      </TextLine>
      <TextLine id="tl_215" primaryLanguage="German" custom="readingOrder {index:2;}">
        <Coords points="1289,4806 2288,4806 2288,4847 1289,4847"/>
        <Baseline points="1289,4841 1364,4840 1480,4836 1529,4835 1593,4834 1739,4835 1810,4837 1874,4837 2033,4839 2088,4840 2288,4843"/>
        <TextEquiv>
          <Unicode>laſen, wurde in der Kammer von der Majorität im allgemeinen</Unicode>
        </TextEquiv>
        <TextStyle fontFamily="Times New Roman" fontSize="5.5"/>
      </TextLine>
      <TextLine id="tl_216" primaryLanguage="German" custom="readingOrder {index:3;}">
        <Coords points="1291,4850 2287,4850 2287,4894 1291,4894"/>
        <Baseline points="1291,4886 1412,4885 1651,4881 1734,4881 1905,4881 1963,4882 2071,4884 2147,4885 2287,4889"/>
        <TextEquiv>
          <Unicode>beifällig aufgenommen. Die Aufnahme im Senat war dagegen</Unicode>
        </TextEquiv>
        <TextStyle fontFamily="Times New Roman" fontSize="5.5"/>
      </TextLine>
      <TextEquiv>
        <Unicode>Die Erklärung in der Kammer, die Miniſterpräſident
Caillaux und im Senat Juſtizminiſter Cruppi ver⸗
laſen, wurde in der Kammer von der Majorität im allgemeinen
beifällig aufgenommen. Die Aufnahme im Senat war dagegen</Unicode>
      </TextEquiv>
    </TextRegion>
    <TextRegion type="paragraph" id="r_10_4" custom="readingOrder {index:25;}">
      <Coords points="1293,4900 1468,4900 1468,4939 1293,4939"/>
      <TextLine id="tl_217" primaryLanguage="German" custom="readingOrder {index:0;}">
        <Coords points="1294,4901 1467,4901 1467,4938 1294,4938"/>
        <Baseline points="1294,4931 1467,4928"/>
        <TextEquiv>
          <Unicode>reſervierter.</Unicode>
        </TextEquiv>
        <TextStyle fontFamily="Times New Roman" fontSize="5.5"/>
      </TextLine>
      <TextEquiv>
        <Unicode>reſervierter.</Unicode>
      </TextEquiv>
    </TextRegion>
    <TextRegion type="paragraph" id="r_10_5" custom="readingOrder {index:26;}">
      <Coords points="1293,4937 2287,4937 2287,5112 1293,5112"/>
      <TextLine id="tl_218" primaryLanguage="German" custom="readingOrder {index:0;}">
        <Coords points="1398,4938 2286,4938 2286,4980 1398,4980"/>
        <Baseline points="1398,4974 1511,4972 1588,4970 1700,4968 1806,4970 1994,4970 2071,4971 2287,4977"/>
        <TextEquiv>
          <Unicode>Paris, 30. Juni. Nach Verleſung der Programm⸗</Unicode>
        </TextEquiv>
        <TextStyle fontFamily="Times New Roman" fontSize="5.5"/>
      </TextLine>
      <TextLine id="tl_219" primaryLanguage="German" custom="readingOrder {index:1;}">
        <Coords points="1297,4983 2285,4983 2285,5023 1297,5023"/>
        <Baseline points="1297,5018 1439,5014 1559,5013 1611,5011 1912,5011 1976,5012 2092,5015 2138,5016 2287,5017"/>
        <TextEquiv>
          <Unicode>erklärung beſchloß die Deputiertenkammer auf Antrag des Miniſter⸗</Unicode>
        </TextEquiv>
        <TextStyle fontFamily="Times New Roman" fontSize="5.5"/>
      </TextLine>
      <TextLine id="tl_220" primaryLanguage="German" custom="readingOrder {index:2;}">
        <Coords points="1294,5026 2284,5026 2284,5068 1294,5068"/>
        <Baseline points="1291,5058 1469,5056 1554,5054 1818,5055 1910,5056 1979,5055 2167,5058 2284,5062"/>
        <TextEquiv>
          <Unicode>präſidenten, alle Interpellationen über die allgemeine Politik</Unicode>
        </TextEquiv>
        <TextStyle fontFamily="Times New Roman" fontSize="5.5"/>
      </TextLine>
      <TextLine id="tl_221" primaryLanguage="German" custom="readingOrder {index:3;}">
        <Coords points="1296,5070 1647,5070 1647,5111 1296,5111"/>
        <Baseline points="1299,5102 1461,5099 1511,5099 1647,5098"/>
        <TextEquiv>
          <Unicode>gemeinſam zu beraten.</Unicode>
        </TextEquiv>
        <TextStyle fontFamily="Times New Roman" fontSize="5.5"/>
      </TextLine>
      <TextEquiv>
        <Unicode>Paris, 30. Juni. Nach Verleſung der Programm⸗
erklärung beſchloß die Deputiertenkammer auf Antrag des Miniſter⸗
präſidenten, alle Interpellationen über die allgemeine Politik
gemeinſam zu beraten.</Unicode>
      </TextEquiv>
    </TextRegion>
    <TextRegion type="paragraph" id="r_11_1" custom="readingOrder {index:27;}">
      <Coords points="2341,316 3348,316 3348,399 2341,399"/>
      <TextLine id="tl_222" primaryLanguage="German" custom="readingOrder {index:0;}">
        <Coords points="2445,317 3347,317 3347,357 2445,357"/>
        <Baseline points="2445,345 2471,345 2498,346 2519,347 2543,348 2562,347 2592,348 2625,347 2741,347 2861,349 2919,349 3277,350 3347,352"/>
        <TextEquiv>
          <Unicode>Briſſon leitete darauf die Interpellationsdebatte mit</Unicode>
        </TextEquiv>
        <TextStyle fontFamily="Times New Roman" fontSize="5.5"/>
      </TextLine>
      <TextLine id="tl_223" primaryLanguage="German" custom="readingOrder {index:1;}">
        <Coords points="2342,361 2926,361 2926,398 2342,398"/>
        <Baseline points="2342,389 2388,389 2582,390 2652,391 2853,391 2926,393"/>
        <TextEquiv>
          <Unicode>der Beſprechung der Wahlreform ein.</Unicode>
        </TextEquiv>
        <TextStyle fontFamily="Times New Roman" fontSize="5.5"/>
      </TextLine>
      <TextEquiv>
        <Unicode>Briſſon leitete darauf die Interpellationsdebatte mit
der Beſprechung der Wahlreform ein.</Unicode>
      </TextEquiv>
    </TextRegion>
    <TextRegion type="paragraph" id="r_11_2" custom="readingOrder {index:28;}">
      <Coords points="2340,404 3348,404 3348,657 2340,657"/>
      <TextLine id="tl_224" primaryLanguage="German" custom="readingOrder {index:0;}">
        <Coords points="2444,405 3346,405 3346,444 2444,444"/>
        <Baseline points="2444,433 2567,434 2693,435 2912,435 2999,436 3059,436 3282,438 3346,438"/>
        <TextEquiv>
          <Unicode>Mehrere Redner interpellieren über die Einheitlichkeit des</Unicode>
        </TextEquiv>
        <TextStyle fontFamily="Times New Roman" fontSize="5.5"/>
      </TextLine>
      <TextLine id="tl_225" primaryLanguage="German" custom="readingOrder {index:1;}">
        <Coords points="2342,448 3347,448 3347,487 2342,487"/>
        <Baseline points="2342,476 2595,477 2644,478 2849,479 2957,478 3028,479 3136,479 3212,479 3345,480"/>
        <TextEquiv>
          <Unicode>Oberkommandos in Kriegszeiten, über die Frage der Wieder⸗</Unicode>
        </TextEquiv>
        <TextStyle fontFamily="Times New Roman" fontSize="5.5"/>
      </TextLine>
      <TextLine id="tl_226" primaryLanguage="German" custom="readingOrder {index:2;}">
        <Coords points="2342,491 3347,491 3347,530 2342,530"/>
        <Baseline points="2342,520 2491,521 2581,520 2780,522 3155,525 3261,524 3347,524"/>
        <TextEquiv>
          <Unicode>anſtellung der entlaſſenen Eiſenbahnbedienſteten, über das</Unicode>
        </TextEquiv>
        <TextStyle fontFamily="Times New Roman" fontSize="5.5"/>
      </TextLine>
      <TextLine id="tl_227" primaryLanguage="German" custom="readingOrder {index:3;}">
        <Coords points="2341,535 3346,535 3346,575 2341,575"/>
        <Baseline points="2340,561 2462,562 2641,564 2706,564 2881,565 2970,565 3029,567 3184,567 3346,566"/>
        <TextEquiv>
          <Unicode>ſtändige Anwachſen der Ausgaben, über die Vorlagen betreffend</Unicode>
        </TextEquiv>
        <TextStyle fontFamily="Times New Roman" fontSize="5.5"/>
      </TextLine>
      <TextLine id="tl_228" primaryLanguage="German" custom="readingOrder {index:4;}">
        <Coords points="2341,577 3347,577 3347,617 2341,617"/>
        <Baseline points="2341,604 2392,605 2501,607 2567,607 2769,608 2865,608 2950,608 3004,608 3165,610 3240,610 3348,608"/>
        <TextEquiv>
          <Unicode>den Schutz der Laienſchulen ſowie über die Schaffung von Unter⸗</Unicode>
        </TextEquiv>
        <TextStyle fontFamily="Times New Roman" fontSize="5.5"/>
      </TextLine>
      <TextLine id="tl_229" primaryLanguage="German" custom="readingOrder {index:5;}">
        <Coords points="2341,620 2623,620 2623,656 2341,656"/>
        <Baseline points="2343,650 2623,650"/>
        <TextEquiv>
          <Unicode>ſtaatsſekretariaten.</Unicode>
        </TextEquiv>
        <TextStyle fontFamily="Times New Roman" fontSize="5.5"/>
      </TextLine>
      <TextEquiv>
        <Unicode>Mehrere Redner interpellieren über die Einheitlichkeit des
Oberkommandos in Kriegszeiten, über die Frage der Wieder⸗
anſtellung der entlaſſenen Eiſenbahnbedienſteten, über das
ſtändige Anwachſen der Ausgaben, über die Vorlagen betreffend
den Schutz der Laienſchulen ſowie über die Schaffung von Unter⸗
ſtaatsſekretariaten.</Unicode>
      </TextEquiv>
    </TextRegion>
    <TextRegion type="paragraph" id="r_11_3" custom="readingOrder {index:29;}">
      <Coords points="2338,663 3350,663 3350,1040 2338,1040"/>
      <TextLine id="tl_230" primaryLanguage="German" custom="readingOrder {index:0;}">
        <Coords points="2443,664 3347,664 3347,704 2443,704"/>
        <Baseline points="2443,692 2590,692 2748,694 3041,695 3107,696 3349,698"/>
        <TextEquiv>
          <Unicode>Miniſterpräſident Caillaux führt in Beantwortung</Unicode>
        </TextEquiv>
      </TextLine>
      <TextLine id="tl_231" primaryLanguage="German" custom="readingOrder {index:1;}">
        <Coords points="2341,707 3347,707 3347,747 2341,747"/>
        <Baseline points="2341,735 2531,736 2810,738 2910,738 3000,738 3076,738 3258,740 3347,739"/>
        <TextEquiv>
          <Unicode>verſchiedener Interpellationen aus, daß die Regierung die</Unicode>
        </TextEquiv>
        <TextStyle fontFamily="Times New Roman" fontSize="5.5"/>
      </TextLine>
      <TextLine id="tl_232" primaryLanguage="German" custom="readingOrder {index:2;}">
        <Coords points="2341,750 3349,750 3349,788 2341,788"/>
        <Baseline points="2341,779 2524,780 2636,780 2704,779 3154,781 3349,783"/>
        <TextEquiv>
          <Unicode>Wahlreform mit den Republikanern allein</Unicode>
        </TextEquiv>
      </TextLine>
      <TextLine id="tl_233" primaryLanguage="German" custom="readingOrder {index:3;}">
        <Coords points="2341,793 3348,793 3348,833 2341,833"/>
        <Baseline points="2342,824 2454,822 2564,823 2670,823 2792,823 2861,823 2939,823 3193,825 3278,825 3348,826"/>
        <TextEquiv>
          <Unicode>ſchaffen werde. Auch werde ſie die Verhandlungen über alle</Unicode>
        </TextEquiv>
        <TextStyle fontFamily="Times New Roman" fontSize="5.5"/>
      </TextLine>
      <TextLine id="tl_234" primaryLanguage="German" custom="readingOrder {index:4;}">
        <Coords points="2342,837 3349,837 3349,875 2342,875"/>
        <Baseline points="2341,866 2489,865 2583,866 2673,866 2985,868 3165,867 3348,869"/>
        <TextEquiv>
          <Unicode>zuläſſigen Fälle von Wiederanſtellungen entlaſſener Eiſenbahn⸗</Unicode>
        </TextEquiv>
        <TextStyle fontFamily="Times New Roman" fontSize="5.5"/>
      </TextLine>
      <TextLine id="tl_235" primaryLanguage="German" custom="readingOrder {index:5;}">
        <Coords points="2340,880 3348,880 3348,919 2340,919"/>
        <Baseline points="2340,907 2516,909 2680,909 2767,908 2939,910 3038,910 3184,912 3270,911 3348,912"/>
        <TextEquiv>
          <Unicode>bedienſteten verfolgen. Die Regierung wolle regieren, der dem</Unicode>
        </TextEquiv>
        <TextStyle fontFamily="Times New Roman" fontSize="5.5"/>
      </TextLine>
      <TextLine id="tl_236" primaryLanguage="German" custom="readingOrder {index:6;}">
        <Coords points="2339,920 3347,920 3347,961 2339,961"/>
        <Baseline points="2337,951 2613,952 2743,952 2953,953 3156,953 3237,954 3347,955"/>
        <TextEquiv>
          <Unicode>parlamentariſchen Regime nachteiligen Unſicherheit ein Ende</Unicode>
        </TextEquiv>
        <TextStyle fontFamily="Times New Roman" fontSize="5.5"/>
      </TextLine>
      <TextLine id="tl_237" primaryLanguage="German" custom="readingOrder {index:7;}">
        <Coords points="2340,965 3347,965 3347,1005 2340,1005"/>
        <Baseline points="2340,994 2448,994 2524,994 2587,995 2662,995 2726,994 2909,997 3031,996 3204,997 3273,997 3347,997"/>
        <TextEquiv>
          <Unicode>machen und ſich von der Revolution ebenſo fernhalten wie von</Unicode>
        </TextEquiv>
        <TextStyle fontFamily="Times New Roman" fontSize="5.5"/>
      </TextLine>
      <TextLine id="tl_238" primaryLanguage="German" custom="readingOrder {index:8;}">
        <Coords points="2340,1009 2541,1009 2541,1039 2340,1039"/>
        <Baseline points="2340,1037 2386,1037 2541,1039"/>
        <TextEquiv>
          <Unicode>der Reaktion.</Unicode>
        </TextEquiv>
        <TextStyle fontFamily="Times New Roman" fontSize="5.5"/>
      </TextLine>
      <TextEquiv>
        <Unicode>Miniſterpräſident Caillaux führt in Beantwortung
verſchiedener Interpellationen aus, daß die Regierung die
Wahlreform mit den Republikanern allein
ſchaffen werde. Auch werde ſie die Verhandlungen über alle
zuläſſigen Fälle von Wiederanſtellungen entlaſſener Eiſenbahn⸗
bedienſteten verfolgen. Die Regierung wolle regieren, der dem
parlamentariſchen Regime nachteiligen Unſicherheit ein Ende
machen und ſich von der Revolution ebenſo fernhalten wie von
der Reaktion.</Unicode>
      </TextEquiv>
    </TextRegion>
    <TextRegion type="paragraph" id="r_11_4" custom="readingOrder {index:30;}">
      <Coords points="2337,1052 3348,1052 3348,1220 2337,1220"/>
      <TextLine id="tl_239" primaryLanguage="German" custom="readingOrder {index:0;}">
        <Coords points="2441,1053 3345,1053 3345,1091 2441,1091"/>
        <Baseline points="2441,1081 2498,1080 2779,1082 2898,1083 2968,1083 3031,1083 3203,1084 3277,1084 3345,1083"/>
        <TextEquiv>
          <Unicode>Der Miniſterpräſident ſchließt mit der Erklärung, daß die</Unicode>
        </TextEquiv>
        <TextStyle fontFamily="Times New Roman" fontSize="5.5"/>
      </TextLine>
      <TextLine id="tl_240" primaryLanguage="German" custom="readingOrder {index:1;}">
        <Coords points="2339,1096 3347,1096 3347,1134 2339,1134"/>
        <Baseline points="2339,1125 2490,1126 2573,1125 2683,1125 2742,1125 2905,1126 3007,1126 3113,1127 3184,1125 3234,1126 3346,1128"/>
        <TextEquiv>
          <Unicode>Regierung dem Lande die Reformen geben wolle, die es gleich⸗</Unicode>
        </TextEquiv>
        <TextStyle fontFamily="Times New Roman" fontSize="5.5"/>
      </TextLine>
      <TextLine id="tl_241" primaryLanguage="German" custom="readingOrder {index:2;}">
        <Coords points="2338,1139 3347,1139 3347,1177 2338,1177"/>
        <Baseline points="2337,1168 2417,1168 2506,1167 2615,1168 2720,1168 2915,1169 3071,1169 3347,1171"/>
        <TextEquiv>
          <Unicode>zeitig mit einer jeder Demagogie fremden republikaniſchen</Unicode>
        </TextEquiv>
        <TextStyle fontFamily="Times New Roman" fontSize="5.5"/>
      </TextLine>
      <TextLine id="tl_242" primaryLanguage="German" custom="readingOrder {index:3;}">
        <Coords points="2338,1182 2943,1182 2943,1219 2338,1219"/>
        <Baseline points="2338,1210 2479,1211 2629,1212 2802,1211 2944,1213"/>
        <TextEquiv>
          <Unicode>Ordnung verlangt. (Lebhaſter Beifall.)</Unicode>
        </TextEquiv>
        <TextStyle fontFamily="Times New Roman" fontSize="5.5"/>
      </TextLine>
      <TextEquiv>
        <Unicode>Der Miniſterpräſident ſchließt mit der Erklärung, daß die
Regierung dem Lande die Reformen geben wolle, die es gleich⸗
zeitig mit einer jeder Demagogie fremden republikaniſchen
Ordnung verlangt. (Lebhaſter Beifall.)</Unicode>
      </TextEquiv>
    </TextRegion>
    <TextRegion type="paragraph" id="r_12_1" custom="readingOrder {index:31;}">
      <Coords points="2648,1340 3037,1340 3037,1368 2648,1368"/>
      <TextLine id="tl_243" primaryLanguage="German" custom="readingOrder {index:0;}">
        <Coords points="2649,1341 3036,1341 3036,1367 2649,1367"/>
        <Baseline points="2649,1365 2707,1363 2813,1363 3036,1367"/>
        <TextEquiv>
          <Unicode>(Von Unſerem Korreſpondenten.)</Unicode>
        </TextEquiv>
        <TextStyle fontFamily="Times New Roman" fontSize="5.0"/>
      </TextLine>
      <TextEquiv>
        <Unicode>(Von Unſerem Korreſpondenten.)</Unicode>
      </TextEquiv>
    </TextRegion>
    <TextRegion type="paragraph" id="r_12_2" custom="readingOrder {index:32;}">
      <Coords points="2900,1384 3311,1384 3311,1422 2900,1422"/>
      <TextLine id="tl_244" primaryLanguage="German" custom="readingOrder {index:0;}">
        <Coords points="2901,1385 3310,1385 3310,1421 2901,1421"/>
        <Baseline points="2901,1413 2923,1413 2992,1413 3148,1415 3210,1414 3310,1415"/>
        <TextEquiv>
          <Unicode>Kn. London, 27. Juni.</Unicode>
        </TextEquiv>
      </TextLine>
      <TextEquiv>
        <Unicode>Kn. London, 27. Juni.</Unicode>
      </TextEquiv>
    </TextRegion>
    <TextRegion type="paragraph" id="r_12_3" custom="readingOrder {index:33;}">
      <Coords points="2335,1434 3358,1434 3358,2472 2335,2472"/>
      <TextLine id="tl_245" primaryLanguage="German" custom="readingOrder {index:0;}">
        <Coords points="2442,1435 3344,1435 3344,1481 2442,1481"/>
        <Baseline points="2442,1470 2504,1468 2737,1470 2814,1470 3005,1471 3092,1471 3175,1471 3276,1470 3344,1471"/>
        <TextEquiv>
          <Unicode>Die Zeremonien der Krönung. die den Adel an</Unicode>
        </TextEquiv>
        <TextStyle fontFamily="Times New Roman" fontSize="6.5"/>
      </TextLine>
      <TextLine id="tl_246" primaryLanguage="German" custom="readingOrder {index:1;}">
        <Coords points="2339,1479 3345,1479 3345,1524 2339,1524"/>
        <Baseline points="2339,1514 2420,1513 2714,1512 2944,1514 3127,1514 3243,1514 3345,1516"/>
        <TextEquiv>
          <Unicode>ſeine Vergangenheit erinnerten, ſcheinen auf die</Unicode>
        </TextEquiv>
        <TextStyle fontFamily="Times New Roman" fontSize="6.5"/>
      </TextLine>
      <TextLine id="tl_247" primaryLanguage="German" custom="readingOrder {index:2;}">
        <Coords points="2340,1521 3345,1521 3345,1567 2340,1567"/>
        <Baseline points="2340,1555 2598,1556 2713,1555 2931,1556 3075,1556 3135,1557 3267,1558 3345,1558"/>
        <TextEquiv>
          <Unicode>oppoſitionellen Lords verjüngend gewirkt zu haben. An</Unicode>
        </TextEquiv>
        <TextStyle fontFamily="Times New Roman" fontSize="6.5"/>
      </TextLine>
      <TextLine id="tl_248" primaryLanguage="German" custom="readingOrder {index:3;}">
        <Coords points="2339,1565 3342,1565 3342,1609 2339,1609"/>
        <Baseline points="2339,1599 2444,1598 2543,1599 2856,1600 3010,1599 3092,1599 3342,1596"/>
        <TextEquiv>
          <Unicode>Stelle der unentſchiedenen Kritiker der Parlaments⸗</Unicode>
        </TextEquiv>
        <TextStyle fontFamily="Times New Roman" fontSize="6.5"/>
      </TextLine>
      <TextLine id="tl_249" primaryLanguage="German" custom="readingOrder {index:4;}">
        <Coords points="2338,1607 3357,1607 3357,1653 2338,1653"/>
        <Baseline points="2338,1642 2397,1642 2548,1642 2640,1641 2854,1643 2952,1643 3104,1642 3353,1644"/>
        <TextEquiv>
          <Unicode>bill finden die Liberalen auf einmal kampfbereite</Unicode>
        </TextEquiv>
        <TextStyle fontFamily="Times New Roman" fontSize="6.5"/>
      </TextLine>
      <TextLine id="tl_250" primaryLanguage="German" custom="readingOrder {index:5;}">
        <Coords points="2340,1650 3342,1650 3342,1695 2340,1695"/>
        <Baseline points="2340,1686 2468,1685 2549,1685 2700,1685 2762,1685 2849,1686 3020,1687 3107,1686 3347,1687"/>
        <TextEquiv>
          <Unicode>Gegner, die willens zu ſein ſcheinen, das Experiment,</Unicode>
        </TextEquiv>
        <TextStyle fontFamily="Times New Roman" fontSize="6.5"/>
      </TextLine>
      <TextLine id="tl_251" primaryLanguage="German" custom="readingOrder {index:6;}">
        <Coords points="2339,1693 3344,1693 3344,1740 2339,1740"/>
        <Baseline points="2339,1727 2399,1727 2460,1728 2529,1728 2657,1729 2764,1727 2858,1729 2948,1730 3100,1729 3273,1730 3344,1730"/>
        <TextEquiv>
          <Unicode>das ſie im Jahre 1909 mit dem Budget machten, im</Unicode>
        </TextEquiv>
        <TextStyle fontFamily="Times New Roman" fontSize="6.5"/>
      </TextLine>
      <TextLine id="tl_252" primaryLanguage="German" custom="readingOrder {index:7;}">
        <Coords points="2338,1737 3342,1737 3342,1782 2338,1782"/>
        <Baseline points="2339,1772 2443,1771 2549,1770 2654,1771 2741,1772 3038,1771 3098,1772 3342,1773"/>
        <TextEquiv>
          <Unicode>Jahre 1911 mit der Parlamentsbill zu wiederholen.</Unicode>
        </TextEquiv>
        <TextStyle fontFamily="Times New Roman" fontSize="6.5"/>
      </TextLine>
      <TextLine id="tl_253" primaryLanguage="German" custom="readingOrder {index:8;}">
        <Coords points="2340,1780 3345,1780 3345,1826 2340,1826"/>
        <Baseline points="2340,1815 2450,1814 2628,1814 2724,1815 2965,1815 3267,1817 3345,1816"/>
        <TextEquiv>
          <Unicode>Einige meinen, die entſchiedene Stellungnahme der</Unicode>
        </TextEquiv>
        <TextStyle fontFamily="Times New Roman" fontSize="6.5"/>
      </TextLine>
      <TextLine id="tl_254" primaryLanguage="German" custom="readingOrder {index:9;}">
        <Coords points="2338,1823 3343,1823 3343,1869 2338,1869"/>
        <Baseline points="2338,1860 2451,1857 2524,1858 2581,1859 2673,1857 2761,1858 2860,1857 3077,1860 3343,1862"/>
        <TextEquiv>
          <Unicode>Lords, die in dem von Lord Lansdowne angekündigten</Unicode>
        </TextEquiv>
        <TextStyle fontFamily="Times New Roman" fontSize="6.5"/>
      </TextLine>
      <TextLine id="tl_255" primaryLanguage="German" custom="readingOrder {index:10;}">
        <Coords points="2339,1867 3343,1867 3343,1912 2339,1912"/>
        <Baseline points="2339,1902 2569,1901 2647,1901 2931,1902 3025,1902 3202,1902 3342,1904"/>
        <TextEquiv>
          <Unicode>Amendement zur Parlamentsbill zum Ausdruck kommt,</Unicode>
        </TextEquiv>
        <TextStyle fontFamily="Times New Roman" fontSize="6.5"/>
      </TextLine>
      <TextLine id="tl_256" primaryLanguage="German" custom="readingOrder {index:11;}">
        <Coords points="2339,1910 3343,1910 3343,1954 2339,1954"/>
        <Baseline points="2343,1945 2380,1946 2466,1944 2557,1944 2675,1945 2811,1945 2985,1947 3067,1947 3151,1945 3273,1946 3343,1946"/>
        <TextEquiv>
          <Unicode>ſei nur eine Poſe; andere glauben, daß den Lords der</Unicode>
        </TextEquiv>
        <TextStyle fontFamily="Times New Roman" fontSize="6.5"/>
      </TextLine>
      <TextLine id="tl_257" primaryLanguage="German" custom="readingOrder {index:12;}">
        <Coords points="2340,1952 3340,1952 3340,1999 2340,1999"/>
        <Baseline points="2342,1986 2434,1987 2553,1988 2630,1987 3062,1990 3158,1988 3280,1990 3340,1990"/>
        <TextEquiv>
          <Unicode>ſtarke Wein der Krönungsfeſtlichkeiten, bei denen ſie</Unicode>
        </TextEquiv>
        <TextStyle fontFamily="Times New Roman" fontSize="6.5"/>
      </TextLine>
      <TextLine id="tl_258" primaryLanguage="German" custom="readingOrder {index:13;}">
        <Coords points="2340,1996 3342,1996 3342,2043 2340,2043"/>
        <Baseline points="2340,2030 2400,2030 2638,2031 2812,2032 2899,2032 2992,2032 3099,2032 3270,2034 3343,2034"/>
        <TextEquiv>
          <Unicode>alle Hauptrollen ſpielten, in den Kopf geſtiegen iſt;</Unicode>
        </TextEquiv>
        <TextStyle fontFamily="Times New Roman" fontSize="6.5"/>
      </TextLine>
      <TextLine id="tl_259" primaryLanguage="German" custom="readingOrder {index:14;}">
        <Coords points="2340,2039 3343,2039 3343,2085 2340,2085"/>
        <Baseline points="2340,2073 2513,2074 2651,2074 2845,2075 2928,2074 3190,2075 3277,2074 3343,2075"/>
        <TextEquiv>
          <Unicode>wiederum andere verſichern mit Beſtimmtheit, daß die</Unicode>
        </TextEquiv>
        <TextStyle fontFamily="Times New Roman" fontSize="6.5"/>
      </TextLine>
      <TextLine id="tl_260" primaryLanguage="German" custom="readingOrder {index:15;}">
        <Coords points="2339,2082 3341,2082 3341,2128 2339,2128"/>
        <Baseline points="2339,2119 2441,2116 2525,2118 2661,2118 2784,2118 2900,2118 3135,2118 3341,2119"/>
        <TextEquiv>
          <Unicode>Lords den König, deſſen ſtarke konſervative Neigungen</Unicode>
        </TextEquiv>
        <TextStyle fontFamily="Times New Roman" fontSize="6.5"/>
      </TextLine>
      <TextLine id="tl_261" primaryLanguage="German" custom="readingOrder {index:16;}">
        <Coords points="2341,2118 3342,2118 3342,2171 2341,2171"/>
        <Baseline points="2341,2160 2510,2160 2686,2159 2806,2160 3012,2160 3341,2163"/>
        <TextEquiv>
          <Unicode>allgemein bekannt ſind, dermaßen bearbeitet haben,</Unicode>
        </TextEquiv>
        <TextStyle fontFamily="Times New Roman" fontSize="6.5"/>
      </TextLine>
      <TextLine id="tl_262" primaryLanguage="German" custom="readingOrder {index:17;}">
        <Coords points="2339,2168 3340,2168 3340,2215 2339,2215"/>
        <Baseline points="2339,2203 2397,2204 2457,2202 2540,2203 2741,2205 2896,2204 3010,2205 3124,2205 3340,2206"/>
        <TextEquiv>
          <Unicode>daß er den Liberalen, ſollten dieſe einen Pairsſchub</Unicode>
        </TextEquiv>
        <TextStyle fontFamily="Times New Roman" fontSize="6.5"/>
      </TextLine>
      <TextLine id="tl_263" primaryLanguage="German" custom="readingOrder {index:18;}">
        <Coords points="2338,2212 3341,2212 3341,2257 2338,2257"/>
        <Baseline points="2337,2248 2465,2245 2553,2246 2636,2247 2860,2246 2938,2246 3164,2247 3224,2248 3342,2246"/>
        <TextEquiv>
          <Unicode>planen, um den Widerſtand des Oberhauſes zu über⸗</Unicode>
        </TextEquiv>
        <TextStyle fontFamily="Times New Roman" fontSize="6.5"/>
      </TextLine>
      <TextLine id="tl_264" primaryLanguage="German" custom="readingOrder {index:19;}">
        <Coords points="2338,2252 3341,2252 3341,2300 2338,2300"/>
        <Baseline points="2338,2289 2477,2289 2583,2289 2776,2291 2868,2289 2996,2290 3104,2290 3211,2291 3341,2291"/>
        <TextEquiv>
          <Unicode>winden, nicht willfährig ſein werde. Was auch immer</Unicode>
        </TextEquiv>
        <TextStyle fontFamily="Times New Roman" fontSize="6.5"/>
      </TextLine>
      <TextLine id="tl_265" primaryLanguage="German" custom="readingOrder {index:20;}">
        <Coords points="2339,2297 3341,2297 3341,2343 2339,2343"/>
        <Baseline points="2339,2332 2383,2332 2529,2332 2773,2333 2861,2332 3140,2333 3254,2333 3341,2334"/>
        <TextEquiv>
          <Unicode>an dieſen Meinungen und Behauptungen wahr ſein</Unicode>
        </TextEquiv>
        <TextStyle fontFamily="Times New Roman" fontSize="6.5"/>
      </TextLine>
      <TextLine id="tl_266" primaryLanguage="German" custom="readingOrder {index:21;}">
        <Coords points="2339,2341 3342,2341 3342,2385 2339,2385"/>
        <Baseline points="2339,2375 2426,2375 2560,2374 2653,2376 2754,2377 2849,2375 2987,2375 3167,2376 3264,2377 3342,2377"/>
        <TextEquiv>
          <Unicode>mag, ſicher iſt, daß die Lords geſonnen ſind, ein</Unicode>
        </TextEquiv>
        <TextStyle fontFamily="Times New Roman" fontSize="6.5"/>
      </TextLine>
      <TextLine id="tl_267" primaryLanguage="German" custom="readingOrder {index:22;}">
        <Coords points="2337,2383 3342,2383 3342,2429 2337,2429"/>
        <Baseline points="2337,2417 2452,2416 2560,2417 2609,2418 2739,2419 2810,2418 2904,2418 2961,2418 3142,2419 3256,2421 3342,2420"/>
        <TextEquiv>
          <Unicode>kühnes Spiel zu wagen, bei dem es entweder ihren Tod</Unicode>
        </TextEquiv>
        <TextStyle fontFamily="Times New Roman" fontSize="6.5"/>
      </TextLine>
      <TextLine id="tl_268" primaryLanguage="German" custom="readingOrder {index:23;}">
        <Coords points="2336,2426 3138,2426 3138,2471 2336,2471"/>
        <Baseline points="2336,2461 2412,2460 2494,2461 2586,2460 2663,2461 2841,2461 3037,2462 3138,2463"/>
        <TextEquiv>
          <Unicode>oder den Tod der liberalen Regierung gilt.</Unicode>
        </TextEquiv>
        <TextStyle fontFamily="Times New Roman" fontSize="6.5"/>
      </TextLine>
      <TextEquiv>
        <Unicode>Die Zeremonien der Krönung. die den Adel an
ſeine Vergangenheit erinnerten, ſcheinen auf die
oppoſitionellen Lords verjüngend gewirkt zu haben. An
Stelle der unentſchiedenen Kritiker der Parlaments⸗
bill finden die Liberalen auf einmal kampfbereite
Gegner, die willens zu ſein ſcheinen, das Experiment,
das ſie im Jahre 1909 mit dem Budget machten, im
Jahre 1911 mit der Parlamentsbill zu wiederholen.
Einige meinen, die entſchiedene Stellungnahme der
Lords, die in dem von Lord Lansdowne angekündigten
Amendement zur Parlamentsbill zum Ausdruck kommt,
ſei nur eine Poſe; andere glauben, daß den Lords der
ſtarke Wein der Krönungsfeſtlichkeiten, bei denen ſie
alle Hauptrollen ſpielten, in den Kopf geſtiegen iſt;
wiederum andere verſichern mit Beſtimmtheit, daß die
Lords den König, deſſen ſtarke konſervative Neigungen
allgemein bekannt ſind, dermaßen bearbeitet haben,
daß er den Liberalen, ſollten dieſe einen Pairsſchub
planen, um den Widerſtand des Oberhauſes zu über⸗
winden, nicht willfährig ſein werde. Was auch immer
an dieſen Meinungen und Behauptungen wahr ſein
mag, ſicher iſt, daß die Lords geſonnen ſind, ein
kühnes Spiel zu wagen, bei dem es entweder ihren Tod
oder den Tod der liberalen Regierung gilt.</Unicode>
      </TextEquiv>
    </TextRegion>
    <TextRegion type="paragraph" id="r_12_4" custom="readingOrder {index:34;}">
      <Coords points="2333,2468 3345,2468 3345,3629 2333,3629"/>
      <TextLine id="tl_269" primaryLanguage="German" custom="readingOrder {index:0;}">
        <Coords points="2439,2469 3341,2469 3341,2514 2439,2514"/>
        <Baseline points="2439,2504 2507,2502 2613,2504 2743,2504 2919,2504 2997,2504 3104,2505 3341,2507"/>
        <TextEquiv>
          <Unicode>Mit Hilfe Herrn Balfours hat Lord Lansdowne</Unicode>
        </TextEquiv>
        <TextStyle fontFamily="Times New Roman" fontSize="6.5"/>
      </TextLine>
      <TextLine id="tl_270" primaryLanguage="German" custom="readingOrder {index:1;}">
        <Coords points="2338,2512 3344,2512 3344,2559 2338,2559"/>
        <Baseline points="2338,2548 2428,2547 2576,2547 2703,2548 2812,2546 3014,2547 3125,2547 3261,2549 3342,2549"/>
        <TextEquiv>
          <Unicode>einen äußerſt ſpitzen Pfeil geſchmiedet, der gerade auf</Unicode>
        </TextEquiv>
        <TextStyle fontFamily="Times New Roman" fontSize="6.5"/>
      </TextLine>
      <TextLine id="tl_271" primaryLanguage="German" custom="readingOrder {index:2;}">
        <Coords points="2337,2546 3341,2546 3341,2602 2337,2602"/>
        <Baseline points="2337,2589 2397,2589 2498,2590 2569,2589 2727,2590 2806,2590 2951,2591 3006,2592 3166,2592 3233,2592 3341,2593"/>
        <TextEquiv>
          <Unicode>das Herz der Vorlage, die Klauſel 2, gerichtet iſt. Dies</Unicode>
        </TextEquiv>
        <TextStyle fontFamily="Times New Roman" fontSize="6.5"/>
      </TextLine>
      <TextLine id="tl_272" primaryLanguage="German" custom="readingOrder {index:3;}">
        <Coords points="2336,2598 3339,2598 3339,2644 2336,2644"/>
        <Baseline points="2336,2634 2373,2633 2449,2633 2543,2633 2620,2633 2987,2636 3065,2635 3158,2635 3339,2635"/>
        <TextEquiv>
          <Unicode>iſt der Teil der Parlamentsvorlage, in dem beſtimmt</Unicode>
        </TextEquiv>
        <TextStyle fontFamily="Times New Roman" fontSize="6.5"/>
      </TextLine>
      <TextLine id="tl_273" primaryLanguage="German" custom="readingOrder {index:4;}">
        <Coords points="2336,2642 3337,2642 3337,2688 2336,2688"/>
        <Baseline points="2336,2677 2427,2678 2510,2679 2646,2676 2737,2677 2901,2677 3129,2677 3270,2677 3337,2678"/>
        <TextEquiv>
          <Unicode>wird, daß irgend eine Vorlage allgemeiner Natur, die</Unicode>
        </TextEquiv>
        <TextStyle fontFamily="Times New Roman" fontSize="6.5"/>
      </TextLine>
      <TextLine id="tl_274" primaryLanguage="German" custom="readingOrder {index:5;}">
        <Coords points="2336,2684 3335,2684 3335,2731 2336,2731"/>
        <Baseline points="2336,2720 2401,2720 2482,2720 2607,2720 2765,2720 2981,2722 3146,2722 3215,2723 3335,2724"/>
        <TextEquiv>
          <Unicode>von den Lords dreimal verworfen worden iſt, auch</Unicode>
        </TextEquiv>
        <TextStyle fontFamily="Times New Roman" fontSize="6.5"/>
      </TextLine>
      <TextLine id="tl_275" primaryLanguage="German" custom="readingOrder {index:6;}">
        <Coords points="2336,2728 3338,2728 3338,2775 2336,2775"/>
        <Baseline points="2336,2763 2415,2762 2486,2763 2727,2762 2838,2763 3076,2765 3338,2765"/>
        <TextEquiv>
          <Unicode>ohne die Zuſtimmung des Oberhauſes Geſetzeskraft</Unicode>
        </TextEquiv>
        <TextStyle fontFamily="Times New Roman" fontSize="6.5"/>
      </TextLine>
      <TextLine id="tl_276" primaryLanguage="German" custom="readingOrder {index:7;}">
        <Coords points="2337,2771 3340,2771 3340,2817 2337,2817"/>
        <Baseline points="2337,2805 2488,2806 2623,2806 2744,2806 2972,2807 3188,2806 3282,2809 3340,2808"/>
        <TextEquiv>
          <Unicode>erlangen kann. Lord Lansdowne beantragt nun in</Unicode>
        </TextEquiv>
        <TextStyle fontFamily="Times New Roman" fontSize="6.5"/>
      </TextLine>
      <TextLine id="tl_277" primaryLanguage="German" custom="readingOrder {index:8;}">
        <Coords points="2336,2813 3341,2813 3341,2861 2336,2861"/>
        <Baseline points="2337,2848 2452,2849 2827,2850 2927,2849 3134,2851 3212,2850 3271,2850 3341,2852"/>
        <TextEquiv>
          <Unicode>ſeinem Abänderungsantrag, daß Vorlagen, die a) die</Unicode>
        </TextEquiv>
        <TextStyle fontFamily="Times New Roman" fontSize="6.5"/>
      </TextLine>
      <TextLine id="tl_278" primaryLanguage="German" custom="readingOrder {index:9;}">
        <Coords points="2338,2858 3343,2858 3343,2904 2338,2904"/>
        <Baseline points="2338,2893 2464,2893 2551,2892 2678,2892 2776,2893 2851,2892 3124,2894 3343,2896"/>
        <TextEquiv>
          <Unicode>Exiſtenz der Krone oder die proteſtantiſche Thronfolge</Unicode>
        </TextEquiv>
        <TextStyle fontFamily="Times New Roman" fontSize="6.5"/>
      </TextLine>
      <TextLine id="tl_279" primaryLanguage="German" custom="readingOrder {index:10;}">
        <Coords points="2336,2901 3344,2901 3344,2948 2336,2948"/>
        <Baseline points="2336,2935 2501,2936 2602,2935 2783,2936 2870,2937 2926,2937 3002,2937 3225,2938 3344,2937"/>
        <TextEquiv>
          <Unicode>berühren, oder Vorlagen, die d) die Einführung eines</Unicode>
        </TextEquiv>
        <TextStyle fontFamily="Times New Roman" fontSize="6.5"/>
      </TextLine>
      <TextLine id="tl_280" primaryLanguage="German" custom="readingOrder {index:11;}">
        <Coords points="2335,2944 3340,2944 3340,2991 2335,2991"/>
        <Baseline points="2335,2979 2526,2979 2761,2979 2901,2979 3340,2981"/>
        <TextEquiv>
          <Unicode>nationalen Parlaments, einer Nationalverſammlung</Unicode>
        </TextEquiv>
        <TextStyle fontFamily="Times New Roman" fontSize="6.5"/>
      </TextLine>
      <TextLine id="tl_281" primaryLanguage="German" custom="readingOrder {index:12;}">
        <Coords points="2336,2987 3343,2987 3343,3033 2336,3033"/>
        <Baseline points="2336,3021 2411,3021 2520,3022 2804,3021 2909,3022 3199,3024 3343,3019"/>
        <TextEquiv>
          <Unicode>oder eines Nationalrates mit geſetzgebenden Befug⸗</Unicode>
        </TextEquiv>
        <TextStyle fontFamily="Times New Roman" fontSize="6.5"/>
      </TextLine>
      <TextLine id="tl_282" primaryLanguage="German" custom="readingOrder {index:13;}">
        <Coords points="2335,3030 3344,3030 3344,3076 2335,3076"/>
        <Baseline points="2335,3065 2436,3065 2625,3065 2735,3064 2923,3066 3019,3066 3096,3065 3173,3067 3254,3067 3345,3065"/>
        <TextEquiv>
          <Unicode>niſſen bezwecken, oder Vorlagen, die c) nach der An⸗</Unicode>
        </TextEquiv>
        <TextStyle fontFamily="Times New Roman" fontSize="6.5"/>
      </TextLine>
      <TextLine id="tl_283" primaryLanguage="German" custom="readingOrder {index:14;}">
        <Coords points="2334,3073 3343,3073 3343,3118 2334,3118"/>
        <Baseline points="2335,3109 2405,3107 2514,3108 2600,3108 2695,3109 2905,3109 2996,3109 3143,3110 3343,3111"/>
        <TextEquiv>
          <Unicode>ſicht eines aus den Vertretern der beiden Kammern</Unicode>
        </TextEquiv>
        <TextStyle fontFamily="Times New Roman" fontSize="6.5"/>
      </TextLine>
      <TextLine id="tl_284" primaryLanguage="German" custom="readingOrder {index:15;}">
        <Coords points="2335,3117 3344,3117 3344,3164 2335,3164"/>
        <Baseline points="2336,3152 2507,3151 2849,3153 3076,3153 3242,3155 3344,3154"/>
        <TextEquiv>
          <Unicode>gebildeten gemeinſchaftlichen Ausſchuſſes Fragen von</Unicode>
        </TextEquiv>
        <TextStyle fontFamily="Times New Roman" fontSize="6.5"/>
      </TextLine>
      <TextLine id="tl_285" primaryLanguage="German" custom="readingOrder {index:16;}">
        <Coords points="2335,3157 3343,3157 3343,3207 2335,3207"/>
        <Baseline points="2334,3195 2447,3194 2661,3195 2840,3196 2947,3197 3018,3198 3095,3198 3169,3198 3343,3198"/>
        <TextEquiv>
          <Unicode>großer Wichtigkeit betreffen, über die ſich die Wähler⸗</Unicode>
        </TextEquiv>
        <TextStyle fontFamily="Times New Roman" fontSize="6.5"/>
      </TextLine>
      <TextLine id="tl_286" primaryLanguage="German" custom="readingOrder {index:17;}">
        <Coords points="2335,3202 3343,3202 3343,3252 2335,3252"/>
        <Baseline points="2336,3239 2430,3237 2525,3239 2625,3238 2700,3238 2916,3239 3077,3241 3343,3243"/>
        <TextEquiv>
          <Unicode>ſchaft noch nicht mit genügender Klarheit ausgeſprochen</Unicode>
        </TextEquiv>
        <TextStyle fontFamily="Times New Roman" fontSize="6.5"/>
      </TextLine>
      <TextLine id="tl_287" primaryLanguage="German" custom="readingOrder {index:18;}">
        <Coords points="2335,3246 3344,3246 3344,3296 2335,3296"/>
        <Baseline points="2336,3282 2399,3282 2524,3282 2608,3281 2665,3281 2742,3281 2894,3283 2937,3282 3157,3285 3229,3285 3344,3285"/>
        <TextEquiv>
          <Unicode>hat, nicht, wie in der Klauſel 2 vorgeſehen iſt, dem</Unicode>
        </TextEquiv>
        <TextStyle fontFamily="Times New Roman" fontSize="6.5"/>
      </TextLine>
      <TextLine id="tl_288" primaryLanguage="German" custom="readingOrder {index:19;}">
        <Coords points="2335,3289 3342,3289 3342,3340 2335,3340"/>
        <Baseline points="2335,3325 2439,3325 2534,3325 2608,3323 2737,3325 2880,3325 3003,3328 3082,3328 3341,3331"/>
        <TextEquiv>
          <Unicode>König nach der dritten Seſſion einfach zur Genehmigung</Unicode>
        </TextEquiv>
        <TextStyle fontFamily="Times New Roman" fontSize="6.5"/>
      </TextLine>
      <TextLine id="tl_289" primaryLanguage="German" custom="readingOrder {index:20;}">
        <Coords points="2336,3332 3343,3332 3343,3382 2336,3382"/>
        <Baseline points="2336,3368 2496,3367 2645,3368 2772,3369 2924,3370 3007,3372 3182,3373 3241,3375 3343,3374"/>
        <TextEquiv>
          <Unicode>vorgelegt werden ſollen, ſondern den Wählern in einer</Unicode>
        </TextEquiv>
        <TextStyle fontFamily="Times New Roman" fontSize="6.5"/>
      </TextLine>
      <TextLine id="tl_290" primaryLanguage="German" custom="readingOrder {index:21;}">
        <Coords points="2335,3376 3341,3376 3341,3427 2335,3427"/>
        <Baseline points="2335,3412 2408,3412 2509,3410 2727,3411 2807,3413 3090,3416 3237,3417 3342,3418"/>
        <TextEquiv>
          <Unicode>noch vom Parlament zu beſtimmenden Weiſe (Re⸗</Unicode>
        </TextEquiv>
        <TextStyle fontFamily="Times New Roman" fontSize="6.5"/>
      </TextLine>
      <TextLine id="tl_291" primaryLanguage="German" custom="readingOrder {index:22;}">
        <Coords points="2335,3420 3338,3420 3338,3468 2335,3468"/>
        <Baseline points="2339,3455 2523,3455 2620,3454 2899,3457 3151,3459 3338,3460"/>
        <TextEquiv>
          <Unicode>ferendum) zur Abſtimmung unterbreitet werden</Unicode>
        </TextEquiv>
        <TextStyle fontFamily="Times New Roman" fontSize="6.5"/>
      </TextLine>
      <TextLine id="tl_292" primaryLanguage="German" custom="readingOrder {index:23;}">
        <Coords points="2337,3463 3336,3463 3336,3511 2337,3511"/>
        <Baseline points="2337,3498 2467,3498 2553,3498 2688,3498 2775,3499 2882,3500 3044,3500 3181,3502 3250,3503 3337,3503"/>
        <TextEquiv>
          <Unicode>müſſen. Die Frage, ob eine Vorlage unter die Be⸗</Unicode>
        </TextEquiv>
        <TextStyle fontFamily="Times New Roman" fontSize="6.5"/>
      </TextLine>
      <TextLine id="tl_293" primaryLanguage="German" custom="readingOrder {index:24;}">
        <Coords points="2334,3506 3338,3506 3338,3555 2334,3555"/>
        <Baseline points="2335,3541 2548,3541 2626,3541 2885,3544 2942,3544 3019,3543 3086,3544 3166,3546 3251,3546 3338,3548"/>
        <TextEquiv>
          <Unicode>ſtimmungen der Paragraphen a) und b) fällt, ſoll von</Unicode>
        </TextEquiv>
        <TextStyle fontFamily="Times New Roman" fontSize="6.5"/>
      </TextLine>
      <TextLine id="tl_294" primaryLanguage="German" custom="readingOrder {index:25;}">
        <Coords points="2335,3549 3343,3549 3343,3600 2335,3600"/>
        <Baseline points="2335,3584 2406,3584 2614,3586 2959,3589 3135,3590 3343,3590"/>
        <TextEquiv>
          <Unicode>dem erwähnten gemeinſchaftlichen Ausſchuß entſchieden</Unicode>
        </TextEquiv>
        <TextStyle fontFamily="Times New Roman" fontSize="6.5"/>
      </TextLine>
      <TextLine id="tl_295" primaryLanguage="German" custom="readingOrder {index:26;}">
        <Coords points="2336,3594 2473,3594 2473,3628 2336,3628"/>
        <Baseline points="2336,3628 2473,3628"/>
        <TextEquiv>
          <Unicode>werden.</Unicode>
        </TextEquiv>
        <TextStyle fontFamily="Times New Roman" fontSize="6.5"/>
      </TextLine>
      <TextEquiv>
        <Unicode>Mit Hilfe Herrn Balfours hat Lord Lansdowne
einen äußerſt ſpitzen Pfeil geſchmiedet, der gerade auf
das Herz der Vorlage, die Klauſel 2, gerichtet iſt. Dies
iſt der Teil der Parlamentsvorlage, in dem beſtimmt
wird, daß irgend eine Vorlage allgemeiner Natur, die
von den Lords dreimal verworfen worden iſt, auch
ohne die Zuſtimmung des Oberhauſes Geſetzeskraft
erlangen kann. Lord Lansdowne beantragt nun in
ſeinem Abänderungsantrag, daß Vorlagen, die a) die
Exiſtenz der Krone oder die proteſtantiſche Thronfolge
berühren, oder Vorlagen, die d) die Einführung eines
nationalen Parlaments, einer Nationalverſammlung
oder eines Nationalrates mit geſetzgebenden Befug⸗
niſſen bezwecken, oder Vorlagen, die c) nach der An⸗
ſicht eines aus den Vertretern der beiden Kammern
gebildeten gemeinſchaftlichen Ausſchuſſes Fragen von
großer Wichtigkeit betreffen, über die ſich die Wähler⸗
ſchaft noch nicht mit genügender Klarheit ausgeſprochen
hat, nicht, wie in der Klauſel 2 vorgeſehen iſt, dem
König nach der dritten Seſſion einfach zur Genehmigung
vorgelegt werden ſollen, ſondern den Wählern in einer
noch vom Parlament zu beſtimmenden Weiſe (Re⸗
ferendum) zur Abſtimmung unterbreitet werden
müſſen. Die Frage, ob eine Vorlage unter die Be⸗
ſtimmungen der Paragraphen a) und b) fällt, ſoll von
dem erwähnten gemeinſchaftlichen Ausſchuß entſchieden
werden.</Unicode>
      </TextEquiv>
    </TextRegion>
    <TextRegion type="paragraph" id="r_12_5" custom="readingOrder {index:35;}">
      <Coords points="2334,3636 3347,3636 3347,4468 2334,4468"/>
      <TextLine id="tl_296" primaryLanguage="German" custom="readingOrder {index:0;}">
        <Coords points="2439,3637 3344,3637 3344,3686 2439,3686"/>
        <Baseline points="2439,3672 2548,3671 2644,3672 2862,3673 3075,3675 3344,3675"/>
        <TextEquiv>
          <Unicode>Dieſer mit raffinierter Schlauheit ausgeklügelte</Unicode>
        </TextEquiv>
        <TextStyle fontFamily="Times New Roman" fontSize="6.5"/>
      </TextLine>
      <TextLine id="tl_297" primaryLanguage="German" custom="readingOrder {index:1;}">
        <Coords points="2336,3680 3344,3680 3344,3728 2336,3728"/>
        <Baseline points="2338,3715 2599,3715 2862,3717 2956,3717 3166,3718 3266,3721 3344,3720"/>
        <TextEquiv>
          <Unicode>Flankenangriff unterſcheidet ſich auffallend von der</Unicode>
        </TextEquiv>
        <TextStyle fontFamily="Times New Roman" fontSize="6.5"/>
      </TextLine>
      <TextLine id="tl_298" primaryLanguage="German" custom="readingOrder {index:2;}">
        <Coords points="2336,3718 3346,3718 3346,3775 2336,3775"/>
        <Baseline points="2336,3758 2444,3758 2696,3759 2823,3760 2914,3760 3064,3763 3205,3765 3346,3765"/>
        <TextEquiv>
          <Unicode>bisher beobachteten Taktik der Lords, deren ſtetige</Unicode>
        </TextEquiv>
        <TextStyle fontFamily="Times New Roman" fontSize="6.5"/>
      </TextLine>
      <TextLine id="tl_299" primaryLanguage="German" custom="readingOrder {index:3;}">
        <Coords points="2336,3767 3344,3767 3344,3818 2336,3818"/>
        <Baseline points="2336,3803 2495,3804 2600,3802 2874,3806 2997,3807 3167,3809 3344,3810"/>
        <TextEquiv>
          <Unicode>Betonung der Notwendigkeit einer zweiten Kammer</Unicode>
        </TextEquiv>
        <TextStyle fontFamily="Times New Roman" fontSize="6.5"/>
      </TextLine>
      <TextLine id="tl_300" primaryLanguage="German" custom="readingOrder {index:4;}">
        <Coords points="2336,3811 3342,3811 3342,3862 2336,3862"/>
        <Baseline points="2337,3847 2391,3848 2519,3847 2674,3848 2860,3849 3014,3851 3111,3852 3207,3853 3342,3856"/>
        <TextEquiv>
          <Unicode>ſich etwas plump ausnahm. Gleich mit den erſten</Unicode>
        </TextEquiv>
        <TextStyle fontFamily="Times New Roman" fontSize="6.5"/>
      </TextLine>
      <TextLine id="tl_301" primaryLanguage="German" custom="readingOrder {index:5;}">
        <Coords points="2336,3856 3338,3856 3338,3902 2336,3902"/>
        <Baseline points="2336,3892 2473,3891 2550,3891 2817,3893 2922,3893 3005,3895 3141,3898 3236,3898 3338,3899"/>
        <TextEquiv>
          <Unicode>Worten des Amendements wird die Krone, der man</Unicode>
        </TextEquiv>
        <TextStyle fontFamily="Times New Roman" fontSize="6.5"/>
      </TextLine>
      <TextLine id="tl_302" primaryLanguage="German" custom="readingOrder {index:6;}">
        <Coords points="2336,3899 3337,3899 3337,3947 2336,3947"/>
        <Baseline points="2336,3934 2439,3936 2574,3934 2659,3936 2729,3936 3032,3940 3118,3940 3194,3941 3340,3940"/>
        <TextEquiv>
          <Unicode>bange macht, daß die Volksvertretung mit der Parla⸗</Unicode>
        </TextEquiv>
        <TextStyle fontFamily="Times New Roman" fontSize="6.5"/>
      </TextLine>
      <TextLine id="tl_303" primaryLanguage="German" custom="readingOrder {index:7;}">
        <Coords points="2337,3942 3337,3942 3337,3994 2337,3994"/>
        <Baseline points="2337,3974 2504,3975 2562,3976 2638,3976 2749,3976 2813,3976 2922,3977 3041,3979 3179,3980 3339,3982"/>
        <TextEquiv>
          <Unicode>mentsbill in der Hand ſie eines Tages einfach hinweg⸗</Unicode>
        </TextEquiv>
        <TextStyle fontFamily="Times New Roman" fontSize="6.5"/>
      </TextLine>
      <TextLine id="tl_304" primaryLanguage="German" custom="readingOrder {index:8;}">
        <Coords points="2336,3984 3338,3984 3338,4033 2336,4033"/>
        <Baseline points="2336,4018 2523,4019 2662,4019 2750,4018 2843,4020 2997,4022 3054,4022 3135,4022 3264,4024 3340,4026"/>
        <TextEquiv>
          <Unicode>dekretieren könnte, bei den Haaren in den Streit ge⸗</Unicode>
        </TextEquiv>
        <TextStyle fontFamily="Times New Roman" fontSize="6.5"/>
      </TextLine>
      <TextLine id="tl_305" primaryLanguage="German" custom="readingOrder {index:9;}">
        <Coords points="2336,4027 3341,4027 3341,4075 2336,4075"/>
        <Baseline points="2334,4062 2443,4061 2571,4061 2673,4061 2748,4061 2895,4062 2976,4062 3047,4063 3341,4066"/>
        <TextEquiv>
          <Unicode>zogen. Dann folgt ein ſanfter, für die proteſtantiſchen</Unicode>
        </TextEquiv>
        <TextStyle fontFamily="Times New Roman" fontSize="6.5"/>
      </TextLine>
      <TextLine id="tl_306" primaryLanguage="German" custom="readingOrder {index:10;}">
        <Coords points="2337,4069 3344,4069 3344,4116 2337,4116"/>
        <Baseline points="2337,4105 2459,4103 2675,4104 2901,4106 3007,4105 3199,4106 3344,4108"/>
        <TextEquiv>
          <Unicode>Eiferer beſtimmter Rippenſtoß. Und ſchließlich kommt</Unicode>
        </TextEquiv>
        <TextStyle fontFamily="Times New Roman" fontSize="6.5"/>
      </TextLine>
      <TextLine id="tl_307" primaryLanguage="German" custom="readingOrder {index:11;}">
        <Coords points="2336,4106 3346,4106 3346,4166 2336,4166"/>
        <Baseline points="2336,4146 2389,4147 2510,4149 2582,4148 2722,4150 2918,4150 3116,4150 3347,4154"/>
        <TextEquiv>
          <Unicode>der gegen die iriſche Homerule gerichtete Paragraph,</Unicode>
        </TextEquiv>
        <TextStyle fontFamily="Times New Roman" fontSize="6.5"/>
      </TextLine>
      <TextLine id="tl_308" primaryLanguage="German" custom="readingOrder {index:12;}">
        <Coords points="2335,4156 3346,4156 3346,4204 2335,4204"/>
        <Baseline points="2335,4189 2389,4190 2482,4190 2652,4192 2855,4196 2948,4194 3040,4194 3346,4197"/>
        <TextEquiv>
          <Unicode>der die liberale Regierung an der verwundbarſten</Unicode>
        </TextEquiv>
        <TextStyle fontFamily="Times New Roman" fontSize="6.5"/>
      </TextLine>
      <TextLine id="tl_309" primaryLanguage="German" custom="readingOrder {index:13;}">
        <Coords points="2336,4199 3345,4199 3345,4245 2336,4245"/>
        <Baseline points="2336,4234 2440,4234 2556,4235 2694,4236 2796,4236 2906,4237 3075,4237 3165,4237 3345,4239"/>
        <TextEquiv>
          <Unicode>Stelle trifft. Denn von allen Punkten des liberalen</Unicode>
        </TextEquiv>
        <TextStyle fontFamily="Times New Roman" fontSize="6.5"/>
      </TextLine>
      <TextLine id="tl_310" primaryLanguage="German" custom="readingOrder {index:14;}">
        <Coords points="2336,4243 3345,4243 3345,4291 2336,4291"/>
        <Baseline points="2337,4277 2555,4278 2616,4278 2691,4280 2826,4281 3155,4283 3346,4283"/>
        <TextEquiv>
          <Unicode>Programms iſt die iriſche Selbſtverwaltung zweifels⸗</Unicode>
        </TextEquiv>
        <TextStyle fontFamily="Times New Roman" fontSize="6.5"/>
      </TextLine>
      <TextLine id="tl_311" primaryLanguage="German" custom="readingOrder {index:15;}">
        <Coords points="2336,4286 3346,4286 3346,4336 2336,4336"/>
        <Baseline points="2336,4320 2414,4320 2491,4320 2570,4322 2766,4325 2951,4325 3055,4325 3346,4327"/>
        <TextEquiv>
          <Unicode>ohne der am wenigſten populäre. Das Lansdowneſche</Unicode>
        </TextEquiv>
        <TextStyle fontFamily="Times New Roman" fontSize="6.5"/>
      </TextLine>
      <TextLine id="tl_312" primaryLanguage="German" custom="readingOrder {index:16;}">
        <Coords points="2336,4330 3346,4330 3346,4381 2336,4381"/>
        <Baseline points="2336,4366 2564,4366 2645,4367 2751,4369 2899,4369 3177,4372 3260,4372 3346,4372"/>
        <TextEquiv>
          <Unicode>Amendement iſt eine direkte Aufforderung an die</Unicode>
        </TextEquiv>
        <TextStyle fontFamily="Times New Roman" fontSize="6.5"/>
      </TextLine>
      <TextLine id="tl_313" primaryLanguage="German" custom="readingOrder {index:17;}">
        <Coords points="2336,4374 3344,4374 3344,4424 2336,4424"/>
        <Baseline points="2336,4409 2525,4411 2657,4411 2830,4413 2938,4413 3167,4415 3260,4416 3342,4416"/>
        <TextEquiv>
          <Unicode>Regierung, ihren Trumpf, den Pairsſchub, die Er⸗</Unicode>
        </TextEquiv>
        <TextStyle fontFamily="Times New Roman" fontSize="6.5"/>
      </TextLine>
      <TextLine id="tl_314" primaryLanguage="German" custom="readingOrder {index:18;}">
        <Coords points="2335,4418 3199,4418 3199,4467 2335,4467"/>
        <Baseline points="2336,4451 2488,4452 2575,4454 2809,4456 2954,4457 3199,4458"/>
        <TextEquiv>
          <Unicode>nennung von fünfhundert Lords, auszuſpielen.</Unicode>
        </TextEquiv>
        <TextStyle fontFamily="Times New Roman" fontSize="6.5"/>
      </TextLine>
      <TextEquiv>
        <Unicode>Dieſer mit raffinierter Schlauheit ausgeklügelte
Flankenangriff unterſcheidet ſich auffallend von der
bisher beobachteten Taktik der Lords, deren ſtetige
Betonung der Notwendigkeit einer zweiten Kammer
ſich etwas plump ausnahm. Gleich mit den erſten
Worten des Amendements wird die Krone, der man
bange macht, daß die Volksvertretung mit der Parla⸗
mentsbill in der Hand ſie eines Tages einfach hinweg⸗
dekretieren könnte, bei den Haaren in den Streit ge⸗
zogen. Dann folgt ein ſanfter, für die proteſtantiſchen
Eiferer beſtimmter Rippenſtoß. Und ſchließlich kommt
der gegen die iriſche Homerule gerichtete Paragraph,
der die liberale Regierung an der verwundbarſten
Stelle trifft. Denn von allen Punkten des liberalen
Programms iſt die iriſche Selbſtverwaltung zweifels⸗
ohne der am wenigſten populäre. Das Lansdowneſche
Amendement iſt eine direkte Aufforderung an die
Regierung, ihren Trumpf, den Pairsſchub, die Er⸗
nennung von fünfhundert Lords, auszuſpielen.</Unicode>
      </TextEquiv>
    </TextRegion>
    <TextRegion type="paragraph" id="r_12_6" custom="readingOrder {index:36;}">
      <Coords points="2330,4455 3345,4455 3345,4783 2330,4761"/>
      <TextLine id="tl_315" primaryLanguage="German" custom="readingOrder {index:0;}">
        <Coords points="2439,4456 3344,4456 3344,4516 2439,4516"/>
        <Baseline points="2439,4496 2500,4495 2639,4496 2784,4498 2885,4500 3093,4502 3177,4503 3258,4503 3346,4505"/>
        <TextEquiv>
          <Unicode>Die ganze Form des Antrages, der ſich auf</Unicode>
        </TextEquiv>
        <TextStyle fontFamily="Times New Roman" fontSize="6.5"/>
      </TextLine>
      <TextLine id="tl_316" primaryLanguage="German" custom="readingOrder {index:1;}">
        <Coords points="2336,4502 3340,4502 3340,4562 2336,4562"/>
        <Baseline points="2336,4539 2435,4538 2646,4541 2790,4544 2999,4548 3111,4549 3253,4551 3341,4552"/>
        <TextEquiv>
          <Unicode>einige weſentliche Punkte beſchränkt, weiſt darauf hin,</Unicode>
        </TextEquiv>
        <TextStyle fontFamily="Times New Roman" fontSize="6.5"/>
      </TextLine>
      <TextLine id="tl_317" primaryLanguage="German" custom="readingOrder {index:2;}">
        <Coords points="2335,4548 3338,4548 3338,4611 2335,4611"/>
        <Baseline points="2335,4582 2393,4583 2467,4584 2591,4587 2685,4589 2804,4590 2907,4591 3064,4597 3175,4598 3338,4597"/>
        <TextEquiv>
          <Unicode>daß die Lords eine kurze und ſcharfe Kriſe herauf⸗</Unicode>
        </TextEquiv>
        <TextStyle fontFamily="Times New Roman" fontSize="6.5"/>
      </TextLine>
      <TextLine id="tl_318" primaryLanguage="German" custom="readingOrder {index:3;}">
        <Coords points="2335,4596 3339,4596 3339,4652 2335,4652"/>
        <Baseline points="2335,4627 2534,4632 2697,4635 2865,4638 2957,4639 3110,4644 3339,4650"/>
        <TextEquiv>
          <Unicode>beſchwören wollen. Wenn die ganze Operation</Unicode>
        </TextEquiv>
        <TextStyle fontFamily="Times New Roman" fontSize="6.5"/>
      </TextLine>
      <TextLine id="tl_319" primaryLanguage="German" custom="readingOrder {index:4;}">
        <Coords points="2333,4638 3337,4638 3337,4697 2333,4697"/>
        <Baseline points="2333,4671 2417,4672 2491,4674 2635,4677 2752,4681 2838,4682 2925,4683 2984,4684 3130,4688 3193,4690 3337,4692"/>
        <TextEquiv>
          <Unicode>nicht ein rieſiger Bluff ſein ſoll, ſo müſſen ſie Grund</Unicode>
        </TextEquiv>
        <TextStyle fontFamily="Times New Roman" fontSize="6.5"/>
      </TextLine>
      <TextLine id="tl_320" primaryLanguage="German" custom="readingOrder {index:5;}">
        <Coords points="2331,4682 3338,4682 3338,4741 2331,4741"/>
        <Baseline points="2329,4711 2370,4714 2459,4716 2650,4720 2797,4724 2897,4726 3014,4728 3201,4734 3338,4737"/>
        <TextEquiv>
          <Unicode>zu der Annahme haben, daß Herr Asquith ſeinen</Unicode>
        </TextEquiv>
        <TextStyle fontFamily="Times New Roman" fontSize="6.5"/>
      </TextLine>
      <TextLine id="tl_321" primaryLanguage="German" custom="readingOrder {index:6;}">
        <Coords points="2332,4724 3337,4724 3337,4782 2332,4782"/>
        <Baseline points="2332,4756 2435,4758 2601,4763 2791,4765 2908,4768 3110,4773 3218,4776 3337,4779"/>
        <TextEquiv>
          <Unicode>letzten Trumpf entweder nicht ausſpielen will, oder</Unicode>
        </TextEquiv>
        <TextStyle fontFamily="Times New Roman" fontSize="6.5"/>
      </TextLine>
      <TextEquiv>
        <Unicode>Die ganze Form des Antrages, der ſich auf
einige weſentliche Punkte beſchränkt, weiſt darauf hin,
daß die Lords eine kurze und ſcharfe Kriſe herauf⸗
beſchwören wollen. Wenn die ganze Operation
nicht ein rieſiger Bluff ſein ſoll, ſo müſſen ſie Grund
zu der Annahme haben, daß Herr Asquith ſeinen
letzten Trumpf entweder nicht ausſpielen will, oder</Unicode>
      </TextEquiv>
    </TextRegion>
    <TextRegion type="paragraph" id="r_12_7" custom="readingOrder {index:37;}">
      <Coords points="2329,4765 3337,4786 3335,5011 2325,4984"/>
      <TextLine id="tl_322" primaryLanguage="German" custom="readingOrder {index:0;}">
        <Coords points="2329,4762 3332,4786 3333,4828 2330,4804"/>
        <Baseline points="2329,4801 2731,4809 2828,4811 2997,4816 3183,4819 3333,4824"/>
        <TextEquiv>
          <Unicode>nicht ausſpielen kann. Sie rechnen offenbar damit,</Unicode>
        </TextEquiv>
        <TextStyle fontFamily="Times New Roman" fontSize="6.5"/>
      </TextLine>
      <TextLine id="tl_323" primaryLanguage="German" custom="readingOrder {index:1;}">
        <Coords points="2331,4808 3328,4831 3325,4878 2332,4850"/>
        <Baseline points="2331,4841 2393,4844 2474,4845 2650,4851 2921,4858 3009,4860 3078,4862 3206,4867 3330,4870"/>
        <TextEquiv>
          <Unicode>daß das Kabinett demiſſionieren und der König Herrn</Unicode>
        </TextEquiv>
        <TextStyle fontFamily="Times New Roman" fontSize="6.5"/>
      </TextLine>
      <TextLine id="tl_324" primaryLanguage="German" custom="readingOrder {index:2;}">
        <Coords points="2329,4856 3335,4874 3334,4921 2327,4898"/>
        <Baseline points="2329,4889 2469,4890 2553,4895 2630,4896 2836,4902 3064,4908 3180,4910 3331,4914"/>
        <TextEquiv>
          <Unicode>Balfour mit der Regierung beauftragen wird. Daher</Unicode>
        </TextEquiv>
        <TextStyle fontFamily="Times New Roman" fontSize="6.5"/>
      </TextLine>
      <TextLine id="tl_325" primaryLanguage="German" custom="readingOrder {index:3;}">
        <Coords points="2328,4890 3332,4921 3331,4970 2327,4939"/>
        <Baseline points="2333,4933 2520,4938 2723,4945 2845,4947 2948,4949 3060,4953 3332,4961"/>
        <TextEquiv>
          <Unicode>die vielen Gerüchte über eine nahe bevorſtehende</Unicode>
        </TextEquiv>
        <TextStyle fontFamily="Times New Roman" fontSize="6.5"/>
      </TextLine>
      <TextLine id="tl_326" primaryLanguage="German" custom="readingOrder {index:4;}">
        <Coords points="2324,4941 3329,4965 3334,5010 2329,4986"/>
        <Baseline points="2330,4978 2718,4987 2839,4989 3095,4997 3198,5000 3329,5004"/>
        <TextEquiv>
          <Unicode>Parlamentsauflöſung und Neuwahlen im Juli.</Unicode>
        </TextEquiv>
        <TextStyle fontFamily="Times New Roman" fontSize="6.5"/>
      </TextLine>
      <TextEquiv>
        <Unicode>nicht ausſpielen kann. Sie rechnen offenbar damit,
daß das Kabinett demiſſionieren und der König Herrn
Balfour mit der Regierung beauftragen wird. Daher
die vielen Gerüchte über eine nahe bevorſtehende
Parlamentsauflöſung und Neuwahlen im Juli.</Unicode>
      </TextEquiv>
    </TextRegion>
    <TextRegion type="paragraph" id="r_12_8" custom="readingOrder {index:38;}">
      <Coords points="2325,4983 3333,5010 3333,5165 2325,5138"/>
      <TextLine id="tl_327" primaryLanguage="German" custom="readingOrder {index:0;}">
        <Coords points="2327,4982 3328,5002 3328,5050 2327,5030"/>
        <Baseline points="2329,5021 2904,5035 2957,5038 2980,5038 3072,5040 3328,5047"/>
        <TextEquiv>
          <Unicode>Gemäß den Zeitungsberichten treffen die konſervativen</Unicode>
        </TextEquiv>
      </TextLine>
      <TextLine id="tl_328" primaryLanguage="German" custom="readingOrder {index:1;}">
        <Coords points="2324,5024 3326,5052 3325,5097 2329,5069"/>
        <Baseline points="2326,5064 2561,5069 2681,5073 2952,5081 3042,5083 3153,5085 3324,5091"/>
        <TextEquiv>
          <Unicode>Wahlagenten ſchon Vorkehrungen für dieſe Wahlen.</Unicode>
        </TextEquiv>
        <TextStyle fontFamily="Times New Roman" fontSize="6.5"/>
      </TextLine>
      <TextLine id="tl_329" primaryLanguage="German" custom="readingOrder {index:2;}">
        <Coords points="2326,5071 3324,5098 3327,5150 2327,5113"/>
        <Baseline points="2326,5105 2425,5108 2506,5111 2663,5116 2795,5121 2957,5126 3149,5130 3231,5133 3325,5130"/>
        <TextEquiv>
          <Unicode>Ueber den Ausfall dieſer Wahlen herrſchen die ver⸗</Unicode>
        </TextEquiv>
        <TextStyle fontFamily="Times New Roman" fontSize="6.5"/>
      </TextLine>
      <TextEquiv>
        <Unicode>Gemäß den Zeitungsberichten treffen die konſervativen
Wahlagenten ſchon Vorkehrungen für dieſe Wahlen.
Ueber den Ausfall dieſer Wahlen herrſchen die ver⸗</Unicode>
      </TextEquiv>
    </TextRegion>
    <SeparatorRegion id="r_13" custom="readingOrder {index:39;}">
      <Coords points="0,0 3330,0 3330,11 0,11"/>
    </SeparatorRegion>
    <SeparatorRegion id="r_14" custom="readingOrder {index:40;}">
      <Coords points="3330,0 3452,0 3452,4 3330,4"/>
    </SeparatorRegion>
    <SeparatorRegion id="r_15" custom="readingOrder {index:41;}">
      <Coords points="251,280 3237,280 3237,298 251,298"/>
    </SeparatorRegion>
    <SeparatorRegion id="r_16" custom="readingOrder {index:42;}">
      <Coords points="1293,803 2297,803 2297,814 1293,814"/>
    </SeparatorRegion>
    <SeparatorRegion id="r_17" custom="readingOrder {index:43;}">
      <Coords points="2340,1232 3348,1232 3348,1242 2340,1242"/>
    </SeparatorRegion>
    <SeparatorRegion id="r_18" custom="readingOrder {index:44;}">
      <Coords points="369,3177 1263,3177 1263,3195 369,3195"/>
    </SeparatorRegion>
    <SeparatorRegion id="r_19" custom="readingOrder {index:45;}">
      <Coords points="239,3193 1253,3193 1253,3201 239,3201"/>
    </SeparatorRegion>
    <SeparatorRegion id="r_20" custom="readingOrder {index:46;}">
      <Coords points="0,5303 3136,5303 3136,5367 0,5367"/>
    </SeparatorRegion>
    <SeparatorRegion id="r_21" custom="readingOrder {index:47;}">
      <Coords points="3136,5347 3550,5347 3550,5367 3136,5367"/>
    </SeparatorRegion>
    <SeparatorRegion id="r_22" custom="readingOrder {index:48;}">
      <Coords points="0,1 35,1 35,5367 0,5367"/>
    </SeparatorRegion>
    <SeparatorRegion id="r_23" custom="readingOrder {index:49;}">
      <Coords points="1257,335 1277,335 1277,5111 1257,5111"/>
    </SeparatorRegion>
    <SeparatorRegion id="r_24" custom="readingOrder {index:50;}">
      <Coords points="2301,336 2323,336 2323,5112 2301,5112"/>
    </SeparatorRegion>
    <SeparatorRegion id="r_25" custom="readingOrder {index:51;}">
      <Coords points="3552,4554 3598,4554 3598,5366 3552,5366"/>
    </SeparatorRegion>
    <SeparatorRegion id="r_26" custom="readingOrder {index:52;}">
      <Coords points="3575,0 3598,0 3598,4554 3575,4554"/>
    </SeparatorRegion>
  </Page>
</PcGts>
