3488 5255
278 216 427 249 Seite 14
932 208 1204 250 Wien, Samstag
1513 208 2078 243 Neue Freie Presse.
2465 201 2691 237 6. Juli 1895
3185 198 3370 233 Nr. 11085
432 384 1624 475 Statt jeder besonderen Anzeige.
433 544 1725 594 Die Hinterbliebenen geben tiefbetrübt Nachricht von dem Hinscheiden
331 596 1726 647 des innigstgeliebten Gatten, respective Vaters, Schwiegervaters und Gross-
327 653 645 695 vaters, des Herrn
534 742 1516 903 Jakob Losch,
327 942 1727 997 welcher nach kurzem Leiden im 73. Lebensjahre am 4. Juli 1895 sanft
328 1005 610 1041 verschieden ist.
429 1059 1727 1109 Die irdische Hülle des theuren Verblichenen wird Sonntag den 7. Juli,
327 1103 1729 1163 Vormittags 10 Uhr, auf dem Central-Friedhofe (israelitische Abtheilung) zur
331 1167 739 1214 ewigen Ruhe bestattet.
1853 1070 1969 1121 u. neue
1910 1073 2079 1166 feuerfeste
1881 1091 2310 1260 KASSEN
431 1234 898 1276 WIEN, am 5. Juli 1895.
328 1330 797 1374 Julius Pollak, Fritz Sachs
419 1390 715 1426 als Schwiegersöhne.
339 1460 780 1505 Alma Losch geb. Sachs,
403 1520 705 1554 als Schwiegertochter.
896 1381 1154 1425 Amalia Losch,
947 1441 1104 1469 als Gattin.
857 1561 1194 1599 Sämmtliche Enkel.
1259 1325 1722 1372 Emil, Adolf, Josef Losch,
1423 1378 1574 1406 als Söhne.
1261 1429 1722 1473 Rosalie Millet geb. Losch,
1260 1481 1723 1526 Janett Pollak geb. Losch,
1262 1532 1724 1578 Regine Sachs geb. Losch,
1405 1585 1577 1614 als Töchter.
1887 281 2304 336 Gelegenheitskauf.
1950 342 2234 376 Eine ſehr ſchöne
1838 390 2349 515 Herrſchaftsvilla
1836 512 2349 550 mit Stall ꝛc., in Salzburg, in
1836 546 2349 584 einem prächtigen, alten Park, mit
1837 580 2349 620 22 Herrſchaftszimmern, vollſtändig
1837 615 2349 653 mit werthvollen ſtylvollen, alt⸗
1836 650 2349 687 deutſchen Möbeln, Antiquitäten,
1836 683 2349 723 ſchönen, alten Holzplafonds ein⸗
1837 719 2348 756 gerichtet, wird um 50,000 fl.
1837 747 2350 790 incluſive der werthvollen Ein⸗
1837 789 2349 824 richtung verkauft. Nur direct
1837 821 2350 859 an Käufer ertheilt Auskunft
1838 856 2340 894 Richard Patz, Wien, Mar⸗
1837 891 2351 926 garethenſtraße 12. 10747
2012 954 2322 987 Feuerfeste eiserne
2062 991 2289 1023 Cassetten
2022 1032 2296 1056 anschraubbar, sowie
2044 1057 2308 1087 gebrauchte
2170 1198 2315 1227 billigst bei
1990 1229 2301 1286 S. Berger,
1884 1288 2331 1325 Wien, I., Wipplingerstrasse 39,
1911 1322 2281 1347 nächst dem Telegraphen-Amt.
1873 1376 2313 1429 Ausgezeichnete Mühle.
1864 1435 2348 1465 Wegen eingetretenenTodesfalls iſt eine im
1840 1461 2348 1492 ausgezeichnetſten Betriebe befindliche Mühle
1839 1488 2348 1517 im vorzüglichſten Banzuſtande, ganz an der
1840 1513 2348 1542 Bahn, mir ausgezeichneter, nie einfrier⸗
1839 1538 2353 1569 barer 80pferd. Waſſerkraft, conſtant,
1840 1564 2352 1594 mit großartigem Kundenkreis, ſowol als
1791 1591 2335 1620 Bauern⸗ u. Kunſtmühle zu verkaufen, oder
1791 1613 2335 1645 wird ein Compagnon mit mindeſt 30⸗ bis
1791 1637 2335 1676 40 000 fl. geſucht. bei Convenienz ſpäter
1840 1668 2352 1699 Heirat nicht ausgeſchloſſen. Anträge unter
1791 1689 2350 1724 „Glück auf 537“ an das Ank.⸗Bur.
1791 1722 2352 1747 d. Blattes. 10726
361 1834 726 1962 Wohin
720 1823 1715 1866 reiſt man dieſes Jahr? In Lübeck, der altehrwürdigen Hanſe⸗
721 1859 1717 1899 ſtadt, findet in dieſem Sommer vom 21. Juni bis zum October die
698 1893 1716 1933 Deutſch⸗Nordiſche Handels⸗ und Induſtrie⸗Aus⸗
723 1927 1715 1969 ſtellung ſtatt, eine der intereſſanteſten und größten Ausſtellungen,
358 1962 1717 2005 die je in Deutſchland ſtattgefunden hat. Schon der Name kennzeichnet den Zweck der Aus⸗
358 1997 1716 2041 ſtellung, welche berufen iſt, die vielfachen Verbindungen, welche der deutſche Handel und
360 2031 1716 2072 die deutſche Induſtrie mit den Staaten des Nordens. Rußland, Finnland, Skandinavien
360 2066 1716 2107 und Dänemark, unterhält, zu veranſchaulichen. Auf der Ausſtellung ſind daher neben den
361 2096 1716 2144 Erzeugniſſen der Heimat auch vor Allem die mannigfachen Producte der nordiſchen
362 2135 1716 2177 Staaten, ferner, wie ſich dies bei den überſeeiſchen Beziehungen Lübecks nicht anders erwarten
360 2169 1717 2212 läßt, alle mit dem Seeweſen zuſammenhängenden Gewerbe in reicher und intereſſanter
361 2204 1717 2247 Mannigfaltigkeit vertreten. Einen beſonderen Anziehungspunkt werden auch die großartige
362 2238 1717 2281 Ausſtellung der Kaiſerlichen Marine, wie die zum erſtenmale ſtattfindende
362 2272 1717 2314 Deutſche Colonial⸗Ausſtellung und die nordiſche Kunſtausſtellung in der
362 2302 1717 2349 St. Katharinenkirche bilden. Es werden ſich ferner verſchiedene Sonder⸗Ausſtellungen, wie
362 2341 1716 2384 Gartenbau⸗Ausſtellung und die bedeutende III. Deutſche Molkerei⸗Ausſtellung,
362 2370 1717 2419 anſchließen. Alle dieſe Abtheilungen ſind ſo reichlich beſchickt, daß die alte Hanſeſtadt Lübeck
362 2406 1717 2453 in dieſem Jahre ein Hauptanziehungspunkt für Tauſende und aber Tauſende ſein wird, und
363 2445 1718 2487 wahrlich, der Beſuch wird für Jedermann, nicht nur für den Fachmann, der auf der Aus⸗
363 2480 1717 2522 ſtellung lernen will, ſondern auch für den Touriſten, der Unterhaltung, Belehrung und
364 2514 1716 2556 Anregung ſucht, ein lohnender ſein. Daß die Ausſtellung auch durch ein gut gewähltes
363 2548 1716 2590 Vergnügungs⸗Programm, Concerte, Feuerwerke, Ruder⸗ u. Segel⸗Regatten u. ähnliche Veran⸗
363 2583 1717 2626 ſtaltungen der verſchiedenſten Art für das Amuſement der Beſucher ſorgt, iſt ſelbſtverſtändlich.
362 2618 1717 2661 Lübeck mit ſeinen vielen mittelalterlichen Reminiscenzen iſt architektoniſch eine der intereſſan⸗
363 2652 1717 2694 teſten deutſchen Städte und lohnt ſicher ein Beſuch. Die Reiſeverbindungen ſind von allen
365 2686 1718 2730 Großſtädten die denkbar bequemſten, auch für jene zahlreichen Touriſten, welche Sommerreiſen
364 2723 1335 2763 nach Dänemark u. Schweden ausführen wollen, ſind die vorzüglichen
365 2758 1360 2804 Dampfer⸗Verbindungen zwiſchen Lübeck u. Skandinavien zu erwäh⸗
365 2792 1336 2831 nen. Die oben geſtellte Frage, wohin man in dieſem Sommer reiſt,
364 2826 1336 2866 kann daher mit Fug und Recht beantwortet werden: Auf nach
1849 2759 2359 2811 adeliges GUT
1333 2745 1722 2861 Lübeck.
246 2953 1433 3044 Bäder von Bormio.
1451 2943 1828 2997 Veltlin. Italien.
1434 2952 1827 3043 1500 M. ü. M.
671 3042 1402 3089 Am Südfuß des Stilfſerjochs gelegen.
347 3099 1824 3136 Altberühmte Thermen, Schlammbäder, Hydrotherapie. Herrliches Gebirgsklima, 16—83° C. Sommertemperatur. Com⸗
245 3125 1824 3162 plet renovirt. Neuer, prachtvoller Speisesaal. Großes Veſtibule ꝛc. Elektrische Beleuchtung. Mäßige Preiſe.
245 3150 1824 3186 Schweizeriſche Leitung. Deutſche Aerzte. Tägliche Poſtverbindungen mit Tirol, Engadin und Mailand. 10250
1402 3253 1695 3297 ZUR PFLEGE
1434 3304 1663 3347 DER HAUT
1388 3375 1782 3477 PUDER
2379 3443 3428 3505 k. u. k. Grossh. Toscana'sche u. kgl. Württemberg'sche
2737 3471 3433 3527 Hof-Lieferanten. 8280
295 3780 710 3831 Preis einer Dose fl. 1.20.
299 3806 713 3856 Versandt gegen Nach⸗
295 3854 709 3883 nahme oder vorherige
296 3878 707 3908 Einsendung des Be⸗
444 3885 562 3936 trages.
821 3257 1354 3355 KLYTHIA
737 3366 1367 3420 VERSCHÖNERUNG U. VERFEI⸗
825 3427 1298 3470 NERUNG DES TEINTS
787 3494 1728 3550 Elegantester Toilette-, Ball- und Salonpuder,
1072 3547 1782 3574 weiss, rosa oder gelb. 7987
739 3576 1784 3610 Chemisch analysirt und begutachtet von Dr. J. J. Pohl, k. k. Pro-
1138 3606 1383 3630 fessor in Wien.
741 3617 1788 3668 Anerkennungsschreiben aus den besten Kreisen liegen jeder Dose bei.
830 3700 1687 3758 GOTTLIEB TAUSSIG,
739 3765 1785 3807 K. u. K. Hof-Toilette-Seifen- und Parfümerien-Fabrik, Wien.
914 3816 1615 3862 Haupt-Niederlage: Wien, I., Wollzeile 3.
2963 3849 3411 3902 früh. Gaſſenname: Michaelergaſſe.
3037 3878 3304 3928 Gegründet 1845.
741 3874 1792 3913 Zu haben in den meisten Parfümerien, Droguerien und Apotheken.
1857 1993 2334 2071 Prima-Fliegenleim
1857 2069 2335 2098 in Doſen à 1 Ko. fl. 1.50, in Doſen
1856 2095 2336 2124 à ½ Ko. fl. —.80 Fliegenfallen per
1858 2122 2336 2149 Stück 60 kr., 6 Stück fl. 3, 12 Stück
1857 2147 2335 2176 fl. 5.50. Per Nachnahme od. Barſendung
1958 2173 2336 2201 des Betrages verſendet 10495
1910 2181 2290 2235 H. Schön's Sohn.
1857 2230 2334 2263 Slaupnitz bei Leitomiſchl (Böhmen).
1869 2292 2323 2378 Dr. J. Engländer,
1842 2376 2349 2414 Specialarzt, behand. gewiſſenhaft all.
1841 2411 2352 2448 geheimen Haut⸗, Frauenkrankh.
1842 2445 2351 2483 und vorzeitige Nervenſchwäche.
1841 2475 2352 2517 Ord. von 9—5 Uhr, auch brieflich.
1842 2522 2352 2573 Wien, I., Lugeck 3.
1983 2587 2209 2640 Sehr ſchönes
1843 2842 2354 2872 (302) Ungarn (ſteiermärkiſche Grenze),
1845 2869 2354 2899 in ſehr ſchöner, geſunder und guter Lage,
1844 2895 2355 2926 Ortſchaft ganz nahe, mit ca. 350 Joch
1844 2917 2355 2950 vorzügl. Grundſtücken, ſchönem, werth-
1845 2947 2355 2976 vollem Walde (30,000 fl.), reizend ge⸗
1845 2972 2356 3003 legenem comfortablen Schlosse
1847 2998 2354 3027 mit ſchönem Park, Wald anſtoßend,
1850 3024 2356 3053 Schwimmbad ꝛc., Wirthschaftsge-
1846 3050 2356 3078 bäuden. Alles im beſten Stande, ſehr
1846 3076 2357 3105 einträglicher Ziegelei, guter eigener
1846 3101 2356 3132 u. gepachteter Jagd, Fischerei
1846 3128 2356 3157 ꝛc., inclus. Fundus, Einrichtung ꝛc. um
1845 3154 2356 3181 75.000 fl. zu verkaufen. Dr. R. von
1845 3180 2357 3209 Hohenblum, Wien, I., Loth⸗
1846 3207 2357 3242 ringerstrasse 15. 10818
1901 3246 2314 3318 Doctor
1850 3330 2358 3419 Max Engländer
1845 3425 2358 3456 Dr. der Med., Chir., Officier d. königl. ſerb.
1845 3450 2359 3480 Takowa⸗Ordens, gew. pr. Arzt an der I. Ab⸗
1846 3477 2357 3506 theilung f. geheime Krankheiten d. allg. Kran⸗
1846 3503 2356 3533 kenhauſes, auch gew. k. k. Milit.⸗Spit.⸗Arzt,
1846 3528 2359 3560 corr. Mitglied der Société Franç. d'Hygiène
1847 3554 2358 3584 in Paris, behandelt gewiſſenhaft alle ge⸗
1847 3579 2358 3610 heimen und Hautkrankheiten, ſowie Schwäche
1847 3605 2359 3634 ohne Berufsſtörung. Briefe werden beant⸗
1847 3630 2357 3659 wortet. Ord. von 9—1, 2—4½ Uhr. An
1847 3657 2354 3686 Sonn⸗ u. Feiertagen von 9—1 Uhr.
1846 3675 2357 3719 Wien, II., Taborſtraße Nr. 5
1898 3755 2311 3804 Dr. Hirsch.
1874 3814 2335 3841 Specialärztl. Ordinat.⸗Anſtalt für alle
1873 3839 2336 3870 geheim. u. Hautkrankh., Nervenſchwäche,
1873 3866 2336 3894 Frauenleiden. Ordinat. tägl. v. 10—4 Uhr.
1874 3890 2335 3920 Wien, I., Babenbergerſtraße 5.
1927 3918 2337 3944 Briefliche Anfragen discret. 10333
333 4011 1219 4106 Ausverkauf.
1233 4101 1299 4152 10418
409 4123 1249 4198 Tapeten um jeden Preis.
254 4200 1300 4254 MICHAEL COHN, I., Fleischmarkt Nr. 1.
997 4312 1266 4387 Sieg auf Sieg
1103 4372 1164 4424 auf
1009 4491 1259 4541 Humber.
1037 4532 1241 4583 Welt-Record.
1029 4621 1239 4650 829 Kilometer
998 4654 1268 4691 legte Herr Huret
1001 4690 1272 4721 in 24 Stunden auf
295 4721 1270 4759 einem und demselben Humber-Fahrrade zurück. Eine ähn-
451 4758 1108 4795 liche Leistung ist noch niemals dagewesen.
407 4836 1158 4872 Der Derby-Sieger Herr Banker fuhr Humber.
297 4869 1274 4912 Ausserdem gewann derselbe alle Hauptrennen am 29. und
476 4905 1093 4940 30. Juni beim Bundesfest auf Humber.
538 4955 1273 4999 Oesterr. Filiale: 10421
302 5015 1272 5132 Albert H. Curjel,
404 5131 1170 5182 WIEN, I., Elisabethstrasse 5.
1321 4000 2363 4097 Lehr- u. Erziehungsanſtalt f. Knaben
1508 4103 2176 4167 zu Dresden⸗Friedrichſtadt,
1318 4178 2363 4211 bekannt unter dem Namen „Freimaurer⸗Inſtitut“, iſt eine lateinloſe Realſchule, deren
1320 4203 2363 4241 Abgangsprüfung die Schüler zum Dienſt als Einjährig⸗Freiwillige berechtigt. Die
1322 4228 2325 4265 Aufnahme erfolgt mit vollendetem 9. Lebensjahre, der Lehrgang umfaßt 8 Claſſen.
1398 4255 2364 4291 Das Freimaurer⸗Inſtitut zugleich eine Erziehungs⸗Anſtalt, ſie nimmt
1322 4283 2363 4317 daher Knaben in Wohnung und Verpflegung und ſorgt für deren Erziehung durch
1322 4308 2365 4343 liebevolle, doch ſtrenge Behandlung und ſtetige gewiſſenhafte Beaufſichtigung; die
1321 4334 2364 4370 weiten wohnlichen Räume, die nahrhafte Koſt bieten Bürgſchaft für eine geſunde
1322 4360 2363 4391 körperliche Entwicklung. 10831
1397 4387 1902 4420 Der Eintritt kann zu jeder Zeit erfolgen.
1397 4411 2364 4446 Proſpecte und Auskünfte bereitwilligſt und unentgeltlich durch die Expedition.
1346 4458 1702 4487 Für die Vorſteherſchaft:
1984 4456 2237 4486 Für die Leitung:
1396 4500 1669 4537 Theodor Hultzsch,
1320 4534 1760 4564 k. ſ. Commerzienrath, Handelskammer-
1488 4562 1596 4589 Präsident.
1907 4500 2321 4538 Dr. Krumbiegel, Dir. (Lehre).
1850 4544 2364 4583 Dr. Friedrich, Vicc-Dir. (Erziehung).
1408 4686 2287 4803 „Gasglühlicht.“
1530 4807 2164 4868 Reform-Hartglas-Cylinder.
1474 4876 2294 4909 Dieſer aus einer beſonderen Hartglasart hergeſtellte Cylinder,
1397 4900 2293 4935 bei dem ein Zerſpringen, reſp. Platzen unmöglich iſt, iſt die neueſte
1398 4925 2293 4960 epochemachende Erfindung im Bereich dieſes Lichtes. Hiedurch iſt die
1397 4950 2294 4987 weitgehendſte Garantie gegen das ſo läſtige Zerſtören des Glüh⸗
1397 4978 2294 5012 körpers gegeben. Proſpecte auf Wunſch zu Dienſten. 10819
1613 5014 2091 5051 Hohlglashüttenwerke,
1371 5041 2299 5092 Stolberger Glashütten-Actien-Gesellschaft
1653 5085 2047 5118 Glashütte Jordan,
1621 5119 2070 5156 Stolberg, Rheinland.
2531 336 3340 391 Tieferſchüttert geben wir hiemit die traurige Nachricht
2445 387 3341 427 von dem Ableben unſerer innigſtgeliebten Gattin, Mutter,
2447 423 3101 461 Schwiegermutter und Großmutter, der Frau
2516 472 3295 611 Fanny Seif
2712 618 3081 692 geb. Gänſel
2445 712 3342 752 welche am 4. Juli 1895 nach kurzem Leiden im 51. Lebens⸗
2445 750 2823 787 jahre ſanft entſchlafen iſt.
2532 776 3342 821 Die irdiſche Hülle der theuren Verblichenen wird
2446 815 3342 856 Sonntag den 7. d. M. um ½11 Uhr Vormittags vom
2447 846 3089 891 Central⸗Friedhofe (iſr. Abth.) aus beſtattet.
2532 895 2925 933 Wien, am 5. Juli 1895.
2740 955 3043 992 M. Seif, als Gatte.
2463 1004 3327 1046 Dr. Sigmund Seif, Carl Seif, Sofie Kahane
2464 1048 3325 1089 geb. Seif, Roſa Kurzmann geb. Seif, Paula Seif,
2821 1093 2970 1122 als Kinder.
2515 1143 3274 1183 Dr. Heinrich Kahane, Iſidor Kurzmann,
2766 1189 3024 1224 als Schwiegerſöhne.
2580 1239 3208 1277 Eliſe Seif geb. Seif, als Schwiegertochter.
2692 1289 3335 1329 Norbert Seif, als Enkel. 10815
2524 1341 3270 1388 Um ſtilles Beileid wird gebeten.
2583 1484 3220 1567 Kundmachung.
2456 1590 3418 1629 Bei der in Gemäßheit des §. 18 der Anſtaltsſtatuten am
2372 1624 3418 1667 5. Juli 1895 vorgenommenen XI. öffentlichen Verloſung der
2370 1658 3418 1699 Pfandbriefe der niederöſt. Landes⸗Hypothekenanſtalt ſind
2369 1693 3416 1734 nachſtehende Pfandbriefe im Geſammtbetrage per 143,200 Gulden
2371 1734 2607 1768 gezogen worden:
2456 1770 3415 1809 à 5000 fl.: Nr. 113 528 610 896 1294 1982 1990 2045 2117
2371 1808 3142 1841 2464 2863 3240 3456 3825 4035 4133 4328 4430.
2457 1839 3420 1879 à 1000 fl.: Nr. 258 622 996 1282 1486 1494 1776 1977
2371 1876 3422 1909 2282 2370 2670 2958 3320 3920 3923 3949 4382 5090 5268 5280
2371 1911 3421 1945 5538 5574 5602 5620 5953 5955 5968 6168 6478 6572 7494 7635
2370 1945 3420 1981 7858 8191 8400 8467 8534 8613 9494 10221 10655 11072 11155.
2457 1977 3422 2016 à 500 fl.: Nr. 184 397 596 869 1094 1396 1596 1795 1868
2371 2020 2619 2048 2064 2264 2268.
2458 2046 3422 2086 à 100 fl.: Nr. 11 12 60 154 311 365 522 834 1241 1498 1686
2373 2082 3421 2116 1660 2083 2152 2482 2489 2769 2869 2951 3151 3390 3403 3982
2370 2116 3419 2151 4056 4341 4360 4413 4806 4882 4951 5104 5373 5671 5743 5898
2371 2157 2793 2186 6482 6496 6884 7143 7260.
2457 2187 2938 2224 à 50 fl.: Nr. 25 272 426 427.
2457 2225 3414 2267 Die Zahlung dieſer Pfandbriefe erfolgt nach §. 20 der Anſtalts⸗
2371 2256 3420 2300 ſtatuten ſechs Monate nach der Ziehung, ſonach am 2. Januar 1896
2372 2294 3423 2336 in Wien durch die Anſtaltscaſſa gegen Rückſtellung des Pfandbriefes
2371 2329 3422 2372 ſammt Couponbogen und Talon. Verloſte Pfandbriefe werden gegen
2372 2363 3422 2405 neue umgetauſcht, hiebei bereits behobene Coupons vom Kapitale nicht
2371 2394 3420 2439 in Abzug gebracht; dem Pfandbriefbeſitzer verloſter Stücke, welcher bei
2373 2432 3421 2473 deren Einlöſung das Kapital behebt, werden vom Verfallstage an
2372 2473 2764 2510 3 Percent Zinſen vergütet.
2460 2510 3418 2552 Von den bei früheren Verloſungen gezogenen Pfandbriefen ſind
2372 2549 2876 2587 noch nicht zur Einlöſung gelangt:
2459 2589 3421 2630 à 5000 fl.: Nr. 461 505 738 1444 1513 1960 2422 2423
2373 2633 2450 2660 3532.
2461 2658 3423 2697 à 1000 fl.: Nr. 195 687 880 964 1307 1371 1396 3427 8753
2373 2694 3423 2729 3813 3943 4084 4518 4992 5031 6360 5373 5641 6156 6429 6468
2374 2729 3418 2764 6666 6858 6894 6909 7071 7867 8116 10147 10550 10551 10552.
2461 2763 3423 2799 à 500 fl.: Nr. 4 265 325 533 562 804 923 1148 1515 2015.
2461 2797 3425 2835 à 100 fl.: Nr. 45 47 70 97 372 634 675 795 1184 1234
2374 2831 3420 2867 1239 1406 1643 1675 1819 2183 2210 2295 2372 2503 2515 2529
2374 2866 3422 2901 2572 2606 2686 2909 2954 3045 3196 3778 3937 4600 4706 4894
2374 2901 3420 2937 5272 5354 5918 6480 6484 6787 6792 6866 7125 7221 7227.
2460 2937 2978 2974 à 50 fl.: Nr. 21 22 24 222 399.
2460 2975 3420 3017 Die nächſte XII. Verloſung findet Montag den 6. Januar
2375 3017 2527 3052 1896 ſtatt.
2463 3058 2862 3095 Wien, am 5. Juli 1895.
2376 3101 3424 3159 Vom Curatorium der niederöſterr. Landes-Hypothekenanſtalt.
2379 3161 3422 3266 Société de Photominiature.
2463 3283 3422 3326 Nach jeder beliebigen Photographie erhält man bei uns
2377 3318 3421 3360 ein Oelporträt in vornehmer Ausführung unter Garantie voll⸗
2377 3348 3418 3394 kommener Aehnlichkeit und Haltbarkeit Proſpecte gratis und franco.
2377 3405 3422 3467 Société de Photominiature, Wien, I., Kärntnerring 14,
2775 3588 3404 3639 WAPPEN, EMBLEME / dgl. in allen
2827 3637 3398 3679 Arten Materialien, und für alle Zwecke.
2857 3708 3382 3758 MICH WINKLER & SOHN
2516 3797 3320 3881 WIEN XV. LÖHRGASSE No 17.
2597 3872 2946 3928 TELEPHON 4669.
2473 3933 3408 3966 Um vielfachen Verwechslungen mit ähnlich lautenden Firmen zu begegnen,
2399 3959 3409 3992 wird um genaue Beachtung des Firmenwortlautes Mich. Winkler & Sohn
2515 3986 3409 4016 und der Adreſſe XV., Fünfhaus, Löhrgasse 17, gebeten. 10533
2381 4083 3428 4194 Zug-, Nutz- und Einſtellvieh-Markt
2658 4202 3152 4251 in Pressburg.
2468 4267 3428 4308 Von Seite der kön. Freiſtadt Preßburg wird hiemit bekannt⸗
2382 4302 3427 4350 gegeben, daß, abgeſehen von den wöchentlich Freitag hierorts ſtattfindenden
2383 4344 2631 4379 Viehmärkten, am
2563 4380 3251 4439 letzten Freitag jeden Monats
2384 4440 3425 4482 auf dem hiezu eingerichteten. Territorium des Viehmarktplatzes ein
2384 4474 3426 4517 großer Viehmarkt, namentlich für Einſtellochſen (färbiger Race), dann
2384 4506 3095 4552 für Maſt⸗, Nutz⸗ und Zugvieh abgehalten wird.
2470 4543 3427 4587 Für gute Unterkunft und im Bedarfsfalle für Verpflegung der
2384 4581 2756 4621 Thiere iſt beſtens geſorgt.
2470 4614 3006 4655 Der erſte dieſer großen Märkte wird
2435 4655 3246 4714 Freitag den 26. Juli l. J.
2385 4717 3434 4760 abgehalten. 10783
2470 4761 2910 4800 Preßburg, im Juni 1895.
2410 4792 3385 4849 Der Bürgermeiſter.
2431 4864 2881 4893 Das Depot hygienischer Artikel von
2663 4913 3080 5005 Sigi Ernst
2712 5014 3040 5037 befindet sich nach wie vor
2507 5065 3234 5127 Wien, Kärntnerstrasse Nr. 45
2658 5142 3377 5173 und Paris, 11 rue Martel. 10401
