3488 5345
255 188 382 223 Seite 6
1014 193 1281 237 Wien, Samstag
1543 203 2115 245 Neue Freie Presse.
2379 213 2607 250 6. Juli 1895
3138 221 3321 259 Nr. 11085
204 259 1227 317 Goldlilien geſchmückt iſt, und übergab es dem Grafen de Maillé.
201 297 1229 356 Dieſer ſtellte es auf einen kleinen Altar in ſeinem Hauſe der
203 336 1226 391 Rue de l'Univerſité aus, wo ſich zahlreiche Royaliſten einfanden,
201 374 1228 430 die durch Niederknien und Gebete ihrer Verehrung für die Reliquie
200 412 1226 473 Ausdruck gaben, worauf dieſe am Sonntag Abends nach Venedig
198 454 772 505 ins „Hotel Lorédan“ gebracht wurde.
278 500 1225 558 [Diſtanzritt und Thierſchutz.] In Warſchau
197 537 1224 594 wurde kürzlich von Liebhabern des Reitſports ein Diſtanzweltritt
195 576 1224 633 auf 100 Werſt unternommen, deſſen trauriges Reſultat darin
197 615 1223 673 beſtand, daß von 40 Pferden — 36 zu Tode geritten wurden
194 653 1223 710 und die vier übrigen Pferde wol für längere Zeit unbrauchbar
195 692 1222 753 geworden ſind. Die Warſchauer Abtheilung der Kaiſerlichen Geſell⸗
194 732 1222 790 ſchaft für Thierſchutz hat jetzt beſchloſſen, die Beſitzer der 36 zu
198 770 1221 829 Tode gerittenen Pferde von dem Gerichte zur Verantwortung
193 814 442 860 ziehen zu laſſen.
278 856 1219 909 [Topographiſche Detailkarte der nordweſt⸗
191 890 1219 944 lichen Dolomiten 1:50000.] Mit dieſer Karte, welche das
190 924 1219 977 weſtliche Anſchlußblatt der im Vorjahre erſchienenen Karte der
191 957 1217 1013 Ampezzaner und Sextener Dolomiten bildet, hat die Lechner'ſche Hof⸗
189 993 1218 1047 buchhandlung allen Freunden der Dolomiten eine höchſt willkommene
191 1026 1216 1078 Gabe bereitet. Die vom k. und k. Militär⸗geographiſchen Inſtitut in
190 1057 1216 1113 Wien in muſtergiltiger Weiſe ausgeführte Karte umfaßt die Geisler⸗
188 1095 1218 1150 und Puezgruppe, den Langkofl und die Sellagruppe ſowie den Roſen⸗
188 1132 713 1179 garten nebſt der Marmoladagruppe.
274 1174 1212 1227 [Ausſtellung.] Der Wiener Kunſthändler Anton Stöckl
186 1203 1213 1263 hat im „Poſthof“ zu Karlsbad die ſiebente internationale Kunſt⸗
187 1242 1215 1296 ausſtellung, in welcher viele Wiener Meiſter vertreten ſind, unter
185 1276 1212 1331 lebhafter Theilnahme und voller Anerkennung ſeitens der vornehmen
185 1314 833 1368 Curgeſellſchaft eröffnet.
254 1381 1145 1441 Der Zeitpunkt der Gemeinderathswahlen.
939 1443 1178 1480 Wien, 5. Juli.
261 1475 1212 1529 In einem officiellen Communiqué wurde bekanntgegeben, daß
184 1513 1211 1569 die Wählerliſten in der Zeit vom 10. Juli d. J. an durch ſechs
183 1552 1211 1610 Wochen zu Jedermanns Einſicht aufliegen, daß Einwendungen
183 1584 1211 1651 gegen dieſelben in der Zeit vom 10. Juli bis einſchließlich 17. Juli
181 1629 1209 1688 vorgebracht werden können, und daß die näheren Beſtimmungen
182 1668 1209 1723 über den Ort und die Zeit der Wahlen ſeinerzeit unter Bedacht⸗
180 1707 1208 1764 nahme auf die Anordnungen der §§. 13 und 14 der Gemeinde⸗
181 1745 1208 1802 Wahlordnung ſofort nach Abſchluß des Reclamations⸗Verfahrens
180 1784 1208 1840 werden getroffen werden. Es fragt ſich nun, ob nach dieſem erſten
180 1822 1206 1880 vom Bezirkscommiſſär Dr. v. Friebeis feſtgeſtellten Termin ein
181 1861 1207 1919 Schluß auf den Zeitpunkt der Wahlausſchreibung gezogen werden
180 1900 907 1950 kann. Diesfalls kommt Folgendes in Betracht:
261 1938 1206 1995 §. 101 des Gemeindeſtatuts für Wien ſpricht von der Auf⸗
182 1978 1203 2034 löſung des Gemeinderathes durch den Statthalter und ordnet an,
181 2016 1204 2074 daß die Neuwahl des Gemeinderathes binnen ſechs Wochen aus⸗
178 2055 1204 2113 geſchrieben werden muß. Dieſe geſetzliche Beſtimmung kann nur
179 2093 1202 2147 den Sinn haben und wurde auch von der beſtandenen Gemeinde⸗
177 2131 1202 2189 vertretung in der Weiſe ausgelegt, daß binnen ſechs Wochen nach
178 2170 1202 2227 Auflöſung eines Gemeinderathes die zur Neuwahl erforderlichen
178 2209 1203 2265 Schritte veranlaßt werden müſſen, d. h. daß das Wahlgeſchäft
179 2241 1202 2304 officiell eingeleitet werden muß. Den Inhalt dieſer Ausſchreibung
174 2286 1198 2343 geben die §§. 13 und 14 der Gemeinde⸗Wahlordnung für Wien.
173 2325 1195 2382 Im §. 13 wird insbeſondere angeordnet, daß nach Bezirken und
171 2364 1195 2419 Wahlkörpern abgeſonderte Wählerliſten zu verfaſſen und in jedem
172 2402 1195 2460 Bezirke mindeſtens vier Wochen vor der Wahl zu Jedermanns
172 2441 1200 2496 Einſicht aufzulegen ſind. Es heißt hier ausdrücklich „mindeſtens
169 2479 1194 2535 vier Wochen“; daraus ergibt ſich, daß auch ein längerer Zeitraum
171 2518 1195 2576 gewählt werden kann. Der zur Beſorgung der Communalgeſchäfte
169 2557 1194 2612 beſtellte k. k. Bezirkshauptmann hat den früher in der Gemeinde⸗
170 2595 1194 2652 vertretung lautgewordenen und auch jetzt vom Beirathe aufrecht⸗
166 2634 1189 2689 erhaltenen Wünſchen Rechnung getragen, indem er beſtimmte, daß
168 2672 1195 2726 die Wählerliſten ſechs Wochen zu Jedermanns Einſicht offen zu
166 2703 1191 2769 halten ſind. Dieſe ſechswöchentliche Friſt beginnt mit dem 10. Juli
167 2741 1190 2805 und endigt ſonach am 21. Auguſt. Soll dieſe Friſt einen Zweck
165 2781 1189 2844 haben, ſo muß es möglich ſein, innerhalb dieſer Friſt, ſonach auch
164 2819 1189 2881 noch am 21. Auguſt, Eintragungen und Löſchungen in dieſer
164 2865 1189 2920 Wählerliſte vorzunehmen, da ſonſt das Aufliegen der Wählerliſten
166 2907 381 2949 zwecklos wäre.
245 2944 1192 2996 Am 21. Auguſt wird ſeit der am 30. Mai erfolgten Auf⸗
165 2981 1192 3037 löſung des Gemeinderathes ein Zeitraum von 83 Tagen, das
167 3019 1191 3075 ſind ungefähr 12 Wochen, verfloſſen ſein. Der hiemit beobachtete
165 3058 1191 3115 Vorgang entſpricht nicht nur dem Geſetze, ſondern auch dem
165 3097 1190 3152 Wunſche der beſtandenen Gemeindevertretung, daß die Liſten
163 3127 1191 3192 ſechs Wochen aufliegen, und damit offenbar auch der Rechts⸗
164 3174 1189 3230 anſchauung, die übrigens bei dem Wortlaute des ſchon
164 3213 1188 3268 citirten §. 13 der Wahlordnung unbeſtreitbar iſt, daß zur
163 3250 1188 3306 Offenhaltung der Wählerliſten ein beliebiger, jedenfalls vier
163 3290 1188 3346 Wochen überſchreitender Termin zu beſtimmen iſt. Iſt aber
162 3329 1186 3384 dieſe Concluſion richtig, dann kann die Beſtimmung des §. 101:
165 3368 1186 3423 „Die Neuwahl muß binnen ſechs Wochen ausgeſchrieben werden“,
161 3407 1186 3462 nicht etwa dahin aufgefaßt werden, daß damit geſagt iſt, jene
164 3446 1185 3501 Ausſchreibung, welche §. 14 der Wahlordnung meint, in⸗
161 3484 1186 3538 dem derſelbe ſagt: Zur Vornahme der Wahl hat der
160 3523 1182 3579 Bürgermeiſter acht Tage vorher die Wahlausſchreibung ꝛc.
158 3561 1184 3616 bekanntzumachen, habe binnen ſechs Wochen nach Auflöſung der
160 3600 1184 3654 Gemeindevertretung ſtattzufinden, denn ſonſt wäre ſchon jetzt, obwol
159 3638 1184 3693 der von der ſeinerzeitigen Gemeindevertretung gewünſchte Vorgang
159 3677 1183 3731 beobachtet worden iſt, eine Ueberſchreitung der im Geſetze in
157 3716 1182 3772 Ausſicht genommenen ſechswöchentlichen Friſt eingetreten. Der
157 3754 1181 3810 §. 101 kann vielmehr nur den Sinn und die Bedeutung haben,
156 3792 1181 3848 daß, wie oben bemerkt, ſechs Wochen nach Auflöſung der Gemeinde⸗
155 3831 1182 3886 vertretung die Einleitung des Wahlgeſchäftes ſtattfinde, nicht aber
157 3870 1181 3924 etwa die im §. 14 der Wahlordnung beſtimmte Wahlausſchreibung
154 3909 1180 3963 mit einem achttägigen Termin zur wirklichen Vornahme der Wahl
155 3949 257 3991 erfolge.
232 3987 1182 4039 Bei Ablauf der ſechswöchentlichen Friſt, während welcher die
154 4025 1179 4079 Wählerliſten zur öffentlichen Einſicht aufliegen, wird es ſich
154 4065 1180 4117 darum handeln, was weiter zu verfügen iſt, was wieder
153 4102 1178 4156 davon abhängt, welche Aenderungen einmal durch das
153 4141 1178 4194 Reclamations⸗Verfahren und dann während der ſechswöchentlichen
152 4180 1176 4233 Kundmachungsfriſt an den Wählerliſten vorgekommen ſind.
153 4210 1177 4272 Es heißt, daß ſchon jetzt dreitauſend Eintragungen ſtatt⸗
151 4256 1176 4313 gefunden haben; es iſt leicht möglich, daß die Anzahl der noch
153 4295 1175 4348 weiter ſtattfindenden Aenderungen eine außerordentlich bedeutende
150 4333 1173 4388 iſt, und es dürfte ſich empfehlen, dieſe Veränderungen in einem
150 4373 1173 4426 Nachtrage zu den gedruckten Wählerliſten zu ſammeln und den
150 4411 1174 4466 gedruckten Nachtrag den Wählern, nach Bezirken geordnet, zuzu⸗
150 4449 1172 4503 ſtellen. Von dem Umfange dieſer Geſchäfte dürfte nach unſerer
148 4487 1173 4542 Anſicht die Beſtimmung des Termins abhängen, an welchem die
149 4525 1170 4581 Wahlausſchreibung im Sinne des §. 14 der Wahlordnung erfolgt.
224 4566 1172 4619 Dieſer Paragraph beſtimmt: Zur Vornahme der Wahl hat
146 4603 1170 4659 der Bürgermeiſter acht Tage vorher die Wahlausſchreibung ꝛc. be⸗
146 4642 1169 4697 kannt zu machen. Es entſteht nun die Frage: Muß der Termin
146 4680 1170 4735 vom Tage der Bekanntmachung der Wahlausſchreibung bis zur
146 4719 1170 4773 Vornahme der Wahl gerade acht Tage ſein? Darf dieſe Friſt
144 4757 1168 4812 nicht länger und nicht kürzer ſein? Die wörtliche Auslegung dieſer
145 4796 1168 4851 Beſtimmung führt zunächſt zu der Schwierigkeit, daß das Wahl⸗
144 4834 1168 4892 geſchäft ſelbſt bei dem Vorkommen von engeren Wahlen leicht
145 4873 1167 4929 zehn bis vierzehn Tage in Anſpruch nehmen kann, und es könnte
144 4912 1167 4967 daher der §. 14 bei der ſtrengſten Auslegung nur den Sinn
145 4950 1166 5006 haben, daß acht Tage nach der Bekanntmachung der Wahlaus⸗
145 4989 1167 5045 ſchreibung mit der Wahl zu beginnen iſt, nicht aber die Wahl
144 5028 1164 5087 vorzunehmen iſt. Uns ſcheint, daß §. 14 nur die Abſicht hat,
146 5066 1165 5123 einen Minimaltermin feſtzuſetzen, damit nicht etwa vom Tage der
145 5105 1165 5161 Bekanntmachung der Wahlausſchreibung bis zum Wahltermine
146 5143 919 5194 ſelbſt ein allzu kurzer Zeitraum angeordnet werde.
1349 276 2290 329 Aus dem Geſagten ergibt ſich, daß die Zeit nach dem
1271 314 2292 367 21. Auguſt dazu verwendet werden muß, um die Wählerliſten
1272 352 2290 405 endgiltig richtigzuſtellen, die durch die vorgenommenen Corecturren
1270 391 2294 445 ſich ergebenden Nachträge zu ordnen, Wiederholungen in den⸗
1270 421 2293 483 ſelben, das iſt die Eintragungen eines und desſelben Wählers in
1270 468 2293 522 mehreren Bezirken, hintanzuhalten und die auf dieſe Weiſe geord⸗
1268 507 2290 560 neten und in Druck gelegten Nachträge den Wählern zuzuſenden.
1268 545 2292 597 Bei der Größe der Arbeit dürfte damit das Ende des Monats
1267 584 2293 638 Auguſt und ein Theil des Monats September in Anſpruch ge⸗
1267 624 2290 677 nommen werden, und es muß dann dem §. 14 entſprechend zur
1265 660 2292 715 Vornahme der Wahl die Wahlausſchreibung bekanntgemacht wer⸗
1266 700 2291 758 den, ſo daß die Wahlen ſelbſt im beſten Falle gegen Ende Sep⸗
1264 738 2292 791 tember werden vorgenommen werden können, wenn nicht die
1265 776 2292 833 Fertigſtellung der aufgelegten Liſten und der Nachträge Schwierig⸗
1263 815 2293 869 keiten hervorrufen, über die man ſich vorläufig kein genaues Bild
1264 855 2290 908 machen kann, zumal wenn man in Betracht zieht, daß durch den
1262 892 2291 947 Auguſt⸗Ausziehtermin viele Veränderungen in den Wählerliſten
1263 931 1658 975 werden verurſacht werden.
1546 1005 1993 1052 Vereins⸗Nachrichten.
1339 1050 2288 1102 [An die Abiturienten der deutſchen Mittel⸗
1258 1087 2288 1143 ſchulen.] Einem ſoeben erſchienenen Aufruf entnehmen wir
1260 1120 1523 1169 folgende Stellen:
1345 1175 2283 1224 Commilitonen! Ihr ſteht vor einem neuen Abſchnitt eures
1258 1207 2286 1259 Lebens. Befreit vom Zwange enger Verhältniſſe, tretet ihr in die
1257 1242 2286 1292 Welt hinaus und eine neue Umgebung, ein erweiterter Geſichtskreis
1257 1277 2275 1327 umfängt euch. Nicht mehr, wie bisher, geleitet von Eltern und Lehrern
1257 1306 2287 1362 ſondern ſelbſtſtändig und auf eigenes Handeln und Wollen ange⸗
1257 1345 2281 1395 wieſen, ſollt ihr eure Studien an der Hochſchule fortſetzen und lockend
1256 1376 2283 1430 winkt euch die goldene Freiheit des akademiſchen Lebens. Doch auch
1256 1410 2282 1464 Pflichten erwarten euch, große Aufgaben harren ihrer Vollendung.
1256 1447 2280 1499 Jünger der Wiſſenſchaft ſollt ihr werden und mit friſcher Begeiſterung
1256 1478 2282 1534 unverdroſſen an eurer geiſtigen und ſittlichen Ausbildung und Ver⸗
1255 1514 2280 1568 vollkommnung arbeiten. Aber wenn dies auch der erſte und unmittel⸗
1255 1552 2285 1603 barſte Zweck iſt, der euch in die Hallen unſerer ehrwürdigen Alma
1253 1586 2279 1637 mater führt, ſo iſt es doch nicht der einzige. Noch ein Zweites gibt
1254 1616 2278 1672 es, gar wohl geeignet, jugendliche Herzen höher ſchlagen zu laſſen und
1253 1655 2280 1706 das Feuer edler Begeiſterung für eine gute und große Sache in ihnen
1253 1686 2280 1740 zu entzünden. Es iſt die nationale Idee, die flammende reine
1252 1724 2279 1774 Liebe zu unſerm theuren deutſchen Volksthum, die warme
1256 1759 2279 1809 Antheilnahme an ſeinem Blühen und Gedeihen, der feſte Wille, alle
1251 1792 2286 1842 Kräfte einzuſetzen im Kampfe für die edlen Güter unſerer angeſtammten
1253 1822 2279 1878 Sprache und Sitte, für die unvergänglichen Ideale der Freiheit
1250 1862 2277 1912 und des Fortſchritts. Dies zu bethätigen, bedarf es eines ge⸗
1251 1896 2275 1947 meinſamen Mittelpunktes, der alle Gleichgeſinnten an ſich heranzieht,
1250 1931 2272 1981 ſie durch das Band treuer Freundſchaft unter einander verbindet und
1249 1965 2271 2015 ihnen in dem Gefühle der Zuſammengehörigkeit und Einigkeit einen feſten
1248 1999 2277 2050 Rückhalt gibt, der ihre feurige Thatkraft in die rechten Bahnen lenkt,
1250 2034 2274 2085 der ſie zu dem bildet, was ſie werden ſollen, zu wackeren deutſchen
1248 2068 2274 2120 Männern. Eine ſolche Vereinigung iſt die „Deutſch⸗akademiſche
1248 2103 2274 2154 Leſe⸗ und Redehalle in Wien“, und ſie ladet hiedurch alle
1247 2138 2275 2189 diejenigen von euch, welche im kommenden Herbſte eine der Wiener
1247 2172 2272 2223 Hochſchulen zu beziehen gedenken, zum Beitritt ein. Ihre Leſezimmer,
1247 2207 2273 2257 in welchen die bedeutendſten politiſchen, wiſſenſchaftlichen und belle⸗
1247 2241 2272 2291 triſtiſchen Zeitſchriften des In⸗ und Auslandes, insbeſondere faſt
1247 2275 2272 2325 ſämmtliche deutſchöſterreichiſchen Provinzblätter — im Ganzen gegen
1246 2309 2272 2360 200 verſchiedene Zeitungen — aufliegen, ſind den Vereinsmitgliedern
1246 2344 2271 2393 täglich zur Benützung zugänglich. Eine reichhaltige Bibliothek ſteht
1245 2378 2272 2429 ihnen zur Verfügung und wiſſenſchaftliche Vorträge aus allen Wiſſens⸗
1245 2412 2271 2464 gebieten geben ihnen reichliche Gelegenheit, nicht nur ſich eine um⸗
1245 2447 2271 2498 faſſende, über die Einſeitigkeit des Fachſtudiums hinausgehende allge⸗
1244 2482 2269 2532 meine Bildung anzueignen, ſondern auch durch gegenſeitigen freien
1243 2512 2270 2567 Gedankenaustauſch ſich ein klares Urtheil über die großen Probleme
1243 2551 2269 2601 unſerer Zeit zu bilden. Wir treiben nicht Politik. Die Pflege
1242 2585 2278 2636 der Wiſſenſchaften und des geſelligen Zuſammenſchluſſes aller jener
1242 2614 2268 2670 deutſchen Hochſchüler, welche hierin das wahre Ziel eines Studenten⸗
1241 2650 2268 2705 vereines erblicken, iſt unſer alleiniger Zweck. Und bei der Verfolgung
1242 2688 2266 2738 dieſer unſerer Beſtrebungen halten wir uns frei von jeder eng⸗
1240 2722 2268 2774 herzigen Beſchränkung. Jeder gilt uns als Deutſcher, der
1240 2755 2266 2808 ſich als Sohn des deutſchen Volkes fühlt, der ein warmes Herz beſitzt
1239 2791 2267 2842 für die Freuden und Leiden des deutſchen Volkes, der von aufrichtiger
1238 2820 2264 2876 Liebe für ſein Volk beſeelt iſt. — Anmeldungen werden auch während
1239 2860 2264 2914 der Ferien in unſerem Local (Wien, VII/2, Siebenſterngaſſe 25)
1238 2893 1874 2938 mündlich oder ſchriftlich entgegengenommen.
1321 2938 1660 2977 Wien, im Juli 1895.
1478 2983 2026 3028 Mit deutſchem Gruß und Handſchlag
1237 3021 2261 3073 Der Ausſchuß der Deutſch⸗akademiſchen Leſe⸗ und
1551 3062 1948 3101 Redehalle in Wien.
1321 3101 2261 3150 [„Kinderhort.“] Herr Max Ritter v. Gutmann hat
1234 3134 2261 3185 anläßlich des Ablebens ſeines Vaters, des Herrn Wilhelm Ritter
1234 3169 2261 3219 v. Gutmann, dem kürzlich errichteten Frauen⸗Wohlthätigkeitsvereine
1234 3202 2261 3253 „Kinderhort“ eine Spende von 200 fl. zukommen laſſen. Der Zweck
1234 3238 2259 3287 des Vereins, der allenthalben der lebhafteſten Theilnahme begegnet,
1232 3272 2258 3322 beſteht darin, für die ärmſten Kinder eine Heimſtätte zu gründen, wo
1232 3305 2259 3355 ſie in der Zeit zwiſchen dem Vor⸗ und Nachmittags⸗Unterrichte beauf⸗
1232 3340 2258 3390 ſichtigt und ein warmes Mittageſſen erhalten werden. Der Verein hat
1231 3375 2257 3425 von der Commune Wien zu dieſem Zwecke bereits einen Schulſaal
1230 3409 2256 3460 zugewieſen erhalten und wird ſeine Thätigkeit bei Beginn des nächſten
1231 3443 2256 3493 Schuljahres aufnehmen können. Nähere Auskunft ertheilt die Vereins⸗
1229 3478 2091 3526 Präſidentin Frau Thereſe Loewenberg, I., Freiung 1.
1315 3521 2254 3571 [Verſammlung der Poſtbedienſteten.] Sonntag den
1229 3555 2254 3606 7. d., 5 Uhr Nachmittags, findet in der „Reſſource“ (I., Reichsraths⸗
1229 3589 2254 3639 ſtraße 3) eine außerordentliche General⸗Verſammlung des Reichs⸗
1226 3624 2255 3676 vereines der Poſt⸗ und Telegraphen⸗Bedienſteten Oeſterreichs (nicht⸗
1227 3658 2253 3710 politiſche Vereinigung) ſtatt. Auf der Tagesordnung ſteht als erſter
1227 3692 2115 3741 Punkt die Formulirung von Forderungen an die Regierung.
1557 3767 1925 3810 Localbericht.
1313 3812 2251 3862 [Der Wunderknabe Otto Pöhler.] Im oberen Saale
1226 3846 2252 3898 der Gartenbau⸗Geſellſchaft iſt für das große Publicum der 2½jährige
1225 3876 2250 3933 Kleine, der im officiellen Anzeiger den Beinamen der „Wunderknabe“
1224 3910 2250 3964 führt, zu ſehen. Auf einer kleinen Eſtrade tummelt ſich das Kind mit
1226 3944 2249 3999 der ſeinem Alter eigenen Lebhaftigkeit und lieſt Gedrucktes und Ge⸗
1225 3985 2249 4035 ſchriebenes in deutſcher und lateiniſcher Schrift, leicht und fließend.
1225 4018 2249 4070 Dann ſpringt und tollt der Knabe auf der Eſtrade umher, paſcht
1222 4053 2249 4103 mit den Händen, doch folgt er willig, wenn Mama mit freude⸗
1224 4082 2246 4136 ſtrahlendem Geſicht ihr Ottochen zur Ruhe mahnt oder ihm ein von
1223 4122 2247 4172 den Anweſenden gereichtes bedrucktes oder beſchriebenes Blatt reicht,
1223 4155 2246 4206 deſſen Inhalt das Kind leſen ſoll. Dies geſchieht ganz ungezwungen,
1221 4190 2246 4239 nur wenn der Kleine ein Wort lieſt, das ihm fremd iſt, hebt er das
1221 4224 2244 4274 Köpfchen in die Höhe, guckt die Leute mit ſeinen klugen Aeuglein
1221 4254 2242 4309 treuherzig an und ſagt dann das Geleſene herunter. Die Production,
1219 4292 2243 4343 die täglich in den Nachmittagsſtunden von 5 bis 8 Uhr mit einigen
1219 4327 2242 4377 Pauſen dauert, macht, ſo weit bisher beobachtet werden konnte, den
1220 4362 2243 4412 Eindruck des Ungezwungenen, zumal dem Kinde volle Freiheit ge⸗
1218 4396 2243 4445 währt wird, nach ſeinem Belieben zu leſen. Das Publicum, darunter
1218 4430 2242 4480 insbeſondere viele Damen, ſteht ſtaunend vor dem Kleinen, der gut⸗
1218 4465 2239 4515 müthig und freundlich Jedem zum Abſchiede ſein Händchen reicht.
1216 4496 2242 4550 Ob eine längere Fortdauer der Production nicht doch ſchädlich auf
1217 4533 2128 4581 den Organismus wirken könne, müßten die Aerzte entſcheiden.
1302 4576 2239 4626 [Stabsarzt Dr. Rammel.] Eine große Anzahl von
1214 4608 2239 4660 Leidtragenden erwies heute dem Chef⸗Arzte des Officierstöchter⸗
1214 4644 2239 4695 Inſtitutes in Hernals, Stabsarzt Dr. Franz Rammel, die letzte
1215 4678 2238 4728 Ehre. Als militäriſcher Conduct war ein Bataillon des 2. Regiments
1213 4713 2238 4763 der Tiroler Kaiſerjäger mit der Muſik ausgerückt. Der Einſegnung,
1214 4747 2236 4795 die in der Capelle des Garniſonsſpitals Nr. 1 ſtattfand, wohnten
1213 4781 2237 4831 viele Stabs⸗ und Ober⸗Officiere, Mitglieder des militär⸗ärztlichen
1212 4816 2237 4866 Officierscorps, der Lehrkörper des Officierstöchter⸗Erziehungs⸗Inſtitutes
1211 4850 2237 4900 und die Hinterbliebenen bei. Nach Paſſiren des Conductes gab das
1211 4880 2237 4935 Bataillon die Ehrenſalve ab. Die Leiche wurde auf dem Central⸗
1210 4920 1477 4960 Friedhofe beerdigt.
1298 4959 2235 5008 [Zur Antiſemiten⸗Verſamlung in den Lanner⸗
1210 4992 2234 5044 ſälen.] Polizeilich wird hierüber noch gemeldet: Nach der geſtern
1210 5027 2234 5077 im „Lannerſaal“ ſtattgehabten Wählerverſammlung des „Wahlcomités
1209 5061 2235 5112 der Vereinigten Chriſten“ im erſten Bezirke hatte ſich ein Theil der
1209 5095 2233 5146 Beſucher der Verſammlung an der Rahlſtiege aufgeſtellt und brachte
1208 5129 2234 5181 demonſtrative Rufe auf die Reichsraths⸗Abgeordneten Dr. Lueger
1208 5164 2233 5217 und Alois Prinz Liechtenſtein aus. Als Sicherheiswache
2336 290 3362 344 zur Ruhe und zum Verlaſſen des Platzes ermahnte, wurde es auch
2336 324 3364 374 alsbald ſtill. Ein Schuhmachergehilfe mußte wegen Nichfolgeleiſtung
2335 359 3361 406 arretirt werden. Auch im Verſammlungslocale war es zu einem
2334 392 3363 441 kleinen Zwiſchenfall gekommen, indem ein Mann von den Ordnern
2335 426 3361 477 aus dem Locale gewieſen wurde. Daß derſelbe mißhandelt und be⸗
2335 461 3362 513 droht worden wäre, wurde von den anweſenden Amtsorganen nicht
2336 497 2564 534 wahrgenommen.
2420 539 3361 586 [Der erkrankte Caiſſon⸗Arbeiter.) In dem Be⸗
2335 572 3361 622 finden des geſtern ſchwer erkrankten 32jährigen Caiſſon⸗Arbeiters
2333 602 3361 664 Karl Schneider, dem auf der Klinik des Profeſſors v. Schrötter
2334 636 3361 690 im allgemeinen Krankenhauſe ſowol ſeitens der kliniſchen Aerzte als
2333 675 3361 725 auch ſeitens des Vorſtandes der Ohrenklinik, Profeſſor Dr. Joſeph
2334 710 3359 758 Gruber, die entſprechende Behandlung zu Theil wird, iſt eine aller⸗
2333 744 3361 793 dings nur geringfügige Beſſerung zu verzeichnen, welche indeß nach
2334 774 3359 827 den bisherigen Erfahrungen in Anſehung der früher erkrankten
2333 813 3360 862 Caiſſon⸗Arbeiter, deren Zahl bei 30 beträgt, die Wiederherſtellung
2332 847 3358 896 auch dieſes Arbeiters erhoffen läßt. Die drei mit der Beobachtung
2332 882 3359 930 der Caiſſon⸗Arbeiter betrauten Permanenz⸗Aerzte der Schrötter'ſchen
2331 916 3358 965 Klinik ſtellen ihre Studien auch im Caiſſon ſelbſt an, wohin ſie ſich
2331 946 3359 999 alternirend Tag für Tag begeben. Der Vorſtand des hygieniſchen
2331 985 3359 1033 Inſtituts, Ober⸗Sanitätsrath Profeſſor Dr. Max Gruber, der
2330 1019 3357 1068 ſeitens des Miniſteriums des Innern mit dem Studium der Caiſſon⸗
2330 1053 3360 1103 krankheit und der Erſtattung zweckdienlicher Vorſchläge zur Hintan⸗
2329 1089 3358 1137 haltung derſelben betraut worden iſt, ſoll bereits in der nächſten
2331 1118 3353 1171 Sitzung des Oberſten Sanitätsrathes das Referat erſtatten. Wie ver⸗
2329 1155 3357 1206 lautet, ſoll eine Verkürzung der Arbeitszeit im Caiſſon von vier auf
2330 1192 2963 1237 drei oder zwei Stunden eingeführt werden.
2415 1235 3357 1283 [Ein falſches Gerücht.] Die Betriebs⸗Direction der
2329 1268 3355 1317 Staatsbahnen erſucht uns um Veröffentlichung folgender Richtig⸗
2327 1303 3356 1351 ſtellung: Mehrere geſtrige Abendblätter und heutige Morgenblätter
2328 1338 3355 1385 bringen die Mittheilung, daß in Preßbaum ein der Locomotiv⸗
2327 1372 3354 1420 Bedienung unkundiger Arbeiter eine Maſchine beſtieg, ſie in Gang
2327 1406 3354 1460 ſetzte und ſie nicht mehr aufzuhalten vermochte, ſo daß er mit ihr bis
2325 1440 3352 1489 nach Purkersdorf fuhr, woſelbſt die Locomotive nur durch die Geiſtes⸗
2326 1475 3352 1523 gegenwart des Stationsvorſtandes auf ein Nebengeleis gelenkt und ſo
2325 1504 3352 1558 zum Stillſtande gebracht wurde. Dieſe Notiz iſt ihrem vollen Inhalte
2324 1545 2588 1583 nach unbegründet.
2411 1586 3351 1635 [Falken auf dem Joſephsplatze.] Den zahlreichen
2323 1616 3350 1669 Paſſanten des Joſephsplatzes wird es nicht entgangen ſein, daß ſeit
2321 1648 3349 1702 nahezu zwei Wochen auf dieſem Platze auch nicht eine einzige Taube
2318 1684 3348 1738 mehr zu ſehen iſt, während es auf dem inneren Burgplatze deren noch
2321 1724 3350 1777 eine Menge gibt. Die Scheu der Tauben vor dem Joſephsplatze er⸗
2322 1752 3350 1810 klärt ſich dadurch, daß ſeit einiger Zeit zwei Paare kräftiger Thurm⸗
2321 1791 3350 1840 falken ſich hier heimiſch niedergelaſſen haben, welche auſ die Tauben
2321 1827 3347 1875 und Sperlinge Jagd machten und auch welche erbeuteten. Nun ſind
2321 1856 3347 1910 die Falken allein Beherrſcher des Platzes und wiederholt kann man
2321 1895 3347 1945 ſie den Platz umkreiſen, ſowie auf den Geſimſen ſich niederlaſſen
2321 1924 2821 1972 ſehen, wo ſie ihr Geſchrei erheben.
2408 1974 3347 2021 [Vom Dornbacher Friedhofe.] In der heute ſtatt⸗
2321 2002 3348 2056 gehabten Sitzung des Hernalſer Bezirksausſchuſſes wurde der Beſchluß
2318 2041 3348 2090 gefaßt, aus Anlaß der Auflaſſung des alten Dornbacher Friedhofes
2321 2076 3346 2125 beim Magiſtrat einzuſchreiten, daß die Gebeine des ſeit dem Jahre
2320 2110 3346 2158 1857 beerdigten Schauſpielers Wenzel Scholz exhumirt und auf dem
2317 2145 3345 2194 Central⸗Friedhofe in einem Ehrengrabe beerdigt werden ſollen. Hiebei
2316 2179 3346 2227 wurde darauf hingewieſen, daß ſich um die Grabſtätte ſchon ſeit
2316 2213 3344 2262 vielen Jahren Niemand kümmere, obgleich Scholz als Schauſpieler
2315 2248 3344 2296 eine hervorragende Rolle in der Entwicklung der Wiener Volksbühne
2315 2282 3340 2330 geſpielt hat. Gleichzeitig wurde beſchloſſen, die Grabdenkmale des
2315 2317 3339 2364 Dichters Sauter und des Generals Clerfait renoviren und
2313 2351 2924 2393 neue Grabſteintafeln anbringen zu laſſen.
2398 2397 3340 2446 [Aufgelaſſenes Wachgebäude.] Das Wachlocale für
2312 2431 3341 2480 die Wache auf dem techniſchen Uebungsplatze auf der Schmelz wurde
2312 2467 3340 2516 aufgelaſſen. Morgen wird das neue Wachlocale, welches ſich in dem
2312 2494 3339 2549 für dieſen Zweck adaptirten Zimmer Nr. 3 des Objectgebäudes be⸗
2311 2535 2645 2574 findet, bezogen worden.
2396 2578 3338 2627 [Lebensmüde.] Heute Morgens hat der 41jährige Kutſcher
2310 2610 3335 2664 Friedrich Pölzel, XIII., Beckmanngaſſe 13 wohnhaft, einen Selbſt⸗
2308 2645 3340 2695 mordverſuch durch Erhenken gemacht; derſelbe wurde von den Func⸗
2307 2679 3336 2729 tionären der Unter⸗St. Veiter Freiwilligen Rettungsgeſellſchaft in
2312 2710 3334 2766 bewußtloſem Zuſtande in das St. Rochusſpital nach Penzing ge⸗
2309 2748 3334 2798 bracht. Das Motiv der That iſt Arbeitsloſigkeit. — Heute Mittags
2307 2783 3336 2833 um ½1 Uhr ſprang ein Mann von der Kronprinz⸗Rudolphsbrücke
2308 2816 3337 2866 in den Donauſtrom und verſchwand ſogleich in den Wellen. Seine
2308 2845 3009 2896 Identität konnte bisher nicht feſtgeſtellt werden.
2392 2896 3337 2945 [Der „Kinderräuber“.] Der 42jährige Schneidergehilfe
2307 2928 3338 2980 Albert Swoboda, Währing, Antonigaſſe Nr. 17 wohnhaft, wurde
2305 2962 3334 3012 geſtern Nachmittags in Hernals wegen zudringlichen Bettelns arretirt.
2304 2993 3334 3049 Der in Begleitung Swoboda's befindliche Hausbeſorger Joſeph
2306 3030 3333 3082 Maſchl entfernte ſich vor Erſcheinen des Wachmannes, worauf ihm
2302 3066 3333 3116 mehrere hundert halbwüchſige Kinder unter den Rufen: „Kinderdieb!
2302 3101 3333 3152 Kinderräuber!“ nacheilten. Um dem Aufſehen auszuweichen, trat Maſchl
2302 3129 3332 3186 in die Branntweinſchänke des Joſeph Koſtron, doch die Kinderſchaar
2302 3163 3331 3221 folgte ihm auch dahin und wiederholte die Rufe ſo lange, bis
2301 3199 3098 3250 mehrere Sicherheitswachmänner die Menge zerſtreuten.
2388 3248 3330 3296 [Zuſammenſtoß zweier Wagen.] Geſtern Abends um
2299 3281 3330 3333 8 Uhr fuhr ein Stellwagen durch die Preßgaſſe gegen die Wienſtraße,
2300 3315 3329 3365 als in entgegengeſetzter Richtung ein Tramwaywaggon kam. Der
2300 3350 3328 3403 Stellwagenkutſcher ſtieß mit ſeinem Fahrzeuge an den Tramway⸗
2299 3383 3328 3436 wagen derart an, daß alle Fenſterſcheiben der ihm zugekehrten Wagen⸗
2299 3419 3327 3469 ſeite in Trümmer gingen. Von den Paſſagieren wurde zum Glücke
2298 3454 3324 3504 Niemand verletzt. Gegen den Stellwagenkutſcher iſt die Strafamts⸗
2299 3488 2717 3528 handlung eingeleitet worden.
2482 3557 3137 3609 Theater⸗ und Kunſtnachrichten.
3050 3618 3290 3657 Wien, 5. Juli.
2372 3649 3324 3703 — Leoncavallo's „Medici“ werden in den erſten Tagen des
2294 3687 3323 3741 November im Hofoperntheater aufgeführt werden. Der
2295 3726 3080 3775 Componiſt wird der erſten Aufführung beiwohnen.
2370 3773 3319 3826 — Das „Berliner realiſtiſche Enſemble“, an dem Frau
2293 3810 3321 3865 Auguſte Wilbrandt⸗Baudius neben anderen hervorragenden Schau⸗
2291 3849 3319 3905 ſpielkräften erſter Berliner Bühnen darſtelleriſch thätig iſt, wird
2292 3888 3317 3945 nach einem erfolgreichen vierzehntägigen Gaſtſpiel in Leipzig vom
2291 3927 3321 3982 8. Juli an im Deutſchen Volkstheater in Prag Max Halbe's
2290 3965 3316 4020 Liebesdrama „Jugend“ zur Darſtellung bringen, wozu der Leiter
2290 4003 3318 4058 des Enſembles, Herr Werckmeiſter vom Deutſchen Theater, die be⸗
2290 4043 3313 4098 hördliche Erlaubniß erwirkt hat. Das Drama wird dargeſtellt von
2289 4081 3315 4136 den Damen Ella Gabri (Reſidenz⸗Theater), Clara Bode (Deutſches
2289 4120 3313 4176 Theater), den Herren Albert Heine (königliches Schauſpielhaus),
2288 4158 3313 4214 Karl Werckmeiſter, Eugen Burg und Max Reinhardt (sämmtlich
2286 4197 3312 4250 vom Deutſchen Theater). Nach dieſer für Oeſterreich bedeut⸗
2286 4235 3313 4292 ſamen Aufführung werden als zweite Première für Prag „Die
2286 4274 3314 4330 Geſpenſter“ von Henrik Ibſen geplant, die in Leipzig mit Auguſte
2286 4312 3312 4367 Wilbrandt⸗Baudius als Frau Alving, Heine als Manders, Rein⸗
2284 4351 3312 4407 hardt als Engſtrand und Werckmeiſter als Oswald enthuſiaſtiſchen
2286 4389 2642 4433 Erfolg errungen haben.
2361 4437 3311 4491 — In Berlin wird wieder ein neues Theater, das
2285 4474 3310 4532 „Theater des Weſtens“, errichtet. Dasſelbe ſoll ſchon Anfangs
2282 4513 3310 4569 October 1896 eröffnet werden. Die Direction übernimmt Herr
2281 4551 3309 4607 Witte⸗Wild. In dem „Theater des Weſtens“ ſollen nicht
2281 4589 3309 4646 blos Schau⸗ und Luſtſpiele, ſondern auch Singſpiele und kleine
2280 4628 2659 4673 Ballette gegeben werden.
2359 4675 3308 4732 — Aus Meiningen wird uns mitgetheilt: Den großen
2280 4713 3308 4771 niederrheiniſchen Muſikfeſten — Köln, Düſſeldorf und Aachen —
2280 4751 3307 4807 hat ſich ein neues angereiht, das die warme Theilnahme aller
2280 4790 3306 4846 ernſten Muſikfreunde hervorzurufen wol geeignet erſcheint. Am
2278 4829 3306 4885 27., 28. und 29. September wird in Meiningen unter dem
2278 4868 3304 4923 Protectorat des Herzogs und unter Leitung des General⸗
2276 4906 3304 4965 Muſikdirectors Steinbach ein Muſikfeſt abgehalten werden, zu
2278 4945 3303 5001 dem die hervorragendſten Inſtrumental⸗ und Geſangskünſtler be⸗
2276 4984 3304 5041 reits gewonnen ſind. Das Programm iſt in großen Zügen ſo auf⸗
2278 5023 3301 5080 geſtellt : Am 27. Vormittags Kammermuſik des Quartetts Joachim;
2275 5061 3302 5116 Abends „Matthäus⸗Paſſion“ in der Stadtkirche, mit beſonderer
2275 5099 3299 5154 Vertheilung der Chor⸗ und Orcheſtermaſſen, durch die man eine
2274 5138 3301 5196 ganz eigenartig ſchöne Klangwirkung des gewaltigen Werkes zu
2274 5176 3297 5233 erzielen hofft. Am 28. Abends Concert im Theater, in dem Joſeph
