3607 5387
321 213 494 251 Nr. 178
878 213 1197 264 Wien, Samstag
1609 218 2010 271 Arbeiter-Zeitung.
2462 231 2733 273 1. Juli 1911
3150 232 3290 267 Seite 5
259 314 1270 352 seminar und ein Internat für Mädchen befinden und daß in
261 357 1270 396 einer solchen Umgebung die Errichtung einer Nervenheilanstalt
258 401 1269 441 nicht angezeigt wäre. (Warum nicht? Anm. d. Red.) Das
257 445 1269 483 Kuratorium könne genug andere Plätze in Döbling haben. Der
260 488 1268 528 Gemeinderat wird sich also abermals mit dieser Angelegenheit
258 531 540 565 zu befassen haben.
362 573 1266 614 * Gegen den Detailverkauf von Obst auf dem
258 618 1267 658 Naschmarkt. Wir berichteten vor einiger Zeit, daß sechzehn
256 660 1267 701 Detailhändler von Obst auf dem Naschmarkt auf den rückwärts ge¬
256 705 1267 744 legenen Teil nächst dem Verkaufsstand des Approvisionierungs¬
258 747 1266 787 vereines unter die Engrossisten eingereiht und ihnen der Detail¬
257 791 1264 831 handel in Obst verboten wurde. Die Ursache dieser Maßnahme
257 834 1264 874 ist auf eine Beschwerde der Detailhändler zurückzuführen, die
254 878 1264 917 ihren Standort gegen die Wiedener Hauptstraße zu haben und
255 921 1264 960 nicht leiden wollten, daß Obst im Kleinverkauf billiger abgeben werde,
255 964 1263 1002 als sie es abgeben. Für die minderbemittelte Bevölkerung war
254 1006 1264 1046 dieser Detailverkauf eine wahre Wohltat, aber der Magistrat
253 1051 1264 1089 stellte ab, was seit dem Jahre 1903, also länger als sieben Jahre
255 1094 1262 1133 gestattet war. Die sechzehn Händler, die davon betroffen waren,
254 1137 1262 1176 machten nun eine Eingabe an den Magistrat, damit ihnen
254 1179 1261 1219 wieder das Recht gewährt werde, im Detail Obst zu verkaufen,
253 1223 1262 1261 und mit dieser Eingabe beschäftigte sich gestern der Appro¬
254 1266 1262 1304 visionierungsausschuß. Gemeinderat Reumann sprach für
253 1309 1261 1347 die Aufhebung des Verbotes und Stadtrat Knoll schloß sich
253 1352 1262 1391 ihm an. Auch der Vorstand der Approvisionierungsabteilung
254 1396 1262 1432 des Magistrats Dr. Konstantin Maier erklärte, das
253 1438 1262 1477 Verbot liege nichtim Interesse der Kon¬
252 1483 1260 1520 sumenten und lasse sich praktisch schwer
251 1525 1261 1564 durchführen. Stadtrat Wessely beantragte die Beibehaltung
252 1568 1261 1606 des Verbotes, weil sich die Genossenschaft der Detailhändler aus¬
251 1612 1262 1650 gesprochen habe. Gemeinderat Dechant war für das Verbot, weil
250 1655 1261 1693 die sechzehn vom Detailhandel ausgeschlossenen Händler auslän¬
249 1698 1261 1736 dische Grossisten wären! Daraufhin wurde die Aufrechterhaltung
250 1741 1261 1779 des Detailverkaufsverbotes mit fünf gegen zwei Stimmen be¬
249 1784 1260 1823 schlossen. Daß der Approvisionierungsausschuß mit diesem
250 1827 1258 1866 Beschluß, der sich obendrein auf die falsche Behauptung
255 1870 1260 1908 stützt, daß diese Händler Ausländer sind, direkt gegen
249 1912 1259 1952 die Interessen der Konsumenten, und zwar
248 1957 1259 1995 der minderbemittelten handelte, liegt auf der Hand. Aus purem
247 1999 1258 2038 Brotneid haben die Detailhändler auf dem Naschmarkt gegen die
251 2043 1259 2081 sechzehn Detailverkäufer ein wahres Kesseltreiben veranstaltet
252 2087 1259 2125 und es gereicht der Majorität des Approvisionierungsausschusses
248 2130 1257 2169 nicht zur Ehre, daß sie dem Brotneid Vorschub leisteten und die
248 2173 1258 2212 Konsumenten schädigten. In der Sache ist freilich noch nicht
248 2216 1258 2255 das letzte Wort gesprochen worden. Die Teilung des Marktes
246 2261 1258 2299 war vor dem Jahre 1903 in der Weise durchgeführt, wie sie
247 2304 1256 2342 jetzt wieder eintrat. Sie erwies sich nicht praktisch und als man
247 2347 1256 2385 von ihr abging, hatte man den Konsumenten, welche nur klein¬
246 2390 1255 2428 weise kaufen können, einen Dienst erwiesen. Jetzt hat man das
249 2433 1255 2472 Verbot des Detailverkaufes für sechzehn Obsthändler wieder
251 2477 1255 2515 erlassen und den kleinen Konsumenten einen Schaden zugefügt.
250 2520 1256 2558 Das wird sich an denen rächen, die die Konsumenten vor der
250 2562 1256 2601 Verteuerung der Lebensmittel schützen sollen, die aber das
252 2607 471 2641 Gegenteil tun.
351 2659 1256 2698 * Ueber ein Meteor berichtet uns folgender Brief:
246 2703 1255 2740 Gestatten Sie, daß ich Ihnen als Abonnent von einem Meteor
246 2745 1254 2783 berichte, das ich am Donnerstag um etwa 8 Uhr 38 Minuten
249 2789 1254 2827 gesehen habe. Ich ging gerade auf der Thaliastraße in der Höhe
248 2831 1255 2870 des Richard Wagnerplatzes. Plötzlich flammte über den Häusern
248 2874 1255 2914 scheinbar zwischen dem Gürtel und dem genannten Platze, etwa
249 2918 1256 2957 einhalbmal so hoch wie die Dächer, von Süd nach Nord (gleich¬
251 2962 1253 3002 laufend mit dem Gürtel) ein Meteor auf. Es neigte sich schwach
250 3005 1253 3043 gegen die Häuser und hatte die Größe eines großen Sternes,
250 3048 1255 3086 jedoch mit einem flammenden Strahl nach hinten, welcher sich
251 3092 1255 3130 in eine Spitze zu verlaufen schien. Die Farbe des Meteors war
248 3135 1251 3173 glänzend dunkelgelb, ebenso der nachziehende Schweif, nur hatte
248 3179 1253 3217 dieser rote feurige Ränder. Das Phänomen war nur von kurzer
246 3222 1253 3261 Dauer (10 bis 12 Sekunden) und die Länge des Weges nicht
246 3263 1253 3304 größer zu sehen als die Breite der Thaliastraße. Eintritt und
248 3309 1255 3349 Erlöschen konnte man deutlich sehen. Zuerst verlor sich der Kopf
246 3352 1254 3391 und allmählich der nachziehende Strahl. Es dürften dies viele
245 3396 1253 3435 Personen gesehen haben, da sich gerade der Menschenstrom vom
244 3438 1255 3477 Liebhartstal herein ergoß. Es war noch ziemlich klar und hell
245 3482 1255 3520 um diese Zeit. Es war gewiß ein seltenes Naturschauspiel. Hoch¬
248 3527 1006 3564 achtend F. Czettel, XVI. Thaliastraße Nr. 51.
354 3569 1254 3608 * Humanität der Humanitären. Zu der am Dienstag
248 3612 1253 3651 erschienenen Zuschrift aus Kirchaach teilt uns die Leitung des
225 3651 1255 3694 humanitären Vereines „Die Waldviertler“ mit, es sei unrichtig,
243 3699 1255 3737 daß die Vereinsmitglieder den greisen Kutscher, der von einem
246 3742 1254 3781 Wagen abgestürzt ist, seinem Schicksal überlassen haben. Die
243 3783 1256 3825 Vereinsmitglieder hätten veranlaßt, daß sofort an den Fuhr¬
245 3829 1256 3867 werksbesitzer Leopold Wollner nach Wien telephoniert werde
245 3872 1256 3910 und daß ein Wagen in den Ort fahre, damit jede mögliche
249 3915 1249 3954 Hilfe geleistet werde. Der Kutscher habe die wiederholte Frage,
247 3960 1254 3998 ob ihm etwas geschehen sei, verneint und habe gesagt, er warte,
249 4003 1256 4041 bis Hilfe komme. Am nächsten Tage habe sich die Vereins¬
246 4044 1255 4085 leitung auch beim Fuhrwerksbesitzer nach dem Befinden des
246 4088 1256 4126 Kutschers erkundigt und es sei ihr gesagt worden, daß er
246 4130 1255 4171 schon wieder seiner Arbeit nachgehe; von einer irgendwie
247 4175 1255 4213 erheblichen Verletzung könne also keine Rede sein. — Jedenfalls
244 4218 1254 4258 wäre es aber besser gewesen, daß der Verein den alten Mann
244 4262 1254 4301 nach Wien transportiert und dies nicht den Kirchbachern über¬
243 4305 1254 4345 lassen hätte, so daß diese die in ihrer Zuschrift wieder¬
245 4350 886 4387 gegebenen Empfindungen haben mußten.
348 4388 1253 4430 * Jugendschutz. Der Verein der Gehilfenvertreter hat
245 4420 1252 4464 eine Untersuchungs= und Beratungsstelle geschaffen, in der
244 4458 1254 4498 vor der Berufswahl (Eintritt in die Meisterlehre) stehenden
245 4493 1253 4532 Knaben und Mädchen und deren Eltern nach vor¬
246 4526 1252 4568 genommener ärztlicher Untersuchung Rat darüber erteilt wird,
245 4558 1254 4602 ob sie körperlich für den gewünschten Beruf geeignet oder für
245 4592 1255 4637 welche Berufe sie nach ihrer körperlichen Beschaffenheit geeignet
245 4626 1255 4672 oder ungeeignet sind. Die Untersuchungsstelle ist nur Un¬
245 4664 1255 4707 bemittelten zugänglich, der Rat ist unentgeltlich. Aerzt¬
245 4699 1254 4744 liche Behandlung findet nicht statt. Die Untersuchung findet
246 4732 1256 4785 jeden Donnerstag von 6 bis 7 Uhr Abends IX. Türkenstraße
249 4782 441 4815 Nr. 23 statt.
2610 4835 3083 4893 Aus aller Welt.
353 4812 1257 4866 * Verunglückt. Im Wohnhause Kleine Schiffgasse
248 4859 1258 4912 Nr. 20 erlitt gestern Nachmittags der achtjährige Schüler Franz
252 4902 1260 4962 Buczik durch Sturz eine Verrenkung des rechten Ellbogen¬
252 4949 1132 5008 gelenkes. Die Rettungsgesellschaft leistete ihm erste Hilfe.
359 4992 1263 5047 * Arbeiterrisiko. Der 16jährige Hilfsarbeiter Johann
254 5036 1265 5095 Arnold, Frauenfeldergasse Nr. 12 wohnhaft, wurde gestern
256 5078 1266 5142 auf dem Neubau des Hauses Weihburggasse Nr. 9 bei der Ziegel¬
1315 319 2321 361 rutsche von einem Ziegel getroffen und erlitt einen offenen
1315 361 2321 407 Bruch des Endgliedes des rechten Daumens. Die Rettungs¬
1313 406 1681 444 gesellschaft verband ihn.
1418 451 2320 492 Der 28jährige Gärtner Sylvester Vogler, Breitenlee
1315 492 2320 536 Nr. 54 wohnhaft, wurde gestern Mittags in Hirschstetten von
1312 536 2320 579 dem Hufschlag seines Pferdes getroffen und erlitt zwei tiefe
1316 578 2320 622 Wunden beim rechten Ohr mit wahrscheinlichem Bruch des
1312 623 2320 666 Oberkiefers. Die Rettungsgesellschaft brachte ihn in das Spital
1310 665 1728 703 der Barmherzigen Brüder.
1413 711 2317 751 In der Fabrik Schnabel in der Kreindlgasse Nr. 1 in
1309 752 2317 795 Döbling geriet gestern Nachmittags die 19jährige Hilfsarbeiterin
1309 796 2317 839 Anna Tomaschek, XVII. Syringgasse Nr. 13 wohnhaft, in
1309 839 2316 882 eine Stanzmaschine und erlitt eine Abkappung des rechten
1308 883 2317 926 Daumens. Die Rettungsgesellschaft brachte sie in die Unfall¬
1312 926 1419 961 station.
1411 971 2318 1010 * Brande. Gestern Vormittags kam im Geschäft des Hut¬
1307 1012 2317 1054 machers Josef Hepner, XVII. Hernalser Hauptstraße Nr. 103,
1307 1054 2317 1097 ein Brand zum Ausbruch, welcher Waren im Werte von zwei¬
1306 1098 2315 1142 tansend Kronen beschädigte. Entstanden dürfte das Feuer durch
1305 1141 1956 1180 die Schadhaftigkeit eines Ofenrohres sein.
1407 1185 2314 1226 Durch ein brennendes Zündhölzchen, das ein Arbeits¬
1305 1228 2309 1268 kollege wegwarf, entzündete sich in der Werkstätte II. Untere
1305 1271 2312 1313 Donaustraße Nr. 41 auf den Boden gegossenes Benzin. Die
1305 1315 2306 1356 Flamme traf den 27jährigen Metallschleifer Karl Stimmer,
1305 1358 2312 1398 Thaliastraße Nr. 91 wohnhaft. Er erlitt Brandwunden
1307 1402 2310 1443 an den beiden Unterarmen. Die Rettungsgesellschaft leistete
1304 1444 1458 1481 ihm Hilfe.
1410 1489 2311 1527 * Beim Schwimmen in der Donau ertrunken. Die
1304 1531 2311 1571 Leitung des Ersten Neulerchenfelder Turnvereines teilt uns
1304 1575 2311 1616 folgenden tragischen Fall mit: Ein Mitglied unseres Vereines,
1305 1618 2311 1659 der 20jährige Lederarbeiter Richard Pfeiffer, XIII. Wern¬
1304 1661 2310 1702 hardtstraße Nr. 5 wohnhaft, unternahm Samstag den 24. Juni
1305 1705 2310 1745 Abends mit mehreren Kollegen eine Nachtpartie nach Kritzendorf.
1304 1748 2310 1789 Am Sonntagmorgen kamen seine Eltern nach. Richard Pfeiffer
1305 1792 2309 1831 war Schwimmer und nahm allein ein Bad in der Donau. Sein
1303 1834 2309 1876 Vater rief ihm noch warnend zu: „Richard, schwimm' nicht zu
1302 1879 2309 1918 weit!“ Er schüttelte den Kopf und schwamm weiter in den Strom
1302 1921 2307 1961 hinein. Plötzlich sah man ihn mit den Wellen kämpfen und
1303 1965 2307 2006 hörte den: Ruf „Otto!“ Man rief auch seinen am Ufer weilenden
1303 2008 2307 2048 Freund Otto Hafenrichter herbei, der rasch entschlossen
1302 2051 2307 2090 seinem Turnfreund nachschwamm und ihn auch erreichte. Leider
1302 2094 2306 2133 konnte er ihn nicht retten, denn der Ertrinkende umklammerte
1301 2138 2306 2178 ihn in seiner Todesangst mit Händen und Füßen und brachte
1301 2180 2306 2221 ihn selbst in Ertrinkungsgefahr. Als es ihm in fürchterlichem
1301 2224 2305 2264 Kampfe gelang, sich von seinem Freunde zu befreien, verschwand
1301 2264 2304 2308 Richard Pfeiffer in den Wellen. Der brave Retter Otto Hafen¬
1300 2312 2305 2351 richter, der schon einigemal Kollegen in solchen Situationen ge¬
1300 2355 2304 2394 rettet hat, verdankt es nur seiner Schwimmtüchtigkeit, daß er
1300 2398 2301 2438 diesmal wieder heil ans Ufer kam. Pfeiffer war ein tüchtiges
1299 2442 2303 2481 Mitglied unseres Vereines. Auch der Verein „Wohlfahrt“ in den
1299 2482 2303 2524 Jubiläumshäusern verliert an ihm einen tüchtigen Förderer des
1299 2528 2304 2566 Jugendturnens. Herb ist der Schmerz der Eltern über den Verlust
1298 2571 2303 2610 ihres hoffnungsvollen Sohnes. Die Leiche ist noch nicht ge¬
1298 2615 2302 2654 borgen. Pfeiffer hat seinen Wagemut trotz Warnung seiner
1298 2658 2301 2697 Eltern und Turnkollegen mit dem Leben bezahlt. Er war von
1298 2702 2301 2740 mittlerer Größe, sehr kräftig entwickelt, muskulös, hatte volles
1298 2744 2301 2783 Gesicht, etwas dunkelblondes Haar und gute Zähne. Auf der
1298 2787 2301 2825 rechten Hand hatte er eine Rißwunde, über dem rechten Auge
1298 2830 2300 2870 und Nasenrücken je ein kleines Wundmal. Die Eltern erbitten
1298 2873 1941 2912 Nachricht über die Auffindung der Leiche.
1401 2918 2301 2955 * Ein Täschchenräuber in der Stadt. Eine sehr auf¬
1298 2948 2298 2991 regende Jagd nach einem frechen Strolch, der einem jungen
1298 2987 2299 3025 Mädchen eine Handtasche mit Geld entrissen hatte, machte
1299 3021 2298 3060 gestern Nachmittags in der Innern Stadt ziemliches Aufsehen.
1299 3050 2296 3093 Die Comptoiristin Philippine Oser, beim Kaufmann Ignaz
1297 3089 2300 3129 Oser in der Hegelgasse Nr. 6 angestellt, hat gestern Nach¬
1298 3124 2297 3164 mittags bei der Postsparkasse einen Betrag von 750 Kronen
1298 3159 2298 3198 behoben. Sie hatte das Geld in ihr Handtäschchen gesteckt, in
1298 3188 2299 3233 dem sich 320 Kronen befanden. Fräulein Oser schlug den Rück¬
1298 3228 2298 3267 weg ein und war bis in die Anlagen der Gartenbaugesellschaft
1299 3263 2297 3302 gelangt. Als sie diese passierte, verspürte sie plötzlich einen Stoß
1299 3292 2297 3337 in der Mitte des Rückens und ehe sie sich über die Person des
1299 3333 2298 3370 Attackierenden klar werden konnte, riß ihr jemand das Hand¬
1298 3362 2295 3407 täschchen aus der Hand. Fräulein Oser drehte sich um und sah einen
1298 3402 2299 3441 jungen Burschen davonlaufen. Er schlug den Weg durch die
1299 3437 2298 3475 Liebenberggasse über den Ring und gegen den Stadtpark ein.
1298 3471 2300 3511 Fräulein Oser hatte sich bald gefaßt und lief dem Räuber mit
1298 3506 2297 3545 den gellend gerufenen Worten: „Aufhalten! Aufhalten !“ nach.
1298 3540 2299 3578 Dem Gauner war das Handtäschchen auf der eiligen Flucht auf
1298 3575 2299 3614 den Boden gefallen. Er bückte sich danach und hob es auf.
1298 3610 2299 3648 Noch hatte er so viel Vorsprung, daß er wieder forteilen konnte.
1299 3638 2300 3683 Passanten hatten die Rufe der Comptoiristin gehört. Sie ver¬
1301 3679 2300 3717 folgten den Täschchenräuber, der auch den Stadtpark erreichen
1299 3712 2301 3752 konnte. Dort ersah er eine Automobiltaxameterdroschke. Er ließ
1300 3747 2300 3787 sie rasch halten, sprang in das Coupé und rief dem Kutscher
1300 3782 2301 3822 zu, er möge eilig zum Südbahnhof fahren. Der Strolch hoffte, der
1301 3812 2302 3857 Chauffeur würde wegfahren, ehe die Verfolger kämen. Kaum aber
1299 3851 2302 3891 saß er im Automobil, als der erste aus der Verfolgerschar daher¬
1299 3885 2301 3925 kam und keuchend den Chauffeur halten hieß. Der Chauffeur
1298 3916 2295 3960 schaltete wirklich aus, und so war der Strolch gefangen. Der
1300 3955 2300 3995 Bursche wurde einem Sicherheitswachmann übergeben. Dieser
1299 3986 2301 4029 brachte ihn erst zur Wachtstube Kumpfgasse und dann zum
1299 4020 2301 4064 Polizeikommissariat Innere Stadt. Der Verhaftete ist der 19jährige
1300 4054 2300 4098 Schreiber Josef P., Währing, Karl Beckgasse Nr. 17 wohnhaft.
1299 4094 2300 4131 P. war in den Diensten eines hiesigen Advokaten gestanden.
1299 4128 2302 4167 Am 22. Juni hatte er von dem Anwalt den Auftrag erhalten,
1300 4162 2302 4202 ein Telegramm nach Liebau in Rußland aufzugeben. Es wurde
1298 4196 2303 4237 ihm eine Zwanzigkronennote eingehändigt. P. verließ die Kanzlei
1301 4230 2303 4271 und rechnete nach seiner Rückkehr 7 Kronen 10 Heller als Tele¬
1299 4260 2302 4306 grammspesen auf. Den restlichen Betrag von 12 Kronen 90 Heller
1298 4300 2302 4340 erlegte er beim Kanzleileiter. Nachträglich wurde aber festgestellt,
1297 4334 2301 4373 daß er das Telegramm gar nicht aufgegeben hat. Er hat die
1298 4369 2302 4407 7 Kronen 10 Heller unterschlagen; deshalb ist auch seine sofortige
1299 4403 2301 4442 Entlassung gefolgt. P. scheint auch außerdem verdächtig, an
1298 4432 2301 4476 dem Diebstahl einer Schreibmaschine bei dem beteiligten Advo¬
1297 4472 2302 4510 katen beteiligt gewesen zu sein. Am 1. Mai ist nämlich die
1297 4506 2301 4545 Kanzlei erbrochen aufgefunden worden. Die Schreibmaschine war
1297 4539 2301 4579 verschwunden. Am folgenden Tage war P. nicht in die Kanzlei
1299 4573 2299 4614 gekommen. Als Entschuldigungsgrund hatte er angeführt, daß
1299 4602 2299 4648 er heiser sei. Aufgefordert, sich in der Kanzlei einzufinden, ist er
1298 4636 2300 4683 auch damals Nachmittags erschienen, doch war seine Stimme
1297 4677 2300 4719 so rein wie kaum zuvor — von Heiserkeit nicht die mindeste
1298 4712 2300 4753 Spur. Er wollte augenscheinlich bei Entdeckung des Diebstahls
1299 4749 1584 4787 nicht zugegen sein.
1401 4791 2297 4830 * Wagenunfall. Der 49jährige Bindergehilfe Anton
1305 4825 2296 4864 Swoboda, XVI. Gansterergasse Nr. 7 wohnhaft, hatte
1302 4858 2295 4898 Donnerstag Nachmittags mit einigen Personen einen Wagen¬
1304 4891 2294 4936 ausflug gemacht. Auf dem Heimweg ist das Pferd in der
1305 4925 2295 4970 Ottakringerstraße gescheut und durchgegangen. Der Wagen fiel
1307 4961 2293 5006 vor dem Hause Nr. 266 um und sämtliche Insassen wurden auf
1309 4995 2290 5043 das Pflaster geschleudert. Swoboda selbst erlitt einen Beinbruch,
1310 5031 2290 5077 der 51jährige Perlmutterdrechsler Ferdinand Behringer
1312 5067 2289 5112 Brüche der mittleren Schneidezähne und Wunden an der Nase
2366 329 3370 367 und am Kinn, der vierjährige Schuhmacherssohn Hans Dregen
2366 362 3368 404 eine Kopfwunde und die achtjährige Wilhelmine Dettich eine
2365 398 2636 431 Wunde am Kinn.
2467 442 3367 481 * Da fahr'n m'r halt nach Nußdorf 'naus! Gestern
2365 473 3367 515 vor Mitternacht ist in Nußdorf ein großer Straßenexzeß ent¬
2364 511 3367 550 standen. Während der Rauferei wurde der 25jährige Private
2365 546 3367 585 Franz Stoiber, XIX. Heiligenstädterstraße Nr. 81 wohnhaft,
2364 580 3366 620 durch drei Messerstiche schwer verletzt. Ein
2363 613 3366 655 Schnitt durchtrennte ihm die Nase. Die Rettungsgesellschaft
2362 650 3157 689 verband ihn und brachte ihn auf die Unfallstation.
2465 694 3365 732 * Einspänner und Automobil. In der Brigittenau,
2360 723 3367 766 Kunzgasse, ist am Donnerstag nach 9 Uhr Abends ein Auto¬
2363 762 3365 801 mobil mit einem Einspänner zusammengestoßen. Der 33jährige
2363 793 3365 835 Einspänner Karl Schoberlechner, Beckmanngasse Nr. 38
2361 831 3364 871 wohnhaft, wurde vom Bocke geschleudert und erlitt eine Kontusion
2361 866 2613 902 des Kreuzbeines.
2465 910 3364 949 * Die Straße als Kinderspielplatz. Der 2½ jährige
2360 941 3362 982 Johann Langer wurde am Donnerstag um 8 Uhr Abends,
2362 978 3363 1017 als er nächst dem Wohnhause, Brünnerstraße Nr. 136, die
2361 1011 3364 1050 Fahrbahn übersetzen wollte, von einem Dampftramwayzug
2361 1048 3363 1085 niedergestoßen. Das Kind erlitt eine Skalpierung am Schädel¬
2359 1082 3071 1121 dach und eine Abtrennung des rechten Ohres.
2462 1126 3364 1164 * Lebensmüde. Gestern Früh vor 7 Uhr wurde der
2359 1159 3372 1197 28jährige Goldarbeitergehilfe Johann Anders im Klosett
2357 1189 3372 1232 seiner Wohnung, Märzstraße, mit einer Rebschnur erhängt auf¬
2359 1228 3372 1267 gefunden. Man schnitt ihn sofort ab und berief die Filiale der
2358 1262 3361 1300 Rettungsgesellschaft, doch konnte der Arzt bloß den Eintritt
2357 1297 3360 1335 des Todes feststellen. Das Motiv der Tat ist Arbeits¬
2356 1331 2572 1366 losigkeit.
2459 1366 3359 1405 Die vierzehnjährige Federnschmückerin Marie H.,
2356 1400 3360 1439 Maderspergerstraße wohnhaft, ist gestern Nachts um ¾12 Uhr
2355 1436 3360 1472 von der Gstettermayerbrücke etwa vier Meter tief gesprungen
2355 1470 3360 1508 und hat sich Kontusionen an beiden Sprunggelenken zugezogen.
2355 1505 3356 1542 Die Filiale der Rettungsgesellschaft brachte sie in ihre Wohnung.
2354 1539 3357 1577 Das Motiv der Tat ist Streit mit Freundinnen.
2461 1574 3357 1612 Der 20jährige Hilfsarbeiter Johann S., Floridsdorf,
2354 1608 3356 1646 Bismarckplatz wohnhaft, sprang vorgestern Abends in das alte
2357 1643 3358 1681 Donaubett in Floridsdorf. Er wurde lebend aus dem Wasser
2354 1677 3358 1716 gezogen und wegen Verdachtes der Geistesstörung der psychia¬
2358 1713 2744 1749 trischen Klinik übergeben.
2457 1747 3354 1785 Am 20. Juni wurde im Gemeindegebiet Zeillern ein
2352 1781 3357 1819 Mann von etwa fünfzig Jahren mit durchschossener Schläfe
2353 1817 3356 1854 tot aufgefunden. Er war mittelgroß, untersetzt, trug schwarzen
2352 1851 3354 1888 weichen Hut, bläulichen schwarzgestreiften Saccoanzug, fast neue
2352 1884 3356 1922 Schnürschuhe, braune Socken mit gelben Streifen, weiße Unter¬
2352 1919 3355 1957 hose, weißes Hemd der Firma Eduard Fischer in Linz. Neben
2352 1953 3354 1991 der Leiche lag ein brauner Stock mit Hirschhorngriff und ein
2350 1987 3370 2026 fünsläufiger Revolver. Er hatte eine Remontoiruhr aus Silber
2351 2022 3355 2060 mit Doppelmantel bei sich; der vordere Mantel trägt den
2346 2056 3354 2095 Namen Franz Leibetzeder. Ein Sacktuch hat die Märke F. L.
2350 2091 3355 2130 In einem schwarzledernen Geldtäschchen hatte er 11 Kronen
2352 2126 3353 2165 41 Heller. Der Tote dürste den besseren Ständen angehört haben.
2451 2168 3351 2207 * Selbstmord auf den Schienen. Donnerstag um 3 Uhr
2349 2204 3355 2242 Nachmittags hat sich ein ungefähr vierzigjähriger, der Arbeiter¬
2352 2233 3353 2277 klasse angehöriger Mann auf der Nordwestbahnstrecke nächst dem
2351 2267 3354 2312 Gasbehälter vor dem fahrenden Personenzug auf das Geleise
2348 2307 3352 2347 geworfen und wurde überfahren. Der Unglückliche blieb
2347 2343 2755 2379 sofort tot.
2449 2384 3350 2423 * Die Gefahren der Verkehrsarbeit. Der 18jährige
2350 2418 3351 2458 Cabskutscher Karl Strobl, Sonnwendgasse Nr. 26 wohnhaft,
2346 2449 3352 2492 wurde Donnerstag Abends um ½8 Uhr in der Inzersdorfer¬
2346 2488 3351 2527 straße vom eigenen Wagen überfahren und erlitt einen Ver¬
2346 2522 3351 2561 renkungsbruch am Bein. Die Filiale der Rettungsgesellschaft
2346 2559 2916 2596 brachte ihn ins Franz Josefs=Spital.
2450 2600 3350 2638 * Selbstmord im Walde. Am 26. Juni um 4 Uhr Nach¬
2346 2636 3352 2674 mittags wurde beim Ortseingang nach Dürnbach im Gemeinde¬
2346 2669 3353 2708 gebiet von Peisching im Walde die Leiche eines dreißig= bis
2344 2703 3350 2742 vierzigjährigen Mannes an einem Baume hängend aufgesunden.
2344 2738 3353 2777 Der Tod dürfte vor etwa drei Wochen eingetreten sein. Vor drei
2344 2767 3352 2811 Wochen ist auch ein kleiner schwächlicher Mann, blond, angeblich
2345 2803 3352 2847 aus Wien nach Dürnbach gekommen und erzählte in den
2345 2842 3351 2881 Arbeiterhäusern des Fabrikanten Zugmayer der Frau Pottner,
2345 2876 3352 2914 daß er weder Arbeit noch Unterkunft besitze, auch kein Geld
2343 2910 3352 2948 habe, aus dem Spital komme und ledig sei. Frau Pottner
2347 2944 3352 2983 erkannte in dem Selbstmörder jenen Mann. Er hatte keine
2344 2980 3352 3017 Dokumente bei sich, trug graugestreiften Stoffanzug, schwarzen
2343 3009 3352 3052 weichen Hut, Stiefeletten und weiße Wäsche ohne Märke. Er war
2343 3043 3352 3086 klein und hatte eine Geldbörse mit 90 Heller, ein altes Taschen¬
2341 3081 3352 3121 messer und einen Wäschezettel der Feinputzerei Ernestine Geher,
2341 3116 3351 3156 II. Asperngasse Nr. 5, bei sich. Die Schuhe sind von der Firma
2343 3153 3001 3191 Anton Scharz, Wien, IX. Nußdorferstraße.
2444 3204 3350 3244 * Abgestürztes Lowry. Zum Kohlenofen des Hüttel¬
2343 3238 3351 3278 dorfer Gaswerkes wird die erforderliche Kohle mit Lowries über
2345 3274 3350 3312 eine geländerlose eiserne Brücke geführt. Gestern Nachmittags
2344 3308 3352 3347 ist ein solches Lowry von der Brücke gestürzt und hat einen
2342 3342 3349 3382 Arbeiter, den 46jährigen Philipp Lang, St. Veitgasse Nr. 47
2342 3373 3351 3416 wohnhaft, mitgerissen. Das Lowry fiel auf ihn und brach ihm
2343 3412 3348 3450 den linken Fußknöchel. Die Unter=St. Veiter Freiwillige
2342 3448 3105 3487 Rettungsgesellschaft brachte ihn ins Rochusspital.
2443 3501 3353 3538 * Unter der Schutzvorrichtung. Der 60jährige Hotelier
2341 3535 3350 3572 Hermann Löwy, II. Castellezgasse Nr. 1 wohnhaft, ist gestern
2345 3569 3349 3607 Vormittags auf dem Franz Josefs=Kai auf einen fahrenden
2343 3603 3350 3641 Motorwagen der städtischen Straßenbahnen, Linie L, auf¬
2345 3638 3348 3677 gesprungen und abgestürzt. Er geriet unter die Schutzvorrichtung
2344 3672 3348 3709 und erlitt eine schwere Quetschung des rechten Brustkorbes mit
2345 3701 3350 3744 Rippenbruch, eine Kopfwunde, Wunden an der rechten Hand
2343 3739 3351 3778 und am linken Ellbogen sowie andere Quetschungen. Die
2345 3774 3352 3814 Rettungsgesellschaft brachte den Hotelier auf die Unfallstation
2348 3812 2561 3846 im II. Bezirk.
2449 3859 3350 3900 * Verunglückte Kinder. Der zehnjährige Volksschüler
2344 3889 3349 3934 Rudolf Menschik, Sohn des Eisendrehers Heinrich Menschik,
2348 3930 3349 3970 Mariahilf, Kasernengasse Nr. 22 wohnhaft, geriet Donnerstag
2345 3965 3349 4005 in der Stadtbahnstation Pilgramgasse beim Abspringen von der
2345 3995 3349 4040 Plattform eines Waggons des fahrenden Zuges zwischen Tritt¬
2347 4036 3345 4073 brett und Randstein des Perrons. Er erlitt eine schwere Quetsch¬
2345 4065 3350 4108 wunde am rechten Oberschenkel. Das Kind wurde der häuslichen
2346 4106 2615 4141 Pflege übergeben.
2448 4138 3351 4177 Der zehnjährige Schulknabe Karl Heisler, Franzens¬
2347 4169 3351 4212 brückenstraße wohnhaft, hat sich am 29. Juni um 9 Uhr Abends
2347 4207 3351 4245 in dieser Straße an einen zweispännigen Streifwagen angehängt
2345 4241 3352 4281 und ist zu Boden gestürzt. Er wurde am rechten Fuße schwer
2345 4277 3299 4315 verletzt. Das Kind wurde ins Rudolfs=Kinderspital gebracht.
2448 4328 3352 4366 * Verhaftete Kosaken. Am 24. Juni Nachts wurde
2348 4362 3352 4399 einem in Ottakring in der Neulerchenfelderstraße wohnhaften
2344 4395 3350 4439 Kaufmann in einem Café in Hernals von drei Betrügern im
2347 4429 3352 4469 Ecartéspiel ein Betrag von 350 Kronen abgenommen. Einer der
2345 4459 3351 4504 Betrüger war im Café als Tierarzt Müller bezeichnet worden.
2346 4500 3353 4538 Er ist am 29. Juni in der Person des 33jährigen Karl
2343 4529 3352 4574 Bartunek, Fünfhaus, Goldschlagstraße Nr. 15 wohnhaft,
2343 4569 3351 4608 verhaftet worden. Bald nachher war auch einer der Komplizen
2343 4603 3349 4643 in der Person des 34jährigen Ludwig Holec dingfest gemacht.
2343 4638 3349 4679 Beide sind Professionalspieler. Gegen Holec liegt auch die An¬
2343 4674 3348 4716 zeige vor, daß er mit markierten Karten gespielt hat. Beide
2342 4709 2951 4751 wurden dem Landesgericht eingeliefert.
2372 4895 3314 4954 Ein neuer choleraverdächtiger Fall an Bord des
2629 4947 3055 4997 Dampfers „Oceania“.
2997 4995 3314 5053 Triest, 30. Juni.
2437 5043 3343 5095 Am Bord des Dampfers „Oceania“ der Austro=Americana
2333 5085 3342 5135 ist ein neuer choleraverdächtiger Fall kon¬
