3488 5351
237 96 433 132 Nr. 16830
790 96 1060 139 Wien, Samstag
1489 97 2079 145 Neue Freie Presse.!
2519 101 2742 140 1. Juli 1911
3174 102 3309 139 Seite 7
195 174 1217 213 Czeczowiczka 20 K., Ignaz Föhlich 25 K. Aus anderen Orten:
193 208 1219 248 N. N. (Sulz=Stangau) 10 K., Johann & Moriz Brief (Ungarisch=
193 242 1218 282 Brod) 20 K., Leo Buchen (Karlsbad) 10 K., S. Rendi (Graz)
194 278 1219 316 200 K. Spenden aus Nachod, eingesendet durch Herrn Max Pick:
195 313 1220 351 Rabbiner Dr. Gustav Sicher 5 K., Jakob Pick 20 K., Gustav Schur
193 342 1220 385 10 K., Max Pick 5 K., Hermann Hitschmann 20 K., Lederer &
194 382 1220 421 Stransky 10 K., Ludwig Fanta 10 K., Ernst Lewit 2 K., Max
195 416 1218 453 Pollak 10 K., Siegfried Pichl 10 K., Oskar Fränkl 5 K., Emil
195 450 1219 489 Fuchs 5 K., Direktor Stern 5 K., Julius Munk 5 K., Josef Wilhelm
202 485 1219 525 2 K., Gustav Pick 2 K., Hugo Horpatzky 2 K., Ungenannt 1 K.
198 520 1152 559 Zusammen 1230 K. 2 H. und 1000 K. ungarische Kronenrente.
272 593 1219 638 Für die an Fallsucht, Krampfanfällen, nervösen Zu⸗
197 633 1219 677 ständen Leidenden ist das Urteil des Arztes Dr. med. Schreike
200 670 1220 716 von großem Interesse: „Mit Epilepticon der „Schwanen“=
197 709 1217 756 Apotheke, Frankfurt a. M., habe ich bei einem verzweifelten
197 750 1216 795 Falle sehr gute Erfahrungen gemacht.“ In den Apotheken
196 788 1213 834 erhältlich. Wissenschaftliche Abhandlung gratis durch das
196 826 1216 874 Hauptdepot, Apotheke „zur Austria“, Wien, IX., Währinger⸗
195 872 383 912 straße 18/1.
1522 819 2042 877 Radiumkurhaus
1703 865 1823 920 A. G.
1407 990 2161 1049 St Joachimstal
1556 1060 2011 1113 bei Karlsbad
1445 1122 2128 1175 Eröffnung der Dependance im
1477 1170 2094 1226 Juni dieses Jahres. Auskunft:
1535 1219 2025 1271 Wien, I. Wipplingerstr. 28.
258 985 787 1060 Spezial-Geschäfte
497 1064 1162 1094 für nur allerbeste Herrenwäsche und
497 1100 837 1129 Herren-Modewaren
312 1085 416 1214 Farbige
291 1133 387 1248 Batist-
303 1238 411 1370 Hemden
498 1137 1160 1224 BERECZ & LÖBL
498 1241 767 1262 k. u. k. Hoflieferanten
498 1265 936 1291 WIEN, I., Babenbergerstrasse Nr. 1
498 1290 1162 1318 I., Schottengasse Nr. 4 L., Kärntnerstrasse Nr. 53
499 1324 1162 1350 Stets Neuheiten von Krawatten, Taschentüchern,
499 1351 1161 1378 Handschuhen, Socken, Krägen und Manschetten etc.
1631 1359 1811 1410 FABRIKEN:
1648 1393 1785 1444 ·PRAC·
1629 1422 1811 1472 WINTERBERC
1650 1451 1788 1502 ·KLATTAU·
1634 1481 1750 1532 NEUERN
197 1489 1225 1569 Central-Hotel
2047 1551 2147 1632 M·J· & L·
1003 1563 1175 1614 Glänzend
1001 1599 1173 1650 renoviert
540 1602 918 1653 Berlin
251 1567 477 1619 Grösstes Hotel
259 1603 464 1653 Deutschlands
1386 1436 2073 1851 LOWENMARKE
1591 1521 2012 1772 IN ALLEN CULTURSTAATEN REGISTRIERT
182 1700 1179 1739 Modernster Komfort. 500 Zimmer von Mk. 3.— an.
343 1658 1083 1693 direkt am Bahnhof Friedrichstrasse.
202 1806 680 1929 Semmering
298 1926 582 1954 Hotel Panhans
722 1801 1215 1844 Höhenluftkurort
827 1870 1105 1902 ersten Ranges.
753 1910 1176 1943 3000 Fuss über dem Meere.
198 1962 1223 1995 2 Stunden von Wien, 400 Zimmer, grösster Komfort, von Norden und Westen ganz
198 1988 1224 2022 geschützte, sonnige Lage. Kuranstalt im Hause. Diät-, Mast-, Freiluftkuren-
200 2014 1221 2047 Inhalatorium, Arzt, Apotheke, Litt. Appartements mit Bad und Toilette. Dazu⸗
200 2040 1223 2073 gehörig: „Hotel Erzherzog Johann“, 6 Villen mit und ohne Küchen. Ganze Ver⸗
200 2065 1224 2099 pflegung K. 7.— oder à la carte. Zimmer von K. 3.— inklusive Service, Licht und
534 2096 895 2122 Beheizung. Auerhahnabschuss.
503 2188 980 2329 Porto-
800 2336 1172 2472 Rose
263 2179 441 2233 PORTO:
264 2215 436 2269 ROSE
1305 2579 2249 2631 A. HERZMANSKY
1316 2513 2254 2572 Kaufhäuser: Wien VII. Mariahilferstr. 26. Stiftgasse 1, 3, 5, 7.
340 2508 1080 2649 Palace-Kur-Hotel
254 2691 1170 2769 Eröffnung der neuen Kuranstalt.
336 2793 1168 2838 Besonders für Rheumatismus, Frauenleiden,
253 2857 839 2903 Ischias, Gicht, Skrophulose etc.
252 2935 1167 3006 Mutterlaugenbäder.
320 3032 1102 3072 Aerztlicher Leiter Dr. Felix Frisch.
218 3150 639 3250 MATTONI'S
223 3247 1133 3396 GIESSHÜBLER
998 3300 1151 3351 NATURLICHER
872 3325 1114 3376 ALKALISCHER
567 3370 1126 3422 SAUERBRUNN
253 3625 1183 3686 Citronervin
364 3720 1066 3771 glanzend bewährt bei allen, die
287 3766 896 3820 Eisenbahnfahrten
958 3748 1123 3798 schlecht
936 3774 1134 3824 vertragen.
309 3798 1132 3850 Flasche kostet 3 K. J. Pserhofers Apotheke, Wien, I., Singerstr. 15.
198 3927 1216 4007 Wasserheilanstalt Dr. C. v. Jurié
185 4026 1216 4066 Weyer, Ob.-Oest. Moderner Bau, exquisite Verpflegung, alle
359 4071 1052 4107 bewährten Kurbehelfe. Prospekt Nr. 11 gratis.
320 4228 1129 4281 MERCEDES
356 4937 1054 5030 Artur Kaddatz
199 5031 1214 5071 Generalvertretung der Mercedes Bureau=Maschinen=Ges.
194 5077 1215 5133 Wien, VI., Mariahilferstraße 9. Tel. 5063.
1370 176 1510 242 Ohne
1272 265 2280 435 Wiktorin - Ticht
1525 435 2179 512 keine Landwohnungen !
1265 530 2281 571 Wiktorin & Co., Wien, V., Margaretenstraße 120;
1265 572 2281 613 Wien, VI., Magdalenenstraße 6; Brünn, Liechtenstein⸗
1409 614 2129 665 gasse 2; Budapest, VIII., Baroß=utcza 1.
1393 1375 1625 1409 NIEDERLAGEN:
1434 1417 1548 1439 · WIEN ·
1396 1446 1592 1469 · BUDAPEST ·
1417 1477 1566 1499 · TRIEST ·
1416 1507 1565 1529 · PARIS ·
1395 1537 1587 1560 CHRISTIANIA
1408 1568 1583 1591 · TORONTO ·
1792 1696 2136 1726 FÜR HERRENWÄSCHE.
1691 1725 2170 1805 M·JOSS & LÖWENSTEIN
1631 1801 2164 1840 K·u·K·HOFLIEFERANTEN·PRAG·
1297 1926 2257 1977 Rückenmarks- und Nervenkrankheiten. Ataxie.
1455 1976 2105 2037 Gehstörungen und Lähmungen.
1296 2045 2260 2084 Behandlung nach Frenkel’scher Methode unter persönl. Leitung
1533 2081 2027 2112 von Dr. Frenkel-Heiden
1295 2122 2260 2157 von Mitte Juni bis Ende September in Heiden i. d. Schweiz
1542 2156 2015 2196 a. Bodensee, Kanton Appenzell.
1301 2190 2261 2228 Von Anfang Oktober im Sanatorium Quisisana, Kolonie Grune⸗
1519 2226 2035 2261 wald b. Berlin, Winklerstrasse 24.
1295 2260 2260 2299 Prospekte auf Wunsch. Freiin Frida von Münchhausen, Oberin.
1313 2661 1571 2711 Für Kinder:
1591 2643 2242 2683 Schürzen aus Creton, Lüster, Klot### in
1716 2672 2118 2710 allen Grössen und Farben.
1592 2775 1986 2842 Kleine Chronik.
1975 2851 2246 2885 Wien 30. Juni.
1343 2892 2279 2936 [Der Kaiser.] Der Kaiser hat heute vormittags in
1268 2933 2278 2978 der Villa Hermes die militärischen Meldungen und den Vor⸗
1266 2972 2276 3014 trag des Sektionschefs v. Daruvary entgegengenommen.
1266 3011 2274 3056 Um 11 Uhr hat der Monarch die Erzherzogin Isabella,
1266 3051 2276 3095 Gemahlin des Erzherzogs Friedrich, in Privataudienz
1266 3091 2276 3132 empfangen. Mittags hat der Kaiser den Marineattaché der
1264 3129 2277 3172 k. und k. Botschaft in Rom, Ladislaus Rémy=Berzen⸗
1269 3168 2276 3212 covich v. Szillas in besonderer Audienz empfangen.
1267 3208 2276 3250 Von 1 bis 2 Uhr hat der Monarch einen Spaziergang und
1268 3249 2163 3290 um 6 Uhr nach dem Diner eine Spazierfahrt gemacht.
1344 3291 2285 3337 [Hof= und Personalnachrichten.] Erzherzog
1269 3331 2283 3375 Leopold Salvator ist heute abends zur Inspizierung
1265 3372 2276 3416 der Gebirgsartillerie in Brixen eingetroffen. — Königin
1268 3409 2285 3453 Viktoria von Schweden hat heute nachmittags Karls⸗
1268 3448 2285 3491 bad besucht. — Prinz Leopold von Sachsen = Koburg=
1268 3485 2283 3531 Gotha ist von den Krönungsfeierlichkeiten aus London
1266 3527 2279 3570 hieher zurückgekehrt. — Die Empfänge beim Leiter des
1267 3565 2284 3614 Handelsministeriums, Sektionschef Dr. Mataja, finden
1265 3605 2282 3648 jeden Montag und Donnerstag von 11 bis 1 Uhr statt. —
1267 3643 2283 3689 Der ungarische Minister für Landesverteidung FML. Hazai
1268 3683 2283 3730 ist nach Budapest zurückgekehrt. — Landespräsident Freiherr
1268 3720 2282 3764 v. Hein ist hier angekommen und im „Hotel Meißl &
1266 3760 2281 3803 Schadn“ abgestiegen. — Sektionschef Graf Esterhazy ist
1267 3797 2283 3842 von den Krönungsfeierlichkeiten in London hieher zurück⸗
1268 3835 2282 3882 gekehrt. — Der ungarische Senatspräsident Bubla ist hier
1266 3878 2281 3920 angekommen und im „Hotel Matschakerhof“ abgestiegen. —
1267 3917 2281 3960 In Bad Nauheim ist Expräsident Diaz zum Besuche seines
1265 3956 2280 3999 früheren Privatsekretärs, der die Kur gebraucht, eingetroffen.
1261 3994 2273 4039 Diaz gedenkt längere Zeit in Deutschland zu verweilen. —
1266 4034 2281 4076 In Karlsbad sind angelangt: Fürst Max Egon Fürsten⸗
1267 4070 2282 4114 berg, Baron Louis Rothschild, Baron Geza Fejer⸗
1266 4111 2282 4153 vary und Magnat Dr. Franz Chorin aus Budapest. —
1265 4147 2282 4193 Der Oedenburger Advokat und Präsident der Partei der
1264 4189 2276 4231 nationalen Arbeit, Dr. v. Szilvasz, wurde vom Kaiser
1267 4227 2281 4271 durch Verleihung der Hofratswürde ausgezeichnet. Anläßlich
1267 4267 2282 4309 dieser Verleihung ist ihm heute aus Konopischt vom Erz⸗
1265 4305 2281 4351 herzog Franz Ferdinand folgende Depesche zuge⸗
1266 4345 2281 4386 kommen: „Mine herzlichsten Glückwünsche zur a. h. Er⸗
1266 4383 2283 4426 nennung. Erzherzog Franz Ferdinand m. p. General
1266 4423 2280 4470 der Kavallerie.“ Dr. v. Szilvasz wurde vor Jahren, als
1267 4462 2284 4504 der Erzherzog in Oedenburg beim 9. Husarenregiment in
1265 4500 2282 4543 Garnison war, oft empfangen und den Diners zugezogen. —
1264 4539 2281 4583 Dem Alpinisten und Obmann des Alpinen Rettungs⸗
1266 4578 2283 4620 ausschusses Heinrich Krempel in Wien wurde in Aner⸗
1265 4618 2276 4665 kennung seiner langjährigen verdienten Tätigkeit als Initiator
1266 4656 2281 4699 und Führer des alpinen Rettungswesens, das goldene
1266 4694 2282 4738 Verdienstkreuz mit der Krone verliehen. — Die Gebühren⸗
1266 4733 2281 4777 abteilung der Finanzbezirksdirektion Wien hat unter Führung
1266 4772 2282 4815 des Finanzrates v. Pelikan ihrem Vorstand Oberfinanz⸗
1265 4803 2280 4854 rat Artur Felkl aus Anlaß der Vollendung seines
1266 4849 2282 4893 30. Dienstjahres ihre Glückwünsche dargebracht. Dem Jubilar
1265 4885 2282 4937 wurde ein Ehrengeschenk überreicht. — In der Aula der
1267 4926 2283 4969 Lemberger Universität wurde gestern das dreißigjährige
1263 4965 2281 5010 Berufsjubiläum des Professors der Zoologie Dr. Josef
1263 5003 2284 5050 Nußbaum=Hilarowicz gefeiert. Professor Doktor
1265 5042 2283 5094 Kadyi hielt an den Jubilar eine Ansprache, worauf eine
1265 5082 2286 5128 in lateinischer Sprache abgefaßte, von europäischen Natur⸗
2331 178 3359 223 forschern und Gelehrten der Vereinigten Staaten unterfertigte
2332 217 3359 261 Festadresse sowie zahlreiche Glückwunschtelegramme zur Ver⸗
2331 257 3355 301 lesung gelangten. — Im „Palace=Kurhotel“ in Portoro###e sind
2330 295 3359 345 eingetroffen: Fürst Dietrichstein, Graf Karl Trautt⸗
2330 333 3359 377 mansdorff, Graf Harrach, Graf Kolowrat, Gräfin
2332 369 3358 416 Marie Bombelles, Baron Locatelli und Herr
2331 405 3359 455 Lorand v. Jakabffy. — Fräulein Grete Taussig,
2329 451 3359 495 Tochter des Herrn Bankiers D. Taussig in Bodenbach, hat
2332 491 3059 532 sich mit Herrn Fritz Rothschild verlobt.
2404 536 3346 579 [Fachblatt der „Neuen Freien Presse“.] In
2327 575 3346 616 der vorliegenden Nummer befindet sich auf den Seiten 25 bis 27
2329 614 3346 658 das Fachblatt: „Landwirtschaftliche Zeitung.“
2327 652 3349 696 Inhalt: „Neues auf dem Gebiete der Zucker⸗
2344 691 3347 735 abrikation.“ Vom k. k. Regierungsrat A. Stift.
2404 738 3346 783 [Die Nathaniel Freiherr v. Rothschild=
2330 778 3346 822 Stiftung zur Errichtung einer Nervenheil⸗
2332 818 3346 859 anstalt.] Wie seinerzeit berichtet, hat das Kuratorium der
2330 857 3345 900 Nathaniel Freiherr v. Rothschild=Stiftung zur Errichtung
2332 896 3347 940 einer großen Nervenheilanstalt, die aus dem Rosenhügel er⸗
2330 935 3346 979 baut werden wird, das Maria Theresia=Schlössel in Döbling
2331 974 3346 1016 erworben, um dasselbe als Administrationsgebäude der
2329 1014 3344 1057 Stiftung zu adaptieren und in unmittelbarer Nähe davon
2330 1052 3345 1097 ein Ambulatorium zu errichten. Der Magistrat hat nach einem
2333 1092 3347 1136 Protest der Anrainer, vornehmlich einer Klosterschule, den
2331 1125 3347 1176 Baukonsens verweigert. Das Kuratorium der Rothschild=
2332 1171 3347 1214 Stiftung hat gegen diesen abschlägigen Bescheid des Magistrats
2332 1210 3346 1253 den Rekurs an die Baudeputation ergriffen, welche diesem
2332 1244 3347 1293 Rekurs stattgegeben hat. Gegen diese Baubewilligung steht den
2333 1288 3346 1332 Anrainern noch ein Rekurs an das Ministerium für öffent⸗
2331 1327 3345 1370 liche Arbeiten offen. Nach dem Bauplan soll das Maria=
2333 1361 3345 1410 Theresia=Schlössel selbst in seiner jetzigen Form erhalten
2332 1406 2455 1440 bleiben.
2397 1451 3346 1497 [Der letzte Tag des billigen Rauchens.]
2332 1490 3347 1535 Heute, am letzten Tage der alten Preise für Zigarren und
2333 1528 3350 1574 Zigaretten, herrschte in sämtlichen Wiener Trafiken ein förm⸗
2333 1563 3349 1612 licher Massenandrang. Der größte Teil des rauchenden Publi⸗
2334 1608 3348 1652 kums hat sich auf zwei bis drei Monate mit Rauchmaterial
2334 1646 3348 1689 vorgesehen, so daß die Verteuerung der Zigarren und
2331 1684 3350 1729 Zigaretten für diesen Teil der Raucher wenigstens momentan
2335 1724 3348 1768 nicht fühlbar sein wird. In den Spezialitätentrafiken am
2333 1761 3348 1805 Kohlmarkt und in der Mariahilferstraße herrschte ein derartiger
2335 1799 3348 1844 Andrang, daß das Publikum oft über eine Stunde lang
2332 1838 3347 1883 warten mußte. Was insbesondere die Erhöhung der
2333 1876 3348 1920 Zigarettenpreise betrifft, so scheint ein großer Teil der
2331 1915 3349 1965 Zigarettenraucher nunmehr zum Selbstanfertigen von
2332 1953 3348 1999 Zigaretten übergehen zu wollen und hat sich mit Zigaretten⸗
2332 1992 3348 2037 tabak versehen. Eine besondere Nachfrage herrschte nach
2332 2031 3349 2075 Pursitschan= und Kyr=Zigarettentabak, welche beide Sorten
2330 2067 3347 2115 jedoch in den Nachmittagsstunden überhaupt nicht mehr er⸗
2332 2103 3348 2153 hältlich waren. Abends sand in den Tabaktrafiken durch
2332 2147 3358 2191 Finanzorgane eine Inventuraufnahme statt. Die Trafikanten
2331 2186 3358 2229 werden die Differenz von dem erhöhten Betrage auf den alten
2333 2224 3358 2273 Preis für die Lagerbestände nachzuzahlen haben. In den
2333 2262 3358 2307 Trafiken wurden heute namentlich enorme Mengen von Sport⸗
2330 2302 3347 2351 zigaretten abgesetzt, die schachtelweise gekauft wurden. Auch
2330 2341 3348 2385 Zigarren jeder Sorte wurden sast durchwegs hundertstückweise
2333 2380 3358 2425 verlangt. Die Trafikanten hatten diesen Ansturm des Publi⸗
2331 2419 3352 2469 kums vorausgesehen und sich mit größeren Vorräten ver⸗
2332 2458 3346 2502 sehen, doch genügten diese in den meisten Fällen den An⸗
2332 2491 3348 2541 forderungen nicht, die gangbarsten Sorten waren in zahl⸗
2331 2535 3287 2583 reichen Fällen in den Abendstunden nicht mehr zu haben.
2406 2572 3350 2617 [Neuherstellung denkwürdiger Me⸗
2331 2612 3349 2656 daillen.] Das k. k. Hauptmünzamt hat das Unter⸗
2330 2650 3358 2700 nehmen in seiner genommen, aus dem reichen Schatz, den
2328 2690 3358 2732 das Münzamt in seiner auserlesenen Münzen= und Medaillen⸗
2330 2728 3357 2772 sammlung besitzt, die historisch und künstlerisch denkwürdigen
2331 2767 3358 2816 älteren Medaillen in Neuabschlägen wieder herzustellen, um
2330 2806 3357 2848 öffentlichen und privaten Sammlungen die Möglichkeit zu
2330 2844 3358 2886 bieten, solche Raritäten zu erwerben. Eine erste wohlgelungene
2330 2883 3357 2926 Neuprägung liegt bereits in herrlicher Patina vor. Es ist die
2329 2922 3357 2968 im Jahre 1759 von A. Widemann und G. Ehle ge⸗
2330 2947 3354 3000 schnittene sogenannte „Nachkommenschaftsmedaille“. Auf der
2328 2985 3355 3038 Vorderseite sind die einander gegenübergestellten Porträts des
2328 3034 3358 3081 Kaisers Franz I. und der Kaiserin Maria Theresia
2329 3076 3350 3125 und auf der Rückseite die Porträts der dreizehn Kinder des
2328 3114 3349 3160 Kaiserpaares abgebildet; in der Mitte Erzherzog Josef — der
2327 3152 3348 3198 nachmalige Kaiser Josef II. — umgeben von zwölf ovalen
2328 3190 3348 3238 Schildchen mit den Porträts der vier Brüder und acht
2329 3229 3348 3275 Schwestern desselben und der Jahreszahl 1759 in römischen
2328 3267 3346 3314 Ziffern. Diesem schönen Versuch sollen andere folgen. Ebenso
2329 3306 3348 3352 beabsichtigt das Münzamt hervorragende Medaillen moderner
2327 3348 2975 3392 Künstler in Neuabschlägen herzustellen.
2406 3400 3358 3448 [Alfred Ginzkey.] Aus Reichenberg wird
2331 3439 3358 3484 uns über den Großindustriellen Alfred Ginzkey, dessen
2330 3477 3358 3526 plötzliches Hinscheiden bereits gemeldet wurde, geschrieben:
2330 3519 3358 3564 Kommerzialrat Alfred Ginzkey ist am Dienstag abends um
2329 3558 3358 3603 6 Uhr in Dresden an den Folgen der Operation eines
2330 3597 3345 3643 Furunkels, zu der sich Blutvergiftung gesellte, im 45. Lebens⸗
2329 3635 3345 3682 jahre gestorben. Tiefer Schmerz ob des Hinscheidens dieses
2330 3671 3344 3718 wackeren Mannes wird nicht allein seine nächsten Angehörigen,
2330 3709 3344 3759 sondern auch alle, die ihn kannten, erfüllen; denn Alfred
2330 3752 3344 3797 Ginzkey war ein überaus leutseliger, infolge seines liebens⸗
2330 3792 3344 3836 würdigen, jovialen Wesens allgemein beliebter Mensch. Vor⸗
2331 3831 3343 3874 allem erfreute er sich bei seinen Beamten und Arbeitern,
2331 3870 3344 3912 denen er stets ein fürsorglicher Chef und Berater war, höchster
2330 3909 3352 3952 Wertschätzung und größter Sympathien. Alfred Ginzkey wurde,
2331 3949 3355 3990 am 28. September 1866 in Maffersdorf als Sohn des Be⸗
2330 3987 3343 4029 gründers der Firma, Herrn Ignaz Ginzkey, geboren. Er be⸗
2329 4024 3343 4069 suchte die Volksschule in Maffersdorf, sodann eine Privatschule
2329 4065 3343 4105 in Dresden und absolvierte die Gymnasialstudien in Leipa
2325 4101 3342 4144 und Leitmeritz, wo er im Jahre 1886 maturierte. Er ging
2329 4138 3343 4184 sodann an die Universität Graz, woselbst er sich den juridischen
2328 4181 3344 4224 Studien widmete, legte sein Einjährig=Freiwilligen=Jahr bei der
2329 4220 3343 4260 Kavallerie ab und ging dann nach England, wo er
2329 4259 3343 4300 die Textilfachschule in Leeds besuchte und dann in
2329 4297 3343 4339 einer großen Teppichfabrik in Halifax sich die not⸗
2329 4336 3344 4378 wendigen praktischen Kenntnisse erwarb, die er durch
2329 4376 3343 4416 spätere größere Reisen in Frankreich, Amerika, dem
2326 4414 3340 4456 Orient, Aegypten und anderen Ländern erweiterte. In
2326 4454 3341 4496 seinem Berufe war er unermüdlich tätig und trug
2326 4493 3341 4534 nicht wenig zum Aufblühen der Firma bei, die
2326 4532 3341 4574 heute ob der Vortrefflichkeit ihrer Erzeugnisse sich eines
2327 4565 3346 4613 Weltrufes erfreut und deren Absatzgebiet sich durch die
2327 4611 3342 4652 Umsicht und Tatkraft der beiden Chefs von Jahr zu
2328 4650 3341 4691 Jahr erweiterte. Noch bei dem vor wenigen Wochen er⸗
2326 4689 3341 4730 folgten### Besuche der bosnischen Handelskammer hatte er
2325 4728 3340 4769 in dem weitausgedehnten Betriebe mit sichtlicher Freude
2327 4766 3341 4809 und größter Bereitwilligkeit die Führung übernommen.
2326 4806 3341 4848 Einen schmerzlichen Verlust erleidet auch die Reichenberger
2322 4844 3342 4887 Handels= und Gewerbekammer, deren provisorischer Vorsitzender
2327 4884 3341 4925 er seit dem 28. Februar 1910 war und in der er zu wieder⸗
2327 4924 3340 4965 holten Malen das Wort ergriff, wobei sich sein tüchtiges volks⸗
2325 4963 3341 5005 wirtschaftliches Wissen bekundete. Dem Ausschusse des Ver⸗
2326 5001 3341 5044 bandes nordböhmischer Industrieller gehörte er seit dessen Be⸗
2326 5041 3355 5084 stande (1900) als erster Vizepräsident an. Außerdem war er
2324 5081 3353 5125 Mitglied der Permanenzkommission für die Bestimmung der
