3168 4829
1277 96 1812 146 Innsbrucker Nachrichten
2515 94 2874 137 Nr. 148. Seite 3.
211 110 739 156 Samstag den 1. Juli 1871.
342 205 902 277 Zur Tagesgeſchichte.
423 287 831 338 Öſterreich ⸗ Ungarn.
220 344 1064 393 Aus der Zeitungswelt. Das deutſch⸗
174 390 1062 441 freiheitliche Organ für das Land Vorarlberg,
177 435 1065 484 das „Bregenzer Tagblatt“, geht von heute an
178 479 1064 526 wieder in das Eigentum ſeines früheren Be⸗
178 528 671 574 ſitzers Anton Flatz über.
614 584 632 602 *
222 626 1065 671 Vom Kaiſer. Wie beſtimmt verlautet, er⸗
180 669 1066 719 folgt die Abreiſe des Kaiſers nach Iſchl nicht
180 713 1065 758 vor dem 15. ds. M. — Die Nachricht, daß
180 758 1066 804 der Kaiſer die Villa Hermes als ſein Privat⸗
181 794 1066 852 eigentum erworben habe, beruht nicht auf Rich⸗
181 847 1067 896 tigkeit. Die Villa wurde vom Hofärar für den
180 890 1066 939 Preis von anderthalb Millionen Kronen erwor⸗
181 935 1067 981 ben. Der Grund zu dieſer Transaktion iſt darin
183 977 1066 1027 zu ſuchen, daß der Lainzer Tiergarten, welcher
182 1022 1068 1071 die Villa Hermes umgibt, und durch den die
184 1069 1067 1117 Zufuhr zu dieſer Villa geht, ſchon dem Hofärar
185 1114 1068 1163 gehört und nur der Grund, auf dem die Villa
184 1159 1066 1205 ſteht und das Gebärde ſelbſt durch Vermächtnis
185 1203 1068 1249 der Kaiſerin in den Beſitz der Erzherzogin
185 1247 1067 1294 Marie Valerie übergegangen iſt. Der künftige
185 1292 1067 1339 Eigentümer der Villa wird demnach, wie das
184 1336 1067 1383 jetzt ſchon beim Lainzer Tiergarten der Fall iſt,
186 1381 957 1429 der jeweilige Kaiſer von Öſterreich ſein.
229 1434 1067 1482 Sanktionierung von Salzburger
183 1479 1068 1527 Landesgeſetzen. Der Kaiſer hat den vom
183 1522 1069 1571 Landtage des Herzogtums Salzburg beſchloſſe⸗
185 1568 1066 1616 nen Geſetzentwürfen betreffend Durchführung
185 1613 1068 1661 von Ergänzungsarbeiten im Sturmbache, be⸗
185 1658 1068 1706 treffend die Verbauung des Kalmbaches in der
182 1702 1068 1750 Landgemeinde Saalfelden, betreffend die Er⸗
185 1749 1067 1796 gänzung der Verbauung des Fiſchbaches und
184 1793 1069 1841 die Verbauung des Brunnbaches in der Ge⸗
184 1839 1071 1886 meinde Thalgau und betreffend die Entſum⸗
185 1882 1068 1930 pfung des Ennstales zwiſchen Altenmarkt und
182 1929 800 1974 Mandling ſeine Sanktion erteilt.
230 1982 1070 2028 Der Salzburger Landtag. Wie man
182 2025 1068 2072 aus Wien meldet, iſt der Salzburger Landtag
185 2072 1068 2117 für den 4. Juli zu einer einzigen Sitzung
187 2116 1069 2162 einberufen worden, um ein Anlehen der
186 2161 1069 2209 Stadt Salzburg im Betrage von ſieben
186 2207 782 2251 Millionen Kronen zu votieren.
229 2259 1072 2305 Anſiedlung öſterreichiſcher Fami⸗
185 2304 1069 2350 lien in Argentinien. Wie aus Buenos
186 2348 1069 2393 Aires gemeldet wird, läßt ein öſterreichiſcher
184 2392 1071 2437 Großinduſtrieller den Bezirk Chubut in Süd⸗
187 2436 1070 2482 Argentinien durch einen Studienausſchuß zwecks
187 2481 1071 2527 Anſiedlung von 1200 öſterreichiſchen Arbeiter⸗
185 2529 496 2572 familien bereiſen.
230 2581 1068 2626 Ein kroatiſcher „Nationalfeiertag“.
186 2626 1071 2673 Am 5. Juli wird in ganz Kroatien ein ſoge⸗
187 2671 1070 2717 nannter Nationalfeiertag begangen werden, deſ⸗
185 2716 1071 2762 ſen Reinerträgnis zur Kräftigung des kroati⸗
185 2761 1071 2805 ſchen Elementes dienen ſoll, insbeſondere in
187 2805 1071 2852 jenen Gegenden, wo die Anſiedlung von Un⸗
188 2851 1071 2896 garn und Deutſchen „überhand genommen“
187 2895 1071 2941 hat. Namentlich ſoll aus dem Ertrage die
186 2942 1071 2989 Errichtung und Gründung, kroatiſcher Schulen
188 2986 1072 3033 ermöglicht werden. Über Beſchluß des kroa⸗
186 3032 1073 3078 tiſchen Journaliſtenvereines werden an dieſem
188 3136 1087 3182 gern verſchiedenſter Familien. Zuerſt wurde Peter
188 3180 1074 3226 Moor von Aufkirchen Inhaber, dann Michael
188 3225 1076 3271 von Neuhaus, unter welchem ein Ulrich Kol⸗
189 3270 1076 3315 hamer Pfleger war. In dieſer Zeit brach die
190 3311 1077 3360 Reformation aus, welche in ganz Tirol, beſon⸗
188 3359 1074 3405 ders aber in der Herrſchaft Taufers, gewaltig
189 3403 1076 3449 um ſich griff. Vor allem waren es die Wieder⸗
189 3447 1076 3493 täufer, die faſt allgemein Anklang beim Volke
190 3492 1077 3539 fanden. Im Jahre 1533 war der Pfleger von
189 3536 1077 3582 Neuhaus, Erhard Zimmermann, zweifellos ſelbſt
191 3581 1078 3628 ein Wiedertäufer, der ſeinen Glaubensgenoſſen
190 3626 1077 3672 im Schloſſe Unterkunft gab und mit ihnen Zu⸗
190 3671 1077 3715 ſammenkünfte hielt. Da die Sekte von der tiro⸗
190 3715 1076 3762 liſch⸗habsburgiſchen Regierung verboten war und
190 3763 1076 3808 verfolgt wurde, hielt man bei Neuhaus auch
191 3807 1077 3851 heimliche Zuſammenkünfte hinter dem Schloß in
192 3851 1078 3896 einer kleinen Bachſchlucht und beim Kofel da⸗
191 3896 1079 3942 ſelbſt, welche Stellen man noch zeigt. Zimmer⸗
191 3940 1078 3986 mann wurde ſchließlich in Haft genommen, aber
195 3985 897 4032 gegen Bürgſchaft wieder freigelaſſen.
235 4030 1077 4074 Im Jahre 1543 kam Schloß Neuhaus an die
195 4074 1080 4119 Familie von Teutenhofen, nachdem Michel
195 4119 1081 4163 von Teutenhofen dasſelbe ſchon unter dem Pfle⸗
189 4162 1077 4208 ger Zimmermann innegehabt hatte. Ein Tho⸗
195 4207 1080 4252 mas von Teutenhofen verkaufte das Schloß ſamt
195 4251 1081 4299 Pirchach, Premſtall und aller Gerechtſame, wozu
195 4295 1078 4342 auch die Fiſcherei in der Tauferer Ache
197 4339 1080 4388 bei Gais gehörte, an den feſten Hans Jakob
200 4385 1084 4433 Söll v. Eichberg um 5000 fl. Dieſer, ein Bür⸗
196 4427 1080 4482 ger von Bruneck, war fürſtlicher Rat und Kam⸗
1095 199 1888 252 Tage in Agram und in der Provinz auch keine
1095 240 1899 290 Zeitungen erſcheinen.
1098 289 1992 335 Das ungariſche Magnatenhaus hat
1097 333 1992 379 den Geſetzentwurf über die Verlängerung des
1094 376 1993 422 Bankprivilegs bis 1917 ohne Debatte ange⸗
1096 435 1253 458 nommen.
1373 469 1715 511 Deutſches Reich.
1142 524 1995 570 Der preußiſche Landtag wurde am
1097 569 1992 616 Mittwoch geſchloſſen. Zuvor gab es aber noch
1099 615 1995 661 eine recht ſtürmiſche Sitzung. Als über die rhei⸗
1098 659 1994 706 niſche Landgemeindeordnung nach einer ziemlich
1098 703 1995 749 lebhaften Debatte zur Abſtimmung geſchritten
1099 747 1995 792 wurde, ſtellte ſich heraus, daß das Haus be⸗
1098 785 1996 836 ſchlußunfähig ſei. Das Zentrum hatte ſeine
1098 835 1996 881 Leute abkommandiert, weil es die Vorlage zu
1098 878 1996 925 Fall bringen wollte. Präſident von Kröcher be⸗
1098 924 1997 969 raumte hierauf eine zweite Sitzung an, von
1099 968 1996 1014 deren Tagesordnung er dem Zentrum zuliebe
1099 1013 1996 1058 die Vorlage über die rheiniſche Gemeindeord⸗
1099 1058 1996 1105 nung abſetzte. Das behagte den Nationallibe⸗
1099 1101 1995 1147 ralen nicht, die ſich für dieſe Gemeindeordnung
1101 1146 1997 1192 einſetzen. Sie erklärten, daß der Präſident un⸗
1100 1191 1996 1237 geſetzlich gehandelt habe, weil die Tagesordnung
1099 1235 1998 1281 jedermann gedruckt vorliegen müſſe. Der Sozial⸗
1099 1280 1997 1326 demokrat Hoffmann beantragte namentliche Ab⸗
1100 1324 1997 1369 ſtimmung und fand dabei die Unterſtützung der
1102 1368 1994 1414 geſamten Linken bis zu den Nationalliberalen.
1101 1413 1997 1457 Bei der Abſtimmung verließ jedoch ein Teil der
1102 1457 1997 1502 Linken den Saal und das Haus war wieder
1101 1501 1998 1548 beſchlußunfähig. Es mußte eine neue, die dritte
1102 1547 1998 1592 Sitzung, anberaumt werden. Wieder gab es er⸗
1103 1591 1998 1638 regte Geſchäftsordnungsdebatten, deren Schärfe
1103 1636 1999 1681 ſich immer mehr ſteigerte. Als Herr von Pap⸗
1103 1680 1998 1724 penheim der Linken vorwarf, daß ſie unter der
1103 1724 1997 1770 Führung des Sozialdemokraten Hoffmann ſtehe,
1104 1768 2002 1813 erſchollen Rufe, wie: „Dieſe Frechheit! Dieſe
1104 1813 1999 1858 Unverſchämtheit!“ Man richtete gegen den Prä⸗
1103 1857 1999 1902 ſidenten den Vorwurf der Parteilichkeit. In
1104 1902 1998 1946 dem allgemeinen Rummel erklärte ſchließlich
1101 1945 1999 1993 Präſident Kröcher, daß ein Schreiben einge⸗
1105 1990 2001 2037 gangen ſei, mit dem das Abgeordnetenhaus um
1103 2036 1820 2081 5 Uhr nachmittags geſchloſſen werde.
1148 2078 1998 2125 Eine neue Partei. Eine elſaß⸗lothringiſche
1103 2123 1999 2170 Nationalpartei iſt in Straßburg endgültig konſti⸗
1102 2167 1779 2212 tuiert worden. Sie iſt autonomiſtiſch.
1463 2227 1634 2267 Italien.
1148 2279 1998 2327 Eine irredentiſtiſche Kundgebung.
1104 2323 2001 2373 Auf einem dieſer Tage in Cervignano abgehal⸗
1103 2367 1999 2415 tenen Kongreſſe der venetianiſchen Lehrer wurde
1105 2412 1999 2459 eine Tagesordnung angenommen, nach welcher die
1105 2455 2000 2504 alte Forderung einer italieniſchen Univerſität
1105 2500 2002 2549 in Trieſt erhoben, die Anerkennung des in
1105 2545 2000 2596 Italien erworbenen Doktorates, die Vergebung
1105 2591 2001 2639 der jetzt unbeſetzten Lehrkanzel an der Inns⸗
1106 2633 2002 2682 brucker Univerſität, ferner der Gebrauch der
1106 2680 2002 2725 italieniſchen Sprache und der Unterricht in der⸗
1107 2724 2002 2770 ſelben an öſterreichiſchen Univerſitäten und die
1106 2768 2002 2817 Errichtung einer italieniſchen Prüfungskommiſ⸗
1107 2812 2002 2861 ſion an denſelben verlangt wurden. Man erwar⸗
1106 2857 2002 2906 tet von den italieniſchen Abgeordneten eine ent⸗
1108 2901 2002 2950 ſchiedene Haltung der Regierung gegenüber, daß
1107 2946 2002 2994 dieſelbe im nächſten Schuljahre ihre Verſpre⸗
1108 2990 2004 3038 chungen einlöſe. Es wird auf den großen „Übel⸗
1108 3033 2004 3085 ſtand“ des Mangels einer philoſophiſchen
1109 3135 2005 3183 mermeiſter von Brixen. Er erbaute 1601 auf
1107 3180 2003 3227 dem unteren Schloßplatze neben einem dort
1107 3224 2003 3272 ſtehenden Turm das gegenwärtige Kirchlein und
1108 3269 2003 3317 hielt, wie auch ſein Nachfolger Jakob Chriſtoph
1109 3313 2002 3360 Söll, einen eigenen Kaplan. Von 1611 bis 1781
1110 3357 2005 3405 hauſten ober dem Schloſſe Neuhaus verſchiedene
1110 3402 2006 3451 Eremiten, von denen der dortige Hof den Na⸗
1110 3447 2006 3492 men führt. Unter den Herren v. Söll war von
1112 3491 2007 3540 1702 bis 1706 auch ein Martin Zösmair Pfleger
1112 3538 1359 3580 auf Neuhaus.
1157 3590 2007 3636 Im Jahre 1743 erwarb Neuhaus durch Kauf
1112 3634 2006 3681 von den Söll Graf Alexander Künigl von Ehren⸗
1110 3679 2007 3726 burg. Dieſer erbaute 1752 in Pirchach neben
1112 3723 2007 3770 der Talſtraße unter dem Schloß ein neues, ſchö⸗
1111 3767 2007 3815 nes Pflegerhaus. Die Pfleger nahmen nun hier
1111 3811 2006 3859 ihren Sitz und das Schloß ging langſam dem
1113 3856 2008 3903 Verfalle entgegen. Nach dem Tode des Grafen
1114 3901 2008 3947 Künigl wurde die Herrſchaft an verſchiedene
1113 3945 2008 3992 Private veräußert. Und wie es in zahlreichen
1114 3990 2010 4036 Fällen geſchah, nahm ein Bauer vom Schloſſe
1114 4034 2008 4079 Beſitz, wo einſt die Nachkommen der alten Gra⸗
1114 4079 1820 4124 fen des Puſtertalgaues gehauſt hatten.
1156 4132 2009 4180 Aber ſeitdem im Jahre 1900 Herr Vinzenz
1112 4177 2009 4221 Ebner von Niederdorf das Schloß mit dem
1114 4220 2010 4268 letzten Zugehör angekauft hat, iſt wieder Leben
1114 4266 2008 4313 in dasſelbe gekommen, das Schloß zugänglicher
1114 4311 2009 4357 und zu einem ſchönen Ausflugsorte gemacht
1115 4353 2011 4402 worden. Mögen ſeine Bemühungen auch gelohnt
1114 4402 1247 4436 werden.
2026 194 2923 245 Fakultät hingewieſen. Trieſt wurde als der Sitz
2026 235 2923 287 der verlangten juridiſchen Fakultät ausdrück⸗
2025 281 2924 332 lich in die Tagesordnung aufgenommen. Die
2026 327 2923 374 irredentiſtiſchen Herrſchaften werden immer
2027 375 2150 416 kühner.
2040 416 2924 465 Die Manöver. Die großen Manöver wer⸗
2024 460 2923 507 den heuer vom 15. Auguſt bis 2. September
2026 505 2923 553 im oberen Monſerrato, einbezüglich das Terri⸗
2027 550 2925 596 torium von Aleſſandria, Tortona, Voghera, Pa⸗
2028 594 2925 640 via, Berecelli und Caſale ſtattfinden. Daran
2026 638 2923 685 ſollen die 4 Armeekorps von Aleſſandria, Mai⸗
2028 683 2925 729 land, Turin und Genua teilnehmen. Das Haupt⸗
2028 728 2925 773 quartier käme nach San Salvatore Monſer⸗
2028 772 2923 820 rato, wohin auch der König eintreffen dürfte.
2026 814 2926 863 Man will damit, heißt es, die Erinnerung an
2028 859 2925 908 den Beginn und Abſchluß der Schlacht bei Pa⸗
2028 903 2925 951 leſtro wieder wachrufen, wie 1900 die napo⸗
2028 947 2924 996 leoniſchen Schlachten bei Marengo und Dego
2027 993 2625 1039 in Erinnerung gebracht wurden.
2072 1046 2927 1092 Die Überdreadnoughts. Bekanntlich
2028 1092 2925 1138 beabſichtigt die Marineverwaltung im Sinne des
2029 1137 2926 1184 vom Parlamente bewilligten Flottengeſetzes un⸗
2029 1180 2926 1228 mittelbar nach Fertigſtellung der erſten Dread⸗
2027 1225 2925 1271 noughtdiviſion und vielleicht noch früher mit
2030 1268 2927 1315 dem Bau einer Anzahl von Schlachtſchiffen
2030 1312 2926 1359 allergrößten Typs zu beginnen, die als Erſatz⸗
2029 1357 2926 1404 bauten für mehrere in den nächſten Jahren
2030 1402 2926 1449 zur Ausrangierung gelangende Einheiten ge⸗
2030 1444 2925 1492 dacht ſind: Wie italieniſche Blätter melden,
2030 1490 2927 1538 wurde dieſer Tage die vom Marineminiſterium
2029 1535 2927 1582 für dieſe Neubauten ausgeſchriebene Projekts⸗
2030 1580 2926 1627 konkurrenz geſchloſſen. Die Details der Projekte
2030 1625 2926 1672 werden ſelbſtverſtändlich geheimgehalten, doch
2031 1670 2928 1716 werden die neuen Dreadnoughts die Einheiten
2031 1714 2928 1760 der 1. Diviſion an Tonnengehalt weitaus über⸗
2030 1759 2928 1804 treffen, die Armierung wird ſtärker, der Aktions⸗
2030 1803 2927 1850 radius größer ſein und die Schnelligkeit wird
2031 1847 2773 1893 25 Seemeilen in der Stunde betragen.
2076 1892 2930 1939 Der zweite Dreadnought. Der Ma⸗
2031 1935 2930 1983 rineminiſter hat verfügt, daß der Stapelkauf
2032 1972 2929 2029 des zweiten Dreadnought „Conte di Cavour“
2033 2028 2527 2072 am 10. Auguſt ſtattfinde.
2360 2084 2599 2127 Frankreich.
2077 2138 2661 2184 Das neue franzöſiſche Kabinett⸗
2033 2177 2931 2230 Präſident Fallieres genehmigte das miniſterielle
2033 2225 2931 2275 Programm. Der Geſetzentwurf über die Zonen⸗
2034 2270 2933 2326 abgrenzung im Weinbaugebiete ſoll noch vor
2033 2315 2931 2363 den Parlamentsferien Geſetzeskraft erhalten. Die
2033 2360 2932 2408 Chefs der Armeekorps werden zur ſtrengeren
2034 2404 2931 2456 Abwehr der antimilitäriſtiſchen Propaganda auf⸗
2035 2456 2197 2498 gefordert.
2079 2495 2931 2543 Die Wahlreform. 300 Abgeordnete der
2034 2541 2931 2588 Linken beſchloſſen in einer Verſammlung über
2035 2586 2931 2636 die Wahlreform, die Einſetzung einer zu glei⸗
2035 2630 2930 2677 chen Teilen aus Anhängern und Gegnern des
2034 2672 2931 2722 Proportionalſyſtems beſtehenden Kommisſion,
2037 2719 2932 2767 welche den Auftrag hat, eine Einigung aller
2035 2763 2856 2811 Parteien in dieſer Frage herbeizuführen.
2382 2823 2584 2867 Rußland.
2080 2875 2933 2923 Der erſte ruſſiſche Dreadnought. Auf
2036 2920 2930 2967 der baltiſchen Werft in Petersburg fand unter
2037 2965 2932 3013 großen Feierlichkeiten der Stapellauf des erſten
2034 3009 2885 3057 ruſſiſchen Dreadnoughts „Sebaſtopol“ ſtatt.
2362 3071 2617 3113 Bulgarien:,
2081 3122 2928 3169 Die antimonarchiſtiſche Bewegung.
2039 3167 2933 3214 Dieſe Woche haben im Lande über 40 Vollzver⸗
2036 3212 2931 3260 ſammlungen der Oppoſitionspartei ſtattgefun⸗
2037 3256 2931 3310 den. Überall kam es zu Kundgebungen gegen
2039 3301 2931 3349 König Ferdinand. Der König hat ſeine für
2038 3345 2932 3393 den 1. Juli vorgeſehene Abreiſe in das Aus⸗
2037 3390 2826 3437 land auf unbeſtimmte Zeit verſchoben.
2393 3451 2574 3488 Serbien.
2083 3502 2934 3549 Manöver. Anfangs September finden im
2039 3547 2934 3593 öſtlichen Teile Serbiens die diesjährigen Ma⸗
2038 3592 2934 3638 növer ſtatt, an denen drei Diviſionen teilneh⸗
2039 3636 2934 3683 men. Die Truppen wurden mit den modern⸗
2039 3679 2935 3727 ſten, techniſchen Mitteln ausgerüſtet. Diesmal
2040 3724 2936 3774 gelangen auch zum erſtenmal die drahtloſe Tele⸗
2040 3768 2936 3818 graphie, Brieftauben, Feldtelephon uſw. zur
2040 3813 2934 3861 Verwendung. Den Manövern werden der König
2040 3857 2935 3905 mit ſeinen beiden Söhnen, die ausländiſchen
2040 3901 2935 3949 Vertreter und Mitglieder der Skuptſchina bei⸗
2040 3949 2181 3995 wohnen.
2387 3995 2581 4036 Spanien.
2093 4053 2934 4100 Veränderungen im Kabinett. Der
2038 4097 2935 4145 Miniſter des Innern Ruiz Valarino hat de⸗
2042 4132 2936 4190 miſſioniert. Zu ſeinem Nachfolger iſt der bis⸗
2041 4187 2933 4236 herige Juſtizminiſter Barroſo ernannt worden.
2042 4230 2937 4279 Mit dem Juſtizportefeuille wurde Miniſterprä⸗
2041 4278 2514 4323 ſident Canalejas betraut.
2087 4329 2937 4387 Spanien und der Vatikan. Spanien
2043 4375 2937 4423 hat nach der mehr als halbjährigen Unterbre⸗
2042 4419 2936 4472 chung ſeiner diplomatiſchen Beziehung zum Ba⸗
