3488 5363
235 157 373 196 Bette 2
792 163 1057 210 Wien, Samstag
1513 174 2083 221 Neue Freie Fresse.
2536 191 2759 233 1. Juli 1911
3116 204 3314 242 Nr. 16830
209 232 1186 310 Die Friedensverhandlungen der türkischen
352 295 1063 371 Regierung mit den Albanesen.
926 381 1177 423 Wien, 1. Juli.
243 421 1209 485 An dem ernsten Willen der Pforte, die Albanesen zu
184 461 1208 533 versöhnen, läßt sich nach den Konzessionen, die den Auf⸗
183 510 1206 578 ständischen bereits gewährt worden sind, nicht mehr
181 553 1202 623 zweifeln, und es bedars, wie die Verhältnisse heute liegen,
180 596 1203 664 wohl nur noch eines letzten Schrittes der türkischen Regie⸗
172 640 1203 707 rung in der Frage des Waffentragens, um eine Basis zu
174 687 1201 748 schassen, aus der ein dauernder, für beide Teile ersprieß⸗
173 731 1201 796 licher Friede geschlossen werden kann. Aber dieser letzte
166 775 1198 839 Schritt darf nicht verzögert werden, denn jeder Tag, den
168 818 1199 883 diese gefahrvolle Situation fortdauert, kann eine Wendung
175 862 1197 930 zum Schlimmen bringen. Es ist erfteulich, daß man am
173 899 1197 975 Bosporus eingesehen hat, wie sehr die Beachtung der
174 950 1198 1017 österreichisch=ungarischen Mahnungen im eigenm Interesse
170 995 1193 1057 der Türkei liegt, und es kann nur immer wieder der
171 1037 1194 1104 dringende Wunsch ausgesprochen werden, die Pforte
167 1081 1189 1147 möchte jetzt im entscheidenden Augenblick nicht versagen,
168 1126 1191 1193 sondern durch ganze Maßnahmen und durch ein rasches
168 1168 1191 1234 Zugreifen das Feuer ersticken, das sich zu einem Balkan⸗
167 1214 1191 1274 brand entwickeln könnte. Die Türkei weiß, was
167 1258 1190 1323 auf dem Spiele steht; sie weiß, daß die alba⸗
165 1295 1188 1366 nesische Frage, wenn sie den 15. Juli überdauern
167 1345 1190 1412 sollte, aufhören könnte, eine innertürkische Frage zu sein.
155 1383 1187 1452 Es wird uns an hiesigen unterrichteten Stellen versichert,
162 1433 1190 1498 daß die verschiedenen Meldungen von einer Balkankonferenz
163 1475 1191 1543 durchaus gegenstandslos sind, aber daß eine Internatio⸗
158 1520 1189 1587 nalisierung der albanesischen Frage droht, wenn es nicht
160 1565 1186 1632 gelingt, den Frieden in Albanien herzustellen, daran läßt
158 1609 1184 1677 sich nicht mehr zweiseln. Sie wäre wahrscheinlich bereits
157 1653 1184 1720 erfolgt, wenn Oesterreich=Ungarn nicht dafür eingetreten
159 1692 1186 1762 wäre, der Türkei die nötige Zeit zu lassen, die schwierige
150 1739 1182 1808 Frage zu lösen. Die türkische Regierung hat gezeigt, daß
155 1779 1182 1851 sie dem Freundesrat Oesterreich=Ungarns nachzukommen
149 1826 1179 1896 sich bestrebt, aber sie muß den eingeschlagenen Weg zu
157 1871 1180 1939 Ende gehen. Der innere Friede in der Türkei, der Friede
156 1913 1180 1983 aus dem Balkan ist schon ein Nachgeben den Albanesen
156 1958 1176 2028 gegenüber wert, auch wenn es, wie zugegeben werden mag,
157 2003 533 2062 nicht ganz leicht fällt.
243 2080 1106 2145 Minschkovie über seine Unterredung mit
572 2132 770 2173 Neratow.
890 2176 1143 2217 Wien, 1. Juli.
228 2217 1178 2284 Der montenegrinische Spezialgesandte Miuschko⸗
147 2259 1173 2328 vie teilte dem Petersburger Vertreter des „Rußkoje
147 2305 1172 2370 Slowo“ über den Verlauf seiner Unterredung mit dem
141 2347 1173 2419 russischen Vizeminister des Aeußern Neratow nach⸗
145 2400 1072 2464 stehende Einzelheiten mit:
139 2437 1171 2506 „Ich habe Neratow auf die Montenegro drohende Ge⸗
145 2481 1171 2552 fahr aufmerksam gemacht, die unvermeidlich ist, wenn die
142 2525 1172 2595 Mächte nicht sofort einschreiten. Nach meinen In⸗
143 2567 1168 2641 formationen sind Rußland, Oesterreich=
141 2613 1167 2683 Ungarn und Italien mit der Lage der Dinge
140 2653 1167 2723 in Albanien unzufrieden und haben die Pforte davon
136 2697 1166 2768 bereits verständigt. Wirksamer wäre es aber, wenn diese
135 2743 1164 2814 drei Mächte einen gemeinsamen Protest gegen
136 2786 1163 2857 das türkische Vorgehen in Albanien erheben wollten,
138 2831 1164 2902 sonst würden 300.000 Albanesen sich erheben und zu den
134 2874 1163 2947 Waffen greifen. Mangel an Geld ist nicht vorhanden. Die
136 2919 1164 2990 ärmsten albanesischen Familien zahlen beim Aufstands⸗
133 2963 1160 3032 komitee ihre Beiträge pünktlich ein. Außerdem fließen
132 3006 1160 3079 Gelder auch aus England und Amerika. Ich habe Herrn
131 3050 1159 3120 Neratow daro aufmerksam gemacht, daß der Ausstand
132 3094 1158 3165 organisiert ist. In habe Grund, anzunehmen, daß meine
129 3138 1159 3209 Mitteilungen die ###fmerksamkeit des Leiters der aus⸗
132 3182 1052 3253 wärtigen Politik Rußlands auf sich gelenkt haben.“
205 3260 1090 3319 Türkische Drohungen gegen Montenegro.
386 3316 897 3360 (Telegramm der „Neuen Freien Presse“.)
646 3350 1122 3399 Konstantinopel, 1. Juli.
214 3387 1155 3458 „Zia“ schreibt heute, anscheinend amtlich inspiriert:
132 3430 1156 3503 Montenegro täuscht sich, wenn es glaubt, unter dem
131 3477 1155 3546 Schutz der Großmächte ungestraft provozieren zu
131 3518 1154 3590 können. Noch einen Schritt weiter, und wir
132 3563 1151 3636 fürchten, unsere Regierung könnte trotz ihrer Abneigung,
131 3610 1152 3679 einen schwächeren Staat anzugreisen, gezwungen
123 3651 1151 3720 sein, die Ultima ratio anzuwenden, um
127 3692 1149 3766 ihr Prestige zu wahren. Der Weltsriede braucht dadurch
127 3737 1150 3812 nicht gestört zu werden, die Diplomatie würde einen
126 3785 876 3849 Konflikt zu lokalisieren wissen.
146 3868 1121 3949 Der montenegrinische Kronprinz über den
378 3926 899 3994 Aufstand in Albanien.
377 3986 898 4029 (Telegramm der „Neuen Freien Presse“.)
817 4028 1112 4071 London, 1. Juli.
200 4063 1142 4132 Der Kronprinz von Montenegro hatte
117 4105 1141 4176 vor seiner Abreise aus London ein Gespräch mit einem
117 4149 1141 4216 Vertreter der „Morning Post“. Der Kronpring sagte, er
116 4191 1139 4264 wisse nichts von einer montenegrinischen Forderung, für
115 4233 1138 4306 die Kosten, welche die albanesischen Flücht⸗
116 4279 1139 4376 linge in Montenegro verursachen, entschädigt zu
114 4326 258 4378 werden.
197 4366 1136 4437 „Es ist nicht einmal zu erwarten,“ sagte er, „daß
114 4409 1133 4482 diese 8000. armen Menschen von den Türken rasch
113 4453 1135 4526 repatrüert werden können, da ihre Wohnstätten und
112 4493 1135 4570 Felder zerstört sind. Man wird wenigstens Hütten für sie
111 4539 1130 4610 bauen und sie längere Zeit vor Hunger schützen müssen.
112 4583 1132 4654 Die Schwierigkeit der Beendigung des Aufstandes liegt
111 4625 1132 4698 darin, daß die Albanesen ihren Glauben an den ehrlichen
110 4670 1131 4738 Willen der Türken, ihre Versprechen zu halten, verloren
110 4713 1130 4784 haben. Ihre Forderung der Garantie dieser Zusagen
110 4756 1130 4829 durch eine oder alle Mächte ist nicht leicht durchsetzber, da
109 4800 1129 4867 weder die Türken davon etwas wissen wollen noch auch
108 4840 1130 4916 die Mächte bereit sind, eine solche Verantwortlichkeit
108 4893 548 4957 förmlich zu übernehmen.
182 4933 1126 4999 Montenegro wünscht im Interesse der eigenen
103 4978 1128 5040 kulturellen Entwicklung die Erhaltung des Friedens. Es
101 5017 1127 5085 rüstet nicht, denn es hält einen Krieg mit der Türkei nicht
99 5057 1126 5131 für wahrscheinlich und ist zur Verteidigung stets
104 5109 1134 5170 vollständig bereit. Das Volk allerdings ist in
1261 248 2285 312 kriegerischer Aufregung, weil es sich durch die
1258 292 2283 355 türkischen Truppenanhäufungen bedroht fühlt und die
1260 329 2285 397 befriedigenden Zusicherungen, welche die Türkei dank der
1259 378 2283 443 Intervention Rußlands gab, nicht für ausreichend er⸗
1261 422 2283 487 achtet und energischere Maßnahmen der montenegrinischen
1257 466 1620 535 Regierung verlangt.“
1491 548 2055 604 Ein Revoltierungsversuch.
1862 617 2244 660 Salonichi, 80. Juni.
1335 656 2274 725 Wie in Erfahrung gebracht wird, hat sich der alba⸗
1258 699 2274 765 nesische Arzt Bessim Bey aus Goritza mit zwölf
1257 745 2274 810 Mann, sieben christlichen Albanesen und fünf Mohamme⸗
1254 791 2273 856 danern in die Berge begeben, um die albanesische Be⸗
1255 829 2270 896 völkerung, der er die Autonomie verspricht, zu einer
1251 878 2269 940 Revolte aufzureizen. Er ist bemüht, weiteren
1252 920 2270 985 Anhang zu gewinnen, und eine Verbindung mit
1251 964 2269 1027 griechischen und bulgarischen Banden
1248 1009 2265 1072 herzustellen. Da ihm die nötigen Mittel fehlen, sind seine
1250 1054 2264 1116 Leute bestrebt, auf der Straße Goritza=Kastoria die Post
1246 1096 2263 1159 anzusallen und die Reisenden zu berauben. Die Behörden
1245 1141 2262 1205 haben Truppen zur Verfolgung Bessim Beys entsendet.
1241 1227 2268 1291 Angebliche Mission eines Adjutanten des Königs
1569 1276 1941 1328 von Montenegro.
1491 1323 2017 1364 (Telegramm der „Neuen Freien Presse“.)
1911 1358 2230 1405 London, 1. Juli.
1320 1394 2259 1456 Die „Times“ behauptet, daß General Popovic,
1236 1438 2256 1500 Flügeladjutant des Königs von Montenegro, sich
1238 1482 2256 1545 in geheimer Mission in Wien befindet und
1237 1524 2215 1588 zum Schein als Patient in einem Sanatorium wohnt.
1265 1614 2230 1692 Türkische Bestellung von Kriegsmaterial.
1488 1687 2008 1726 (Telegramm der „Neuen Freien Presse“.)
1934 1732 2265 1771 Berlin, 1. Juli.
1316 1762 2252 1822 Aus Konstantinopel wird berichtet: Die
1230 1804 2252 1866 türkische Regierung bestellte in England 100 Maxim⸗
1230 1848 2256 1918 kanonen, die schnellstens zu liefern sind, ferner bei
1230 1890 2255 1954 Schneider in Creuzot 36 Gebirgskanonen,
1229 1935 1998 1995 3 Schnellfeuerbatterien und 3500 Revolver.
1227 2013 2251 2093 Veränderungen im jungtürkischen Komitee.
1482 2088 1997 2124 (Telegramm der „Neuen Freien Presse“.)
1715 2115 2216 2166 Konstantinopel, 1. Juli.
1298 2150 2243 2220 In Komiteekreisen vollziehen sich wichtige Ver⸗
1221 2200 2243 2270 änderungen. Der ehemalige Gouverneur von Bagdad,
1220 2244 2245 2306 Nasim Pascha, ein bekannter Führer der liberalen
1221 2288 2243 2351 Agrarpartei, sowie der frühere Direktor der Marineschule,
1221 2331 2245 2393 Husni Pascha, der Marineminister im Kabinett Kiamil
1219 2373 2240 2437 war, wurden in das jungtürkische Komitee ausgenommen,
1218 2419 2242 2481 letzterer sogar zum Delegierten für den Komiteekongreß ae⸗
1217 2456 2243 2526 wählt. Die Dissidentengruppe sieht in Nasim
1217 2503 2240 2568 Pascha neben Mahmud Schefket Pascha den
1216 2549 2239 2612 kommenden Mann als Kriegsminister oder Groß⸗
1214 2594 1349 2656 vezier.
1344 2678 2115 2757 Die Verfassungskrise in England.
1949 2767 2200 2809 Wien, 1. Juli.
1294 2809 2238 2872 Der Kampf um die englische Parlamentsbill ist in
1215 2851 2237 2917 sein letztes Stadium getreten; die Entscheidung läßt sich
1214 2895 2236 2960 kaum mehr verzögern, nachdem das Oberhaus selbst durch
1212 2941 2237 3006 seine Taktik die Regierung zu dem letzten Schritt zwingen
1211 2984 2234 3048 zu wollen scheint. Die Lords haben sich bekanntlich
1211 3029 2233 3093 darauf geeinigt, die Betobill nicht etwa glatt abzulehnen,
1210 3072 2236 3136 sondern derartig zu amendieren, daß sie für die Re⸗
1209 3116 2234 3184 gierung unannehmbar wird. Die Amendements Lans⸗
1208 3159 2232 3222 downe und Cromer, die über das englische Parlament in
1209 3202 2234 3267 allen wichtigen Fragen eine Vierzehnmännerkonferenz und
1207 3246 2230 3311 außerdem als letzte Instanz das englische Volk setzen
1206 3285 2237 3355 wollen, sind für die Regierung selbstverständlich nicht
1205 3334 2229 3397 diskutabel, und wenn, was nach den bisherigen Ab⸗
1204 3377 2227 3446 stimmungen wahrscheinlich ist, die Lords an ihrer Taktik
1203 3421 2228 3489 feschalten, bleiben nur die bekannten drei Möglichkeiten:
1202 3464 2224 3531 Rücktritt der Regierung, Neuwahlen oder der Pairsschub.
1280 3510 2222 3574 Nun soll, wie heute ein Londoner Blatt meldet, das
1199 3552 2224 3618 Kabinett einstimmig beschlossen haben, dem König die
1200 3595 2222 3667 Ernennung neuer Peers vorzuschlagen, wenn das Ober⸗
1198 3638 2220 3706 haus seine Abänderungsanträge nicht fallen läßt. Um
1198 3682 2222 3749 im Oberhaus eine liberale Mehrheit, wie sie zur Annahme
1194 3725 2217 3791 der Vetobill nötig ist, zu schaffen, müßten 500 neue Peers
1195 3769 2218 3834 kreiert werden. Man ist aber, wie unser Londoner Korre⸗
1194 3812 2217 3881 spondent gestern meldete, der Meinung, daß die Zahl der
1195 3855 2219 3924 Ernennungen dann viel geringer normiert werden
1194 3899 2217 3964 könnte, wenn man nur die jetzigen Frequenzziffern des
1192 3943 2214 4012 Oberhauses in Betracht zu ziehen brauchte. Wenn die
1193 3987 2214 4053 Lords, die ihren prinzipiellen Widerstand gegen die Veto⸗
1191 4030 2215 4096 bill nicht aufzugeben brauchen, zu den Abstimmungen
1188 4072 2212 4141 nicht in größerer Zahl als bisher erscheinen, genügen 120
1188 4117 2211 4181 bis 150 neue liberale Peers, um die Vetobill durchzu⸗
1189 4160 2213 4229 bringen. Für die Lords liege der Vorteil darin, daß die
1185 4204 2210 4270 Ernennung von 150 liberalen Peers die konservative
1184 4247 2207 4315 Mehrheit des Oberhauses nicht aufheben würde, und es
1184 4290 2207 4363 wäre taktisch geschickt, wenn sie unter Berücksichtigung
1184 4335 2208 4405 dieses Umstandes durch eine geringere Beteiligung an den
1183 4379 2204 4446 Abstimmungen reiten wollten, was für sie zu retten ist.
1184 4421 2204 4488 Diese Taktik setzte allerdings ein stillschweigendes Ueber⸗
1182 4468 1863 4526 einkommen mit der Regierung voraus.
1261 4512 2199 4576 Das sind jedoch Kombinationen, die sehr naheliegen,
1178 4554 2198 4627 aber nicht unbedingt richtig sein müssen. Man kann sich
1180 4598 2199 4665 auch den anderen Fall denken, daß die Lords die Ueber⸗
1180 4643 2200 4711 zeugung haben, König Georg werde dem Anfuchen der
1178 4686 2198 4753 Regierung um den Pairsschub nicht entsprechen. Das wäre
1177 4730 2197 4796 natürlich der Sturz des liberalen Kabinetts und die Not⸗
1175 4774 2194 4841 wendigkeit der Auflösung des Unterhauses. Wahrscheinlich
1175 4818 2192 4886 ist das freilich nicht, denn man kann kaum annehmen,
1175 4862 2196 4929 daß König Georg dem Verfassungskampf solange zuge⸗
1175 4904 2194 4974 sehen hat, um im letzten Augenblick die Regierung fallen
1174 4952 2194 5017 zu lassen. Jedenfalls ist die Situation augenblicklich außer⸗
1174 4995 2191 5060 ordentlich kritisch; die Entscheidung, nach welcher Rich⸗
1172 5039 2190 5107 tung sie fallen mag, läßt sich nicht mehr hinauszögern.
2466 272 3208 329 Der Vorschlag eines Pairsschubs.
3023 334 3319 372 London, 1. Juli.
2414 365 3348 426 Den „Daily News“ zufolge hat das Kabinett,
2328 406 3346 469 wie in ministeriellen Kreisen gerüchtweise verlautet, ein⸗
2326 450 3347 512 stimmig beschlossen, dem Könige demnächst den Rat zu
2327 494 3345 555 erteilen, seine Prärogative auszuüben und neue Peers
2309 538 3346 599 zu ernennen, wenn das Oberhaus seine Abänderungs⸗
2325 579 3116 639 anträge zur Vetobill nicht fallen lassen sollte.
2368 667 3302 745 Frauenstimmrechtskongreß in Stockholm.
2510 736 3166 779 (Origrnal-Korresponbenz der „Neuen Freten Presse“.)
2942 788 3310 829 Stockholm, im Juni.
2402 821 3340 884 Vom 12. bis 17. Juni hat in Stockholm der Frauen⸗
2324 864 3341 927 stimmrechtskongreß, an dem sich 1200 Personen beteiligt
2323 910 2564 957 hatten, getagt.
2401 954 3366 1016 Das Grand Hotel, in dem die Verhandlungen statt⸗
2323 996 3339 1060 fanden, liegt an dem von kleinen und großen Dampfern
2321 1040 3340 1103 belebten Hafen, dem königlichen Schloß und dem Reichs⸗
2318 1084 3336 1147 tagsgebäude gegenüber. Der große Saal war reich deko⸗
2318 1127 3334 1191 riert in den schwedischen Farben, blau und gelb; Frauen
2319 1172 3336 1234 aus allen Ländern vereinigten sich da und man hörte alle
2317 1216 3338 1279 Sprachen durcheinanderschwirren. Viele der Führerinnen
2316 1259 3333 1322 der Bewegung sind allgemein bekannt, so die Vorsitzende,
2313 1302 3333 1365 Mrs. Chapman Catt, die schon in Wien für das Frauen⸗
2314 1346 3335 1408 stimmrecht gesprochen hat, Reverend Anna Shaw, die
2312 1390 3334 1453 amerikanische Predigerin, die in der Gustav Wasa=Kirche
2311 1434 3332 1497 gepredigt hat. Schwedische Blätter schreiben: „Noch nie
2311 1477 3333 1540 war die Kirche so voll.“ Die reizende Mrs. Snowdon, die
2304 1522 3332 1584 Gattin des bekannten englischen Sozialistenführers,
2307 1566 3330 1627 Phillip Snowdon, die eine hinreißende Beredsamkeit ent⸗
2305 1608 3331 1672 wickelt. Dr. jur. Anita Augsburg und Marie Stritt, die
2308 1653 3331 1715 Deutschland in hervorragender Weise vertreten, weibliche
2306 1696 3330 1759 Parlamentsmitglieder aus Finnland und die offizielle
2306 1741 3328 1803 Delegierte aus Norwegen, Frau Quam. Viele große
2306 1784 3327 1848 Blätter aus England, Frankreich und Deutschland haben
2304 1828 2802 1881 Korrespondentinnen gesendet.
2378 1872 3328 1933 Mrs. Chapman=Catt eröffnete den Kongreß
2302 1915 3328 1976 mit einem Rückblick auf die Anfänge der „Internationalen
2300 1952 3327 2021 Stimmrechtsvereinigung“, die in Washington mit acht
2299 2002 3326 2064 Vereinen begonnen hat, heute sind es 24 Länder, ver⸗
2297 2045 3325 2108 treten durch zirka 250 Delegierte und 6 Männerliguen
2297 2090 3322 2152 aus Newyork, London, Holland, Schweden und Ungarn,
2296 2132 3323 2195 die sich zu diesem Kongreß vereinigt haben, um einen
2296 2176 3323 2239 Ueberblick zu gewinnen über die Arbeit der letzten zwei
2295 2215 3320 2282 Jahre und um über neue Methoden zu beraten, um das
2294 2263 3322 2327 gemeinsame Ziel, das politische Bürgerrecht
2292 2301 3322 2370 der Frau, zu erreichen. Wenn man auch einwende, daß
2291 2350 3318 2413 nicht alle Frauen das Stimmrecht wollen, so sei es doch
2291 2394 3318 2457 sicher, daß sie es alle brauchen zur Vertretung ihrer
2291 2438 3317 2500 Interessen. Und auf die Frage, was die Frauen damit
2289 2483 3317 2546 anfangen würden, gebe die Arbeit der Frauen in den
2287 2527 3319 2589 Ländern, wo sie es schon besitzen, in Amerika (5 Staaten),
2287 2568 3315 2632 Australien, Finnland und Norwegen, die richtige Ant⸗
2286 2613 3314 2678 wort. Ueberall setzen sie sich für soziale Maßregeln, für
2285 2655 3311 2719 den Schutz der Frauen und Kinder ein. Sie schloß damit,
2284 2698 3311 2762 sie sei der festen Ueberzeugung, daß das goldene Zeitalter
2284 2742 3309 2805 der Menschheit nicht hinter uns, sondern vor uns
2282 2785 3310 2850 liege, wenn Mann und Frau gemeinsam zum Wöhle der
2282 2823 2770 2880 Gesamtheit arbeiten werden.
2362 2873 3308 2938 Bei dem offiziellen Diner des Kongresses sprach als
2282 2916 3307 2983 erster der Bischof Scheele von Wisby für das Frauen⸗
2278 2959 3306 3025 stimmrecht, und Schwedens größte Dichterin Selma
2280 3005 3304 3070 Lagerlöf hielt einen Vortrag in der Oper; sie las
2280 3049 3304 3115 einen Essay, den sie eigens zu diesem Zwecke verfaßt
2277 3092 3304 3157 hatte, mit vor Erregung bebender Stimme, und ihre
2277 3130 3160 3197 Ergriffenheit teilte sich dem ganzen Publikum mit.
2354 3178 3301 3248 Eine Rundfahrt führte die Delegierten in einer end⸗
2276 3223 3318 3289 losen Wagenreihe durch die schönsten Straßen Stockholms,
2274 3266 3300 3333 jeder Wagen mit Fahnen geschmückt, auf denen zu lesen
2273 3309 3299 3376 war: „Das Stimmrecht für die Frau !“ Das Publikum
2272 3353 3310 3422 bildete Spalier, jubelte den Frauen zu und grüßte durch
2272 3398 2704 3451 Schwenken von Tüchern.
2297 3444 3296 3507 Von der Großartigkeit der schwedischen Gastfreund⸗
2270 3484 3296 3552 schaft kann man sich keine Vorstellung machen, wenn man
2270 3530 3295 3596 sie nicht miterlebt hat; alle Kongreßteilnehmer werden sich
2269 3574 3293 3637 ihrer stets freudig und dankbar erinnern. Die Gemeinde
2267 3617 3292 3680 Stöckholm gab jedem Delegierten ein reizendes kleines
2266 3661 3291 3723 Buch über Stockholm und spendete 3000 Kronen für den
2266 3705 3290 3774 Kongreß sowie die Fahnen, die von dem Grand Hotel
2267 3748 3290 3813 herab die Abhaltung des Kongresses verkündigten. Wir
2263 3793 3289 3858 bekamen die berühmte Galerie Thiel zu sehen, die Meister⸗
2264 3838 3287 3900 werke von Larson, Lilienfors und Zorn ertthält, und eine
2264 3881 3285 3945 Anzahl von schwedischen Künstlerinnen hatte eine kleine,
2262 3924 3287 3990 aber ausgesuchte Ausstellung ihrer Werke veranstaltet;
2261 3969 3285 4034 ein Ausflug führte uns nach Upsala, der alten Universi⸗
2259 4013 3283 4075 tätsstadt, dem Gehirn Schwedens; in der Bibliothek
2258 4055 3283 4121 wird der Codex argenteus, die erste Bibelübersetzung
2257 4099 3281 4164 von Bischof Ulfilas aus dem vierten Jahrhundert nach
2257 4143 3283 4208 Christi, ausbewahrt. Unvergeßlich wird wohl jedem
2256 4186 3281 4251 Kongreßmitglied der Aufenthalt auf Wisby bleiben, der
2257 4231 3280 4295 ehemaligen Hansastadt, deren großartige Ruinen von
2253 4275 3278 4339 Kirchen und Stadtmauern, die von Efeu überwuchert sind,
2255 4319 3277 4382 als schöne, ernste Zeugen einer großen, aber düsteren
2252 4364 3277 4434 Vergangenheit hereinragen; dahin wurden die Delegierten
2251 4407 3275 4471 von der Bildhauerin Frau Bruce auf ihren entzückenden
2251 4451 3276 4515 Landsitz am Meeresstrand eingeladen. Der Kongreß ist
2250 4496 3272 4560 vorüber, aber für alle, die ihn mitgemacht haben, wird es
2251 4539 3272 4602 ein unverlierbarer Gewinn bleiben, in Fühlung getreten
2248 4583 3272 4646 zu sein, mit so viel bedeutenden Frauen und so viele
2249 4627 3269 4692 große und schöne Eindrücke mit nach Hause genommen
2246 4672 2425 4745 zu haben.
2897 4673 3238 4731 Daisy Minor.
2338 4751 3192 4827 Ein Kinderspielplatz bei Schönbrunn.
2981 4831 3234 4873 Wien, 1. Juli.
2318 4871 3273 4932 Das Hofärar hat mit Genehmigung des Kaisers der
2245 4911 3271 4970 Schulbehörde einen größeren Platz vor dem Schönbrunner
2244 4951 3272 5010 Schlosse eingerdumt, der als Spielplatz für die Kinder der
2242 4989 3271 5047 westlichen Bezirke verwendet werden soll. Es handelt sich um
2243 5027 3267 5086 die große Rasenfläche zwischen der Schönbrunner Brücke und
2242 5064 3285 5127 dem Exerzierplatz. Die Fläche ist bereits eingezäunt und wird
2241 5106 3287 5168 schon in den nächsten Tagen ihrer neuen Bestimmung über⸗
2241 5145 2469 5188 geben werden.
