3488 5348
148 222 336 257 Nr. 11085
916 214 1188 269 Wien, Samstag
1442 237 2009 276 Neue Freie Presse.
3117 252 3244 287 Seite 9
105 299 1134 353 folgerung ist jedenfalls richtig, nicht das Gleiche läßt
103 344 1133 395 sich aber von der aufgestellten Voraussetzung derselben
103 385 1133 439 sagen. Wie wir schon darzuthun Gelegenheit hatten,
101 425 1132 480 wurde das Betriebsreglement mit Ermächtigung der gesetz¬
101 471 1130 524 gebenden Körper vom Ministerium mit Gesetzeskraft erlassen,
100 514 1131 568 zu dem Zwecke, um die Rechtsverhältnisse im Eisenbahn=
100 556 1131 610 Frachtverkehre zu regeln. (In der neuesten Zeit kann es nicht
99 597 1131 654 mehr auffallen, daß Gesetze zufolge Ermächtigung der gesetz¬
98 643 1129 696 gebenden Factoren vom Ministerium im Verordnungswege
100 686 1129 741 erlassen werden, das kommt jetzt wiederholt vor. Wir ver¬
98 729 1128 782 weisen unter Anderm darauf, daß durch ein Gesetz der
97 771 1128 826 Justizminister ermächtigt wurde, die Competenz der in den
97 815 1126 868 ehemaligen Wiener Vororten befindlichen Bezirksgerichte
96 858 1127 912 gesetzlich zu regeln, und zwar ohne Rücksicht auf die beste¬
95 898 1126 954 hende Gerichtsverfassung.) Nirgends findet sich eine Andeu¬
96 944 1125 999 tung, daß diesem Gesetze (dem Betriebsreglement) eine
95 987 1123 1039 andere Eigenschaft als jedem andern innewohne. Daß in den
95 1030 1123 1084 Frachtbrief=Formularen der Vermerk von der Unterwerfung
93 1073 1123 1125 unter das Betriebsreglement enthalten ist, ist ein ganz neben¬
92 1115 1122 1170 sächlicher Umstand. Denn dieser Vermerk ist nicht einmal
93 1159 1121 1213 nothwendig, wie aus §. 51 des Betriebsreglements hervor¬
91 1201 1119 1256 geht, der die Bestandtheile des Frachtbriefes aufzählt. Auch
91 1245 1120 1299 muß darauf verwiesen werden, daß Reisegepäck immer ohne
90 1287 1120 1341 Frachtbrief und lebende Thiere gemäß §. 45 des Betriebs¬
89 1329 1119 1385 reglements entweder ohne Frachtbrief, mit Beförderungs¬
90 1374 1118 1427 scheinen, oder auf Grund des Frachtbriefes befördert werden,
89 1415 1118 1470 und dennoch gelten die Bestimmungen des Betriebsregle¬
89 1458 1118 1515 ments auch für diese Frachtverträge. Wenn das Betriebs¬
87 1502 1118 1557 reglement lediglich auf Grund des Vertragswillens der
86 1544 1117 1600 Parteien gelten würde, so müßte es den Parteien auch frei¬
86 1587 1117 1642 stehen, vom Betriebsreglement abweichende Bestimmungen zu
84 1631 1116 1687 treffen, was unbedingt unzulässig ist. Das derzeitige Betriebs¬
83 1674 1115 1730 reglement stellt sich als ein die Bahnen und die Parteien
85 1717 1113 1772 gleichmäßig bindendes Gesetz dar, von dem sie bei Fracht¬
84 1760 1114 1815 verträgen nicht abgehen dürfen, weder zu dem Ende, um
86 1803 1114 1858 einander günstigere, noch um sich gegenseitig ungünstigere
82 1842 1113 1901 Bedingungen zu stellen. Zufolge §. 2 des Gesetzes vom
83 1889 1113 1938 27. October 1892 Nr. 187 R. G. B. können im Betriebs¬
81 1932 1112 1989 reglement sogar Vorschriften vorkommen, welche vom Handels¬
82 1976 1112 2031 gesetzbuche abweichen, somit dasselbe derogiren, was schon für
81 2019 1111 2074 sich ein Beweis ist, daß das derzeitige Betriebsreglement
81 2062 1111 2117 nicht blos ein vom Ministerium festgestelltes Schema für
80 2105 1110 2160 Frachtverträge ist, sondern ein Gesetz; denn nur ein solches
79 2149 1110 2204 kann ein anderes Gesetz, hier das Handelsgesetzbuch, außer
79 2191 1109 2247 Kraft setzen. Da somit die Voraussetzung, daß das Betriebs¬
79 2235 1108 2290 reglement nur in Folge des Vertragswillens der Parteien
79 2277 1107 2332 Geltung habe, unrichtig ist, stellt sich auch die daraus
79 2322 818 2372 gezogene Schlußfolgerung als hinfällig dar.
162 2373 1107 2427 So unzufrieden auch das Publicum mit dem so oft
75 2416 1106 2471 erwähnten §. 61 des Betriebsreglements ist, so muß in
74 2459 1105 2514 dieser Bestimmung dennoch eine zu Gunsten des Publicums
74 2502 1104 2556 von der Regierung getroffene Verfügung erblickt werden.
74 2545 1103 2600 Denn Artikel 408 des Handelsgesetzes ist noch viel härter.
73 2589 1104 2643 Nach demselben geht jeder Anspruch gegen den Frachtführer,
74 2631 1103 2685 mit Ausnahme des Anspruches wegen Verlustes oder
69 2674 1103 2729 Beschädigungen, wenn sie bei der Ablieferung äußerlich nicht
72 2717 1102 2771 erkennbar waren und ohne Verzug nach der Entdeckung fest¬
70 2761 1101 2816 gestellt wurden, durch die Annahme des Frachtgutes und
71 2803 1100 2858 Bezahlung der Fracht verloren. Diese Bestimmung des
70 2846 1100 2903 Handelsgesetzbuches ist auch in das Betriebsreglement, und
70 2888 1099 2946 zwar im §. 90, aufgenommen worden; es werden aber im
69 2933 1097 2987 Betriebsreglement einige Ausnahmen von diesem drakonischen
69 2974 1097 3030 Rechtssatze aufgestellt, zu welchen eben auch §. 61 gehört.
69 3019 1097 3074 Es heißt dem Empfänger eines Frachtgutes eine große
67 3062 1097 3115 Gewandtheit und eine genaue Kenntniß der Tarife und bei
67 3105 1094 3158 der Sachlage sonach geradezu etwas Unmögliches zumuthen,
65 3148 1094 3199 wenn man von ihm verlangt, daß er bei der Uebernahme
66 3192 1094 3244 eines Frachtbriefes trotz der so überaus complicirten Um¬
65 3233 1093 3288 stände sofort herausfinde, inwiefern die Bahn ihren Ver¬
63 3270 1093 3330 pflichtungen nicht nachgekommen ist. So stellt es sich oft
63 3322 1090 3373 noch als eine Begünstigung heraus, wenn der so vielfach
63 3362 1092 3416 und heftig bekämpfte §. 61 des Betriebsreglements heran¬
61 3406 1089 3460 gezogen werden kann und der Partei für die Geltendmachung
62 3450 1089 3503 ihres Anspruches die einjährige Verjährungsfrist zugute kommt.
61 3492 1090 3547 So z. B. wurde beim Bagatellgericht in Handelssachen in Wien
58 3536 1090 3589 gegen eine Bahn eine Klage auf Rückstellung eines Theiles
59 3579 1090 3632 der Frachtgebühr eingebracht auf Grund folgenden Sach¬
60 3622 1090 3675 verhaltes: In Laibach wurden an eine Wiener Firma 269
57 3664 1089 3719 Sack Knoppern im Gewichte von 10,275 Kilogramm auf¬
59 3708 1089 3762 gegeben und von der Bahn selbst verladen, und zwar wurde
59 3751 1088 3804 ein Waggon gefüllt, der Rest der Knoppern aber mit
58 3794 1088 3848 anderen Gütern zusammen in einem zweiten Waggon ver¬
57 3838 1086 3889 laden. Demgemäß wurde auch die Frachtgebühr berechnet.
56 3880 1087 3934 Der Kläger berief sich nun darauf, daß die Bahn die ganze
54 3923 1086 3977 Ladung auf einem Waggon hätte verladen können und er
54 3966 1084 4019 in diesem Falle nach dem Wagenladungs=Tarif eine um
54 4010 1083 4063 34 fl. billigere Frachtgebühr hätte zu bezahlen gehabt, welchen
53 4052 1084 4106 Betrag er gegen die Bahn einklagte. Die Bahn bot ihrer¬
53 4096 1083 4150 seits den Sachverständigen=Beweis darüber an, daß sie ganz
54 4139 1083 4192 ordnungsmäßig verladen habe. Das Gericht wies das Klage¬
52 4182 1083 4235 begehren mit folgender Motivirung ab: Der Kläger be¬
50 4224 1081 4278 schwert sich nur darüber, daß die Bahn das Frachtgut an¬
49 4268 1081 4321 geblich nicht ordnungsmäßig und zweckentsprechend verladen
50 4310 1078 4364 habe, er gibt aber selbst zu, daß auf Grund der thatsächlich
46 4354 1079 4407 vorgenommenen Verladung die Fracht ordnungsmäßig und
47 4397 1078 4451 für ihn unter diesen Verhältnissen am günstigsten berechnet
46 4440 1078 4494 sei. Es handelt sich also im vorliegenden Falle weder um
46 4483 1077 4536 eine irrthümliche Anwendung der Tarife, noch um einen
43 4526 1077 4580 Rechnungsfehler, noch um eine der im §. 90, Z. 2, des
44 4568 1075 4622 Betriebsreglements angeführten Ausnahmen, sondern um
43 4611 1076 4665 einen sonstigen Anspruch gegen die Bahn, welcher nach §. 90,
44 4655 1075 4709 Z. 1, des Betriebsreglements mit der Annahme des Fracht¬
43 4697 812 4750 gutes und der Bezahlung der Fracht erlischt.
128 4749 1073 4801 In einem andern Falle hat der Kläger die Rück¬
42 4791 1073 4846 stellung eines Theiles der Fracht aus dem Grunde begehrt,
44 4834 1072 4888 weil die Route, welche die Fracht zufolge Direction der Bahn
43 4878 1073 4934 zurückgelegt hatte, theurer war, als eine andere: Ein Ver¬
42 4921 1071 4976 schulden oder gar ein grobes Verschulden der Bahn lag in
42 4963 1072 5017 diesem Falle nicht vor, auch hatte der Aufgeher die Route
44 5008 1072 5061 nicht vorgeschrieben. Auch dieser Anspruch wurde, abgesehen
42 5050 1071 5104 davon, daß die Bahn gemäß §. 51, lit. 1), Absatz 2, des Be¬
41 5094 1071 5146 triebsreglements in dem vorliegenden Falle für die Folgen
43 5136 1070 5190 der Wahl der Route nicht haftet, durch die Bestimmung des
38 5180 1068 5235 §. 90, Z. 1, des Betriebsreglements als präjudicirt erkannt.
1264 310 2209 361 In einem weiteren Falle wurde von der Bahn die
1179 352 2207 405 Frachtgebühr nach dem Stückguttarife berechnet, während der
1178 396 2206 447 Kläger behauptet, es hätte der Waggon=Ladetarif zur An¬
1178 438 2204 491 wendung kommen müssen, weßhalb die Bahn verpflichtet sei,
1176 482 2205 534 die Mehrgebühr herauszuzahlen. Die Eisenbahn vertrat, ab¬
1176 524 2204 576 gesehen von anderen Einwendungen, die sic erhob, auch die
1174 567 2204 619 Ansicht, daß in dem vorliegenden Falle die Verjährungsfrist
1175 611 2203 662 des §. 61 des Betriebsreglements nicht Anwendung finden
1173 653 2203 706 könne, weil dieselbe nach dem ausdrücklichen Wort¬
1174 695 2203 748 laute des Gesetzes nur dann gelte, wenn der Tarif
1172 739 2202 791 unrichtig angewendet werde oder ein Rechnungsfehler
1172 782 2202 835 unterlaufen sei. Im vorliegenden Falle aber sei der Tarif
1171 826 2200 877 richtig angewendet worden, wenn auch nach der Behauptung
1171 868 2199 920 des Klägers ein unrichtiger Tarif angewendet worden sei.
1169 912 2199 962 Vom Gerichte aber wurde erkannt, daß diese Ansicht der ge¬
1167 954 2200 1006 klagten Eisenbahn dem Gesetze nicht entspreche, weil der
1167 997 2198 1049 §. 61 des Betriebsreglements sich auf jede unrichtige An¬
1168 1040 2199 1092 wendung der Tarife beziehe, sei es nun, daß ein richtiger
1167 1083 2197 1135 Tarif unrichtig oder daß der unrichtige Tarif richtig an¬
1166 1127 1517 1171 gewendet worden sei.
1251 1169 2196 1221 In einem vierten Falle handelte es sich um ein Ver¬
1164 1213 2195 1264 säumniß der Bahn. In einer Station Böhmens wurde eine
1163 1255 2194 1307 Waggonladung nach Erfurt aufgegeben, und da dem Bahn¬
1163 1298 2194 1350 beamten schien, daß das Frachtgut nicht hinreichende Sicher¬
1164 1342 2193 1395 heit biete und er auch die Höhe der Frachtgebühr nicht be¬
1161 1385 2193 1437 stimmen konnte, verlangte derselbe gemäß §. 61, Absatz 2
1163 1428 2190 1480 und 3, des Betriebsreglements die Sicherstellung der Fracht¬
1162 1471 2190 1523 gebühr im Betrage von 150 fl. Das Frachtgut wurde auch
1161 1514 2190 1567 in Erfurt abgeliefert, der dortige Bahnbeamte übersah je¬
1161 1554 2190 1609 doch, die inzwischen berechnete Fracht, die gegen 200 fl. be¬
1160 1600 2190 1652 trug, vom Empfänger einzuheben. Erst nach Verlauf von
1161 1643 2185 1695 mehr als einem Jahr wurde dieses Uebersehen entdeckt und
1159 1686 2188 1739 nun die Forderung gegen den Absender auf Nachzahlung
1160 1730 2185 1782 des den Betrag von 150 fl. übersteigenden nicht gedeckten
1157 1773 2187 1825 Theiles der Gebühren erhoben. Es fragt sich nun, ob der
1159 1816 2186 1868 Absender verpflichtet sei, die Nachzahlung zu leisten oder ob
1158 1859 2187 1911 diese Forderung der Bahn nach §. 61 des Betriebsreglements
1158 1902 2186 1954 verjährt sei. Wir wollen die hier nicht in Betracht kommende
1156 1945 2183 1997 Frage, ob der Absender mit Rücksicht darauf, daß die
1156 1988 2185 2041 Bahn durch ihr Verschulden die angewiesene Frachtgebühr
1155 2032 2185 2084 von dem Empfänger nicht eingehoben hat, zur Zahlung ver¬
1155 2073 2181 2127 pflichtet sei, unerörlert lassen und nur erwägen, ob die Ver¬
1155 2119 2182 2170 jährungsbestimmung des §. 61 des Betriebsreglements auf
1153 2162 2182 2216 diesen Fall Anwendung finde. Hier muß angenommen wer¬
1155 2204 2180 2257 den, daß die Verjährung nicht eingetreten sei. Nach dem
1152 2247 2180 2299 Wortlaute des §. 61, Absatz 4, des Betriebsreglements kann
1153 2291 2180 2343 die Bahn das zu wenig von der Partei Eingehobene nur
1153 2334 2179 2386 binnen einem Jahre vom Tage der Zahlung an geltend
1152 2377 2178 2429 machen. In dem vorliegenden Falle verwandelt sich die
1150 2420 2177 2473 Hinterlegung erst durch Abrechnung in Zahlung, somit ist
1150 2463 2177 2516 hier wegen Mangels einer Abrechnung eine Zahlung überhaupt
1149 2507 2177 2558 nicht geleistet und eine Gebühr nicht eingehoben worden,
1148 2549 2035 2603 weßhalb die Verjährung auch nicht beginnen konnte.
1236 2594 2175 2646 Es ist nicht gut möglich, zu präcisiren, wann der
1147 2636 2175 2689 Bahn ein Recht auf Nachzahlung des zu wenig geforderten
1146 2679 2173 2732 Betrages oder der Partei ein Anspruch auf Zurückerstattung
1147 2723 2172 2775 des zu viel Bezahlten zusteht, und wann somit §. 61 des
1145 2765 2171 2817 Betriebsreglements Anwendung findet, oder wann ein
1146 2808 2171 2861 Präjudizfall oder ein im Betriebsreglement nicht vorge¬
1145 2851 2169 2905 sehenes Rechtsverhältniß vorliegt. Darüber kann nur in
1143 2894 2170 2947 jedem einzelnen Falle nach der Sachlage entschieden werden.
1143 2937 2169 2990 So viel läßt sich aber sagen, daß §. 61 des Betriebs¬
1141 2981 2169 3033 reglements überall dort statt hat, wo bei der Berechnung
1143 3024 2168 3076 der Fracht ein Irrthum unterlaufen ist, gleichgiltig, ob
1141 3067 2169 3119 dieser Irrthum durch einen Rechenfehler, durch falsche An¬
1141 3111 2167 3167 wendung des richtigen Tarifes oder durch Anwendung eines
1139 3154 2168 3206 unrichtigen Tarifes, durch unrichtige Classificirung oder auf
1139 3196 2165 3248 andere Weise entstanden ist. Wie wir schon oben angedeutet
1138 3240 2167 3291 haben, sind aber auch die nach dem Betriebsreglement
1138 3283 2165 3335 möglichen Präjudize von der allergrößten Wichtigkeit, weß¬
1137 3326 2164 3378 halb eine Erörterung derselben im Interesse des Publicums
1137 3369 2120 3423 angezeigt erscheint. Dr. Georg Neumann.
1502 3457 1803 3511 Wien, 5. Juli.
1212 3511 2161 3568 [Die Einlösung der Staatsnoten.] Der heutige
1134 3551 2159 3601 Ausweis der Staatsschulden=Commission gibt Aufschluß über die
1134 3589 2161 3639 Fortschritte, welche die Einziehung der Staatsnoten im abge¬
1125 3628 2161 3679 laufenen Monate gemacht hat. Von den Einsernoten, welche zu
1136 3667 2159 3718 Ende Mai noch im Betrage von 3•49 Millionen Gulden circu¬
1131 3705 2160 3756 lirten, wurden neuerlich mehr als eine halbe Million in den
1133 3744 2158 3796 Staatskassen zurückgehalten und vernichtet. Der Umlauf stellt
1132 3783 2157 3834 sich jetzt auf 2•96 Millionen Gulden. Man kann ruhig an¬
1131 3821 2157 3872 nehmen, daß von diesem Reste nur der kleinste Theil zur Ein¬
1130 3860 2156 3912 lösung präsentirt werden wird, so daß die Einziehung der Einser
1129 3899 2157 3950 in den elf Monaten, welche seit der Aufrufung dieser Noten ver¬
1133 3937 2155 3989 strichen sind, thatsächlich beendet ist. Zum Zwecke der Einlösung
1129 3976 2155 4028 der Einser haben die Regierungen der Oesterreichisch=Ungarischen
1129 4016 2154 4066 Bank 33•2 Millionen Silbergulden entnommen; es wurden dem¬
1126 4054 2153 4104 nach, da die Gesammtsumme der zur Einlösung gebrachten Noten
1127 4093 2154 4144 dieser Kategorie 54•9 Millionen Gulden beträgt, nahezu
1126 4131 2153 4181 22 Millionen Einser durch Silberkronen im Verkehre ersetzt. Der
1125 4163 2152 4221 Umlauf der Fünfer stellt sich gegenwärtig auf 120•2 Millionen
1126 4206 2150 4260 Gulden und zeigt seit dem vorigen Monate einen Rückgang um
1125 4247 2150 4297 2•4 Millionen Gulden, welcher jedoch ausschließlich aus der Neu=
1125 4279 2151 4337 Ausgabe von Salinenscheinen herrührt. Dagegen hat sich der
1124 4324 2149 4376 Umlauf der Fünfzigernoten durch thatsächliche Einlösung neuerlich
1122 4363 2151 4413 um 7•8 Millionen Gulden vermindert. Im Ganzen haben die Regie¬
1122 4402 2149 4454 rungen bisher 105 Millionen Gulden Staatsnoten durch Silbergeld
1121 4440 2141 4492 und Banknoten eingelöst. Der Gesammtbetrag der nach dem letzten
1121 4479 2149 4531 Valuta=Gesetz zur Einziehung bestimmten Noten stellt sich auf 200
1122 4517 2147 4568 Millionen Gulden; die Einlösung dürfte spätestens in einem
1121 4558 1411 4600 Jahre beendet sein.
1199 4595 2147 4655 [Oesterreichische Goldrente.] In Berlin war
1119 4642 2148 4692 heute das Gerücht verbreitet, die Disconto=Gesellschaft hätte die
1119 4681 2145 4732 jüngst von der Rothschild=Gruppe übernommenen 25 Millionen
1118 4719 2147 4770 Gulden österreichischer Goldrente vollständig ausverkauft. Es
1118 4758 2145 4808 dürfte sich hier um eine Verwechslung handeln. Wol sind die
1118 4797 2144 4848 ersten 25 Millionen, welche die Gruppe im Februar fix über¬
1117 4835 2143 4886 nommen hat, als vollständig placirt zu betrachten. Was jedoch
1117 4875 2144 4930 die zweiten 25 Millionen betrifft, so lag es von vornherein nicht
1115 4913 2144 4964 in der Absicht der Gruppe, den Verkauf zu forciren. Man hat
1116 4952 2143 5003 vielmehr, um eine sichere Placirung herbeizuführen, Werth darauf
1115 4986 2141 5043 gelegt, den Absatz langsam zu vollziehen, und deßhalb soll der Ver¬
1115 5030 2141 5081 kauf der zweiten 25 Millionen nur allmälig bewerkstelligt werden.
1194 5076 2141 5128 [Die russisch=chinesische Anleihe.) Die Nach¬
1115 5115 2140 5166 richten über die Anleihe=Verhandlungen mit China haben in den
1114 5152 2140 5212 letzten Tagen fortwährend gewechselt und so widerspruchsvoll ge¬
1113 5193 2140 5245 lautet, daß es schwer ist, sich ein zutreffendes Urtheil zu bilden.
2267 242 2498 280 6. Juli 1895
2250 319 3280 372 Nach den neuesten Meldungen wäre es den Bemühungen dir rus¬
2250 358 3280 409 sischen Regierung doch gelungen, ein Separat=Abkommen mit
2249 397 3281 447 China zu Stande zu bringen, wonach die projectirte Anleihe von
2249 435 3278 487 400 Millionen Francs von der französisch=russischen Bankengruppe
2248 474 3278 524 übernommen wird, ohne daß Rußland eine Garantie übernimmt.
2248 512 3278 564 Die Anleihe wäre dadurch der politischen Umhülle entkleidet und
2248 551 3279 601 würde, wie man meint. England und Deutschland keinen weiteren
2245 590 3278 641 Anlaß zu irgend welchen Bedenken geben. Natürlich wäre auch
2247 628 3277 679 der Charakter der Anleihe wesentlich geändert. Dieselbe würde
2245 667 3278 718 ausschließlich auf dem Credit und den Sicherheiten Chinas be¬
2245 706 3279 758 ruhen. Es fragt sich nun, ob die Bankengruppe das Geschäft
2245 744 3277 795 unter denselben Bedingungen abschließt wie früher, als es sich um
2245 783 3276 835 eine von Rußland garantirte Anleihe handelte. Die kleinen chine¬
2244 822 3277 874 sischen Anleihen, welche in London und Berlin abgeschlossen wur¬
2243 861 3277 914 den und je eine Million Pfund betragen, beruhen auf einem Zins¬
2244 899 3273 953 fuße von sechs Percent, während für die von Rußland garantirte
2242 938 3276 989 Anleihe vierpercentige Titres in Aussicht genommen waren. Man
2242 976 3275 1029 muß also die Bestimmungen abwarten, welche für die modificirte
2240 1015 3273 1069 russisch=chinesische Anleihe festgesetzt wurden. Die wichtigste Unter¬
2240 1054 3274 1108 lage dieser Anleihe können nur die chinesischen Seezölle liefern.
2240 1092 3273 1145 Aus einem Berichte, der uns zur Verfügung gestellt wird, ent¬
2237 1132 3273 1185 nehmen wir, daß der Director des chinesischen Zolldienstes, Sir
2240 1170 3273 1225 Robert Hart, der Regierung von Peking schon vor einiger Zeit
2238 1209 3273 1262 den Vorschlag unterbreitete, die Zolleingänge in den chinesischen
2238 1247 3271 1301 Vertragshäfen zu erhöhen. Bisher wurden die Zölle nur von
2238 1286 3272 1342 Schiffen eingehoben, die unter einer europäischen Flagge segeln;
2237 1322 3271 1381 die Inländer hatten keinen Zoll zu zahlen. Nach dem Vorschlage
2236 1361 3270 1417 des Zolldirectors wären die Abgaben auch von den Chinesen ein¬
2235 1403 3270 1461 zuheben. In den letzten Jahren betrugen die Zolleingänge durch¬
2236 1442 3269 1496 schnittlich 3•2 Millionen Pfund Sterling; im Falle der Annahme
2235 1481 3267 1534 des vom Zolldirector unterbreiteten Vorschlages würde sich der
2236 1519 3269 1573 Ertrag um 1•1 Millionen Pfund Sterling steigern, und diese
2234 1558 3270 1611 Vermehrung würde ausreichen, um das Erforderniß für ein An¬
2233 1597 3043 1648 lehen von 20 Millionen Pfund Sterling zu decken.
2312 1644 3268 1696 [Die Schifffahrt=Gesellschaften auf der
2231 1683 3268 1737 Donau.] Der Verkehr der Donau=Dampfschifffahrt=
2233 1721 3266 1779 Gesellschaft hält sich heuer in engen Grenzen und ermangelt
2231 1761 3265 1814 bisher der erwünschten Anregung. Namentlich ist der Getreide¬
2230 1800 3264 1856 verkehr bisher relativ unbedeutend, da der Export fast vollständig
2230 1838 3264 1891 stockt und der inländische Consum hinlänglich versorgt ist. In den
2230 1877 3264 1931 ersten fünf Monaten ergab sich gegenüber dem Vorjahre eine
2230 1916 3261 1972 Mindereinnahme von 831,000 fl. Die genauen Einnahmeziffern
2225 1955 3261 2010 des Juni sind noch nicht bekannt; es gilt jedoch als ziemlich
2228 1993 3261 2047 sicher, daß der Ausfall der ersten fünf Monate keine wesentliche
2227 2032 3260 2087 Verminderung erfahren hat, sondern voll auf das zweite Semester
2227 2072 3259 2127 übernommen werden wird. Für die Verkehrsentwicklung des zweiten
2225 2110 3258 2166 Halbjahres wird der Ausfall der Ernte und die Gestaltung der
2224 2149 3259 2202 internationalen Getreide=Conjunctur maßgebend sein. Wenn es
2224 2188 3258 2242 gelingt, einen größeren Cerealien=Export zu erlangen, ist es nicht
2224 2221 3257 2281 ausgeschlossen, daß die bisherige Mindereinnahme ganz hereingebracht
2223 2261 3255 2318 wird. Die Concurrenz der ungarischen Donau=Schiff¬
2224 2304 3255 2359 fahrt=Gesellschaft macht sich bis jetzt wenig fühlbar. Die
2222 2339 3256 2397 ungarische Schifffahrt=Gesellschaft completirt vorläufig ihre Flotte
2222 2382 3255 2436 durch den Ankauf neuer Schlepper und dürfte im nächsten Jahre
2221 2420 3255 2474 in den Mitbewerb für die großen Donautransporte eintreten. Die
2222 2459 3255 2512 Süddeutsche Donau=Schifffahrt=Gesellschaft
2219 2498 3254 2551 hat sich mit der Drau=Schifffahrt=Gesellschaft
2220 2537 3251 2591 fusionirt und zu diesem Zwecke ihr Actien=Kapital erhöht.
2219 2571 3253 2629 Auch diese Gesellschaft dürfte im nächsten Jahre den Verkehr auf
2218 2615 2898 2664 der Donau in erhöhtem Umfange betreiben.
2296 2660 3249 2721 [Brüxer Bergbau=Gesellschaft.] Gegenüber der
2216 2700 3253 2757 in den letzten Tagen aufgetauchten Meldung, daß die Entwässerungs=
2216 2741 3250 2796 Arbeiten in den Ossegger Schächten ununterbrochen fortgeführt
2215 2779 3249 2833 werden, ist daran zu erinnern, daß in Wahrheit die Thätigkeit in
2216 2818 3248 2870 den inundirten Gruben seit dem Beginne des Monats Mai voll¬
2214 2857 3246 2910 ständig ruht. Die Brüxer Bergbau=Gesellschaft hat sich in dem
2214 2896 3247 2950 mit den Teplitzer Quellen=Interessenten abgeschlossenen Vertrage
2215 2934 3243 2988 ausdrücklich verpflichtet, mit Rücksicht auf die Saison in Teplitz
2213 2973 3257 3026 die Sümpfung mit dem 1. Mai einzustellen und erst nach Schluß
2213 3012 3241 3065 der Saison wieder aufzunehmen. Die Entwässerungs=Anlagen auf
2213 3051 3241 3103 den inundirten Schächten werden, wie uns auf eine Aufrage an
2212 3089 3241 3140 unterrichteter Stelle erwidert wird, im Herbst wieder in Betrieb
2211 3128 3237 3181 gesetzt werden. Die Arbeiten sollen dann energisch verfolgt werden,
2210 3167 3239 3222 um so rasch als möglich zu der vermutheten Einbruchsstelle zu
2210 3204 3237 3257 gelangen. Unabhängig von diesen Entwässerungs=Arbeiten ist die
2208 3239 3237 3298 Herstellung eines Pegelschachtes in der Nähe der seinerzeit ver¬
2209 3284 3237 3337 mauerten Einbruchsstelle der Döllinger=Grube. An diesem Pegel¬
2208 3322 3236 3375 schacht, welcher die Möglichkeit bieten soll, auch nach durchgeführter
2209 3360 3237 3417 Evacuirung der Ossegger Werke die Wasserstandsverhältnisse zu
2209 3400 2832 3445 messen, wird auch jetzt weiter gearbeitet.
2286 3447 3238 3499 [Das Einfuhrverbot für serbische Schweine.]
2208 3486 3236 3541 Man telegraphirt uns aus Belgrad: Die serbische Regierung
2205 3517 3234 3576 richtete an die ungarische Regierung das Ersuchen, die Einfuhr
2205 3563 3237 3617 serbischer Schweine bezirksweise, je nach dem Einlangen der günstigen
2205 3597 3235 3656 Berichte des ungarischen Staatsveterinärs Ludwig Racz zu ge¬
2205 3641 3234 3697 statten. Die ungarische Regierung hat diesem Ansuchen zugestimmt.
2204 3673 3232 3731 Racz hat bereits sämmtliche Grenzbezirke bereist und die Schweine¬
2203 3715 3230 3768 bestände als vollständig seuchenfrei befunden. Die
2202 3757 3232 3809 Aufhebung des Einfuhrverbotes gilt als un¬
2200 3796 2725 3839 mittelbar bevorstehend.
2281 3842 3234 3896 [Actien=Gesellschaft für Montan=Industrie.]
2199 3881 3232 3935 Heute fand in Berlin und auf mehreren anderen deutschen Plätzen
2200 3921 3231 3973 die Subscription auf 3000 Actien der Actien=Gesellschaft für
2200 3959 3231 4009 Montan=Industrie statt. Die Actien sind mit je 1000 Mark voll
2198 3998 3232 4054 einzuzahlen, der aufgelegte Betrag stellt sich daher auf drei
2198 4036 3229 4087 Millionen Mark. Die Subscription wurde, wie man uns aus
2196 4074 3230 4127 Berlin telegraphirt, formell um 9 Uhr Vormittags eröffnet,
2197 4113 3228 4167 aber kurz darauf schon geschlossen, da durch die früheren Anmel¬
2196 4152 3228 4209 dungen der aufgelegte Betrag weitaus überzeichnet war. Unter den
2196 4191 3227 4242 Emissions=Firmen, an deren Spitze das Bankhaus Jacob Landau
2195 4229 3226 4282 in Berlin steht, befindet sich auch die Anglo=Oesterreichische Bank
2193 4268 3224 4321 in Wien. Nebst den heute emittirten 6000 Actien gibt es noch
2195 4306 3225 4359 eine zweite Serie von 6000 Stück, auf welche zunächst nur eine
2193 4345 3224 4399 Einzahlung von 25 Percent, demnach von 750,000 Mark, geleistet
2193 4385 3222 4436 wurde. Zweck des Unternehmens ist der Betrieb von Geschäften
2193 4423 3220 4477 aller Art, welche sich auf das Gebiet der Montan=Industrie
2192 4461 2329 4502 erstrecken.
2271 4506 3221 4559 [Die Anlage von Pupillengeldern bei Spar¬
2189 4543 3220 4597 kassen.) Das Ministerium des Innern hat einen Zusatz¬
2189 4581 3212 4635 paragraph zum Musterstatute für Sparkassen creirt, damit das
2190 4620 3216 4675 Justizministerium in die Lage versetzt wird, einen zweckmäßigeren
2191 4659 3215 4712 Modus für die depositenämtliche Behandlung der von den Spar¬
2189 4697 3218 4754 kassen für Pupillen ausgestellten Einlagenbücher ausfindig zu
2188 4736 3215 4796 machen. Der betreffende Zusatzparagraph lautet: Die für Pflege¬
2189 4775 3216 4831 befohlene gemachten Einlagen sind, sobald es das zuständige
2188 4814 3215 4869 Pflegschaftsgericht verfügt, der Vinculirung zu unterziehen.
2189 4848 3215 4907 Durch diese Vinculirung wird die Rückzahlung der betreffenden
2189 4892 3214 4946 Einlage und der etwa hiezu gemachten Nacheinlagen, sowie die
2187 4931 3214 4990 Auszahlung der entfallenden Zinsen insoweit gehemmt, als nicht
2186 4969 3213 5026 vom Gerichte einer Partei eigens die Bewilligung zur Behebung
2185 5008 3212 5065 von Kapitals= oder Zinsenbeträgen ertheilt wird. Die Vinculirung
2186 5047 3210 5104 ist von der Sparkasse in Gemäßheit der gerichtlichen Verfügung
2184 5086 3209 5139 im Hauptbuche vorzumerken und in dem Einlagsbuche ersichtlich
2172 5124 3208 5179 zu machen. Auszahlungen auf vinculirte Einlagsbücher dürfen nur
2183 5164 3242 5218 zu Handen des vom Gerichte namhaft gemachten Bezugsberechtigten
2183 5203 3208 5255 und ebenso wie die Devinculirung solcher Bücher nur dann be¬
