3488 5358
257 138 452 169 Nr. 16830
835 136 1103 179 Wien, Samstag
1538 141 2105 177 Neue Freie Presse.
2560 143 2780 180 1 Juli 1911
3171 142 3321 177 Seite 11
215 207 1234 255 sitzung erstattete Vizebürgemeister Dr. Porzer Bericht wegen
216 249 1230 294 Ueberlassung der Markthalle in der Zedlitzgasse im 1. Bezirk
216 289 1232 333 an den Deutsch=österreichischen Gewerbebund zu gewerblichen
215 327 1232 373 Ausstellungszwecken. Er beantragte als Grundlage für die
214 366 1228 413 Verhandlungen mit dem Deutsch-österreichischen Gewerbebund
214 409 1231 451 nachstehende grundsätzliche Bestimmungen zu genehmigen: Die
213 448 1227 493 Markthalle wird von dem Zeitpunkte ab, in welchem die diese
211 486 1231 530 Räumlichkeiten betreffenden Mietverträge, die sofort zu
202 526 1229 569 kündigen sind, abgelaufen sein werden, dem Deutsch¬
201 564 1230 609 österreichischen Gewerbebunde zur Errichtung eines Industrie¬
214 605 1229 648 ausstellungs= und Verkaufsgebäudes überlassen. Die Gund¬
212 644 1228 687 fläche der Halle bleibt Eigentum der Gemeinde Wien. Der
213 683 1227 726 Deutsch=österreichische Gewerbebund hat für die Ueberlassung
214 723 1228 765 dieser Grundfläche einen Zins von jährlich 100 K. ganzjährig
213 761 1231 804 im vorhinein vom Tage der Uebergabe an an die Gemeinde
213 800 1228 844 Wien zu entrichten. Die auf dieser Grundfläche befindlichen
213 839 1227 882 Gebäude werden dem Deutsch=österreichischen Gewerbebunde
213 878 1227 922 übergeben mit dem Vorbehalte, daß bei der baulichen Ver¬
215 919 1226 962 änderung oder bei dem Umbau der Halle die Verwertung des
214 957 1226 1000 Abbaumaterials der Gemeinde Wien zusteht und zufällt. Das
212 996 1227 1041 Mietverhältnis ist mit einjähriger, im Maitermin anbring¬
211 1036 1226 1080 barer Kündigung kündbar: a) nach Ablauf von 15 Jahren,
212 1074 1225 1120 b) vor Ablauf dieser Zeit, wenn der Zins nicht bezahlt wird
212 1114 1227 1159 oder das Gebäude seiner Bestimmung zu industriellen Aus¬
211 1155 1227 1198 stellungs= und Verkaufszwecken ganz oder teilweise entzogen
212 1194 1227 1238 wird. Bei Beendigung des Mietsverhältnisses ist die Grund¬
211 1233 1226 1278 fläche ohne Anspruch auf irgend eine Entschädigung für die
212 1272 1226 1316 aufgeführten Baulichkeiten zu räumen. Die Gemeinde Wien
211 1311 1224 1356 behält sich das Recht vor, zum Bauprojekt und zu den Be¬
209 1350 1224 1395 stimmungen über den Betrieb der Halle ihre Zustimmung zu
212 1388 1223 1434 geben. Diese Bestimmungen wurden genehmigt und nach¬
209 1429 1222 1475 stehender Antrag zum Beschlusse erhoben: Zur Verhandlung
209 1469 1224 1513 mit dem Deutsch=österreichischen Gewerbebunde über die ge¬
208 1508 1225 1554 nannten Bedingungen wird der Bürgermeister ermächtigt, der
210 1544 1222 1593 zu diesem Zwecke nach freiem Ermessen ein fünfgliedriges
209 1587 1222 1629 Komitee aus dem Gemeinderate unter seinem oder der Vize¬
208 1625 1223 1671 bürgermeister Vorsitz einsetzen kann. Das Ergebnis der Ver¬
208 1665 1223 1711 handlungen ist dem Gemeinderate behufs definitiver Schluß¬
209 1708 517 1747 sassung vorzulegen.
288 1750 1224 1795 [Verlegung der Kirche und des Klosters
212 1790 1226 1833 der Elisabethinerinnen.] Seitens der Bezirks¬
212 1827 1226 1873 vertretung Landstraße wird schon seit einer Reihe von Jahren
212 1867 1225 1912 dahin gearbeitet, daß das Kloster und die Kirche der
212 1907 1226 1952 Elisabethinerinnen verlegt werden, welche der geplanten Re¬
211 1946 1224 1990 gulierung der Landstraße Hauptstraße und der Erhöhung des
210 1986 1224 2029 Straßenniveaus im Wege stehen. In der letzten Bezirksrats¬
209 2024 1225 2068 sitzung teilte Bezirksvorsteher Spitaler mit, daß es mit
211 2064 1224 2107 der Entfernung der beiden Gebäude nunmehr ernst zu werden
210 2103 1223 2146 verspricht, denn er habe den Auftrag erhalten, einen geeigneten
208 2141 1223 2184 Platz ausfindig zu machen, auf welchen die Kirche mit dem
208 2180 1222 2223 Kloster verlegt werden könnte und daß bereits an maß¬
211 2218 1223 2262 gebender Stelle diesbezügliche Verhandlungen gepflogen
208 2263 325 2293 werden.
285 2304 1220 2348 [Mädchenfortbildung.] An der Schule des
207 2342 1224 2387 Vereines zur Errichtung und Erhaltung höherer Töchterschulen
207 2383 1223 2426 im zweiten Wiener Gemeindebezirke, Czerningasse 3, haben die
207 2422 1223 2465 Einschreibungen bereits begonnen. Daselbst werden auch Pro¬
208 2461 1222 2504 gramme unentgeltlich verabfolgt und Auskünfte bereitwilligst
208 2500 1222 2543 erteilt. Folgende Lehrfächer werden da von sehr tüchtigen
207 2538 1222 2582 Professoren gelehrt: Deutsche Sprache und Literatur, franzö¬
206 2577 1221 2621 sische und englische Sprache, Geographie, Geschichte, Kunst¬
209 2616 1221 2659 geschichte, Gesetzeskunde, Arithmetik, Buchführung, Erziehungs¬
205 2657 1222 2698 lehre, Haushaltungskunde, Gesundheitslehre, Zeichnen. Hand¬
207 2696 577 2734 arbeiten, Stenographie.
202 2767 1220 2817 Der Wiener Stadtrat gegen den Wanderhandel
470 2812 952 2858 mit Obst und Blumen.
913 2865 1185 2901 Wien, 30. Juni.
278 2902 1220 2950 Eines der Angriffsobjekte, auf welches die Gewerbe¬
201 2944 1218 2989 retterei der Christlichsozialen sich mit wahrer Verbissenheit ge¬
201 2984 1217 3030 worfen hat, ist der kleine Hausier= und Wanderhandel. Das
202 3019 1219 3074 monströse Hausiergesetz, welches im vorigen Abgeordneten¬
200 3063 1216 3106 hause in einer undurchführbaren Form zur Annahme ge¬
198 3097 1216 3149 langte und mit der Abstimmung sofort begraben wurde, war
201 3140 1216 3183 eine jener Taten, auf welche der agrarische und zünftlerische
200 3179 1215 3223 Handelsminister Dr. Weiskirchner in seinen Wahlreden sich
203 3218 1218 3262 am meisten zugute tat. Der große Kampf der Christlichsozialen
200 3257 1216 3301 im Reichsrate gegen die Hausierer und Wanderhändler ist
201 3293 1217 3344 vorläufig abgetan, aber im Wiener Stadtrat, wo die Christ¬
200 3334 1216 3379 lichsozialen vorläufig noch ihre Mandate behalten haben,
202 3373 1217 3418 setzen sie die Versuche fort, das Gewerbe durch Quälereien der
203 3414 1217 3455 kleinen Wanderhändler zu täuschen. Ende Juli dieses Jahres
197 3452 1215 3496 läuft das von der niederösterreichischen Statthalterei für Wien
200 3489 1214 3535 ausgesprochene Verbot des Wanderhandels mit Eiern, Milch,
199 3530 1215 3574 Butter, Brennholz, Molkereiprodukten, Kraut, Rüben und
196 3568 1213 3613 Holzkohle ab, und der Stadtrat stellt den Antrag, das Ver¬
200 3608 1213 3658 bot bis Ende Juli 1917 zu erneuern. Damit nicht genug,
199 3647 1213 3691 beantragt der Stadtrat bei der Statthalterei, auch Obst,
198 3685 1214 3730 Gemüse und Blumen in das Verbot des Wander¬
195 3726 550 3765 handels einzubeziehen.
270 3763 1213 3807 Der Straßenhandel mit Obst und mit Blumen gibt, wie
196 3803 1214 3852 in allen Großstädten, so auch in Wien, zahlreichen Frauen
197 3841 1213 3886 einen kärglichen und hart erworbenen Verdienst. Es ist be¬
196 3878 1211 3925 zeichnend für die Christlichsozialen, daß ihre bösartige und
195 3920 1214 3964 rückschrittliche Gewerbepolitik am liebsten wehrlosen Frauen
196 3958 1213 4003 gegenüber betätigt wird. Dr. Weiskirchner versprach, als er
195 3997 1212 4042 noch Handelsminister war, Maßregeln gegen die Haus¬
193 4037 1210 4080 friseurinnen. Nun geht der Stadtrat gegen die armen Blumen¬
195 4073 1211 4119 und Obsthändlerinnen vor. Die Bevölkerung von Wien hat in
194 4114 1209 4158 den Reichsratswahlen vom 13. und 20. Juni bewiesen, daß
194 4152 1211 4200 sie mit der Gewerbepolitik der Christlichsozialen nichts weniger
194 4190 1211 4236 als einverstanden ist. Die Beschlüsse des christlichsozialen
156 4227 1210 4274 Stadtrates entsprechen daher heute noch viel weniger den
192 4269 1171 4313 Wünschen der Wiener, als dies bereits früher der Fall war.
267 4309 1211 4353 Ueber die neueste „Gewerberettung“ des Wiener Stadt¬
193 4348 742 4390 rates liegt folgender Bericht vor:
268 4387 1209 4431 In der heutigen Sitzung des Stadtrates wurde über die
193 4425 1211 4470 Verlängerung und Erweiterung des Ver¬
192 4465 1208 4508 botes des Wanderhandels in Wien referiert.
191 4504 1207 4547 Dem Gemeinderate wird empfohlen werden, zu beschließen, es
191 4542 1205 4587 sei an die Statthalterei folgender Antrag im Grunde des §_ 60,
191 4581 896 4625 Absatz 4, der Gewerbeordnung zu stellen:
263 4620 1209 4664 Das mit den Statthalterei=Kundmachungen vom 31. Juli
191 4658 1207 4709 1906 und 8. März 1907 ausgesprochene Verbot des Umher¬
192 4697 1212 4744 tragens und Anbietens von Eiern, Milch, Butter und Brenn¬,
190 4733 1212 4781 holz, ferner von Molkereiprodukten (Topfen, Käse und Raym),
191 4776 1207 4819 von Kraut und Rüben in gesäuertem Zustande und von
191 4812 1206 4858 Holzkohle, dessen Wirksamkeit mit Ende Juli 1911 abläuft,
191 4853 1208 4897 wird aus markt=, beziehungsweise sanitätspolizeilichen Rück¬
190 4892 1205 4941 sichten, und zwar mit Wirksamkeit bis Ende Juli 1917,
190 4931 1105 4975 für das ganze Gemeindegebiet von Wien erneuert.
262 4969 1206 5013 Es werde weiters das Umhertragen und Anbieten von
189 5006 1204 5053 Obst (einschließlich Dörrobst), Zwiebeln, Kartoffeln,
189 5045 1204 5091 Gemüse aller Art, Geflügel in lebendem und
190 5086 1204 5137 totem Zustande, Naturblumen und Honig für das
189 5124 1225 5174 ###anze Gemeindegebiet aus markt. beziehungsweise
1278 215 2291 262 sanitätspolizeilichen Gründen mit der Wirksamkeit bis Ende
1277 256 1614 297 Juli 1917 untersagt.
1352 294 2291 339 Es wird der Anschauung Ausdruck gegeben, daß Stein¬
1278 332 2292 377 und Braunkohle, Briketts, Kaffee und Kaffeesurogate nicht
1279 371 2288 417 als Erzeugnisse der Land= und Forstwirtschaft im Sinne des
1278 409 2292 455 § 60 der Gewerbeordnung anzusehen sind, demnach das Feil¬
1278 448 2291 494 bieten dieser Artikel im Umherziehen nach den Bestimmungen
1275 487 2288 535 des § 60 der Gewerbeordnung überhaupt - nicht gestattet ist und
1277 526 2288 572 daß daher ein Anlaß zu einem Antrage des Gemeinderates
1276 563 2101 611 auf die Ausschließung dieser Artikel nicht vorliegt.
1350 604 2289 649 An die Bezirkshauptmannschaften und an die übrigen
1274 642 2289 688 politischen Behörden Niederösterreichs wäre seitens der Statt¬
1276 680 2287 727 halterei die Weisung zu erlassen, daß die bisher hie und da
1275 719 2290 767 noch geübte Ausfertigung von Gewerbescheinen zum Wander¬
1277 753 2287 806 handel mit gewissen Naturprodukten „nach Wien“ hinsichtlich
1276 794 2291 843 jener Artikel, für welche ein Verbot des Wanderhandels in
1277 834 2288 882 Wien erlassen wurde, in Hinkunft mit Rücksicht auf dieses
1277 873 1773 918 Verbot nicht mehr zulässig sei.
1351 914 2290 960 Der Gemeinderat behält sich vor, ähnliche Anträge allen¬
1278 950 2290 1003 falls auch noch später hinsichtlich anderer, dem täglichen Ver¬
1278 990 2281 1037 brauche dienender Erzeugnisse der Land= und Forstwirtschaft
1277 1029 2290 1075 zu stellen sowie die Verlängerung des beantragten Verbotes
1277 1066 2105 1113 nach Ablauf seiner Giltigkeitsdauer zu beantragen.
1589 1163 1992 1206 Vereinsnachrichten.
1351 1211 2286 1256 [Verband österreichischer Künstler und
1275 1246 2289 1296 Kunstfreunde.]  Zu Gunsten dieses unter dem Präsi¬
1277 1288 2288 1335 dium des Direktors Theodor Plowitz stehenden allgemeinen
1271 1325 2292 1376 Künstlerverbandes fand am 24. Juni im „Hietzinger = Hvf“ ein
1276 1366 2287 1413 Sommerfest „Die Bohème beim Heurig'n“ statt, das einen
1275 1404 2286 1453 überaus glänzenden Verlauf nahm. Die Reihe der. Dar¬
1275 1443 2288 1492 bietungen eröffnete eine Variétévorstellung, an welche sich ein
1273 1482 2287 1532 Kabarett anschloß unter der Mitwirkung der Damen Fräu¬
1275 1523 2288 1571 lein Natalie Derla vom Kabarett „Intim“, Fräulein Thea
1274 1561 2287 1610 Forst .von der Kleinen Wiener Bühne, und der Herren
1273 1598 2285 1650 Konzertmeister Dr. Otto Kaperl vom Raimund=Theater, Julius
1273 1640 2285 1688 Krott vom Berliner, Deutschen Theater, Gebrüder Sarnitz,
1276 1680 2289 1727 Opernsänger Hans Ritter, Rolf Viktor Werau, Gesangskomiker
1270 1718 2288 1757 Hans Tochten, Humorist Otto Pollak, Rudolf Frank, Benno
1273 1755 2286 1806 Lie und Komponist Dr. Hugo Bleyer. Sämtliche Vortragen¬
1273 1799 2286 1845 den ernteten für ihre vorzüglichen Leistungen rauschenden Bei¬
1274 1834 2288 1884 fall. Die Fülle der Belustigungen schlossen ein Koriandoli¬
1273 1872 2285 1924 korso, eine Blumenschlacht, Preistanz und höchster Heuriger.
1271 1916 2285 1963 Dem unter der umsichtigen Leitung der Herren Redakteure
1272 1951 2289 2003 Viktor Fischer und Z. A. Kalojan stehenden Komitee gehörten
1272 1994 2285 2042 Damen und Herren der vornehmsten Gesellschaft Wiens an.
1364 2042 2290 2085 [Vorträge und Versammlungen.] Morgen
1274 2075 2286 2119 (Samstag) finden folgende Vorträge und Versammlungen statt:
1271 2110 2287 2151 „Urania“, ½8 Uhr, Adam Müller = Guttenbrunn:
1271 2144 2289 2187 „Alt=Wien.“ — Sektion Margareten des Volks-
1270 2176 2285 2223 bildungsvereines, ½8 Uhr, 5. Bezirk, Stöbergasse, Jahres¬
1269 2214 2286 2257 versammlung, Professor Dr. Hassinger: „Adelsberg - Fiume¬
1269 2246 2287 2291 Abbazia rc." — Verein für Werimeister und Industrie¬
1269 2285 2286 2326 beamte, 8 Uhr, Gastwirtschaft, 15. Bezirk, Zinkgasse 8, Monats¬
1269 2317 2287 2362 versammlung. — Männergesangverein „Favoriten“,
1271 2350 2289 2395 ½9 Uhr, 10, Bezirk, Favoritenstraße 89, Sommerliedertafel. —
1268 2387 2286 2428 Verein der Deutschen aus Ungarn. Garten- und Saal¬
1267 2422 2141 2463 räume, 13. Bezirk, Hietzinger Hauptstraße 36, Sommersest.
1540 2502 2014 2546 Lokalbericht.
1347 2549 2281 2597 [Pflegerinnenschule des Rudolfiner¬
1270 2589 2282 2636 hauses.] Die Einrichtungen der Pflegerinnenschule des
1270 2622 2280 2676 Rudolfinerhauses, Wien, 19. Bezirk, Billrothstraße 78, sind
1269 2668 2282 2715 jeden Sonntag von 10 bis 12 Uhr allgemein zugänglich.
1271 2707 2282 2755 Entree 50 H. per Person zu. Gunsten des Pflegerinneu¬
1270 2747 1508 2789 Pensionsfonds.
1346 2796 2283 2841 [Altkatholische Kirchengemeinde.] In der
1267 2834 2284 2881 St. Salvatorkirche, 1. Bezirk, Wipplingerstraße 3 (altes Rat¬
1266 2874 2284 2919 haus), wird Bistumsverweser M. Cech aus Warnsdorf am
1267 2912 2283 2960 Sonntag den 2. Juli die heilige Firmung an 34 Firmlinge
1267 2953 2141 2997 ausspenden. Der Festgottesdienst beginnt um ½10 Uhr.
1345 3000 2281 3045 [Probealarm des Eisenbahnrettungs¬
1270 3039 2280 3086 korps.] Man schreibt uns mit Bezug auf den Bericht über
1270 3079 2282 3126 einen Probealarm des Eisenbahnrettungskorps der Nordbahn
1268 3119 2280 3165 im Morgenblatt der „Neuen Freien Presse“ vom 28. d. :
1269 3158 2282 3205 „Die Institution des Eisenbahnrettungskorps besteht bei den
1270 3199 2279 3244 k. k. österreichischen Staatsbahnen in Wien schon seit Jahren.
1269 3238 2280 3284 Sowohl in den Stationen Heiligenstadt als auch in Hütteldorf
1269 3279 2279 3323 befindet sich je ein Rettungskorps samt Rettungswagen und
1269 3318 2280 3364 Utensilien unter Leitung der Bahnärzte Dr. Ehrenhaft
1267 3358 2280 3402 und Dr. Markus. Alljährlich werden von der Direktion
1267 3397 2276 3444 der k. k. österreichischen Staatsbahnen Probealarme durchgeführt,
1267 3438 2278 3483 wobei natürlich weder Zeit noch Ort vorher bekannt ist. Die
1267 3478 2279 3523 bisher durchgeführten Alarmzüge sunktionierten immer
1266 3519 1408 3551 tadellos."
1344 3565 2279 3610 [Verband der österreichischen' Bahnhof¬
1262 3605 2277 3648 restaurateure.] An der jüngst im „Hotel Bayrischer Hof“
1263 3644 2276 3687 abgehaltenen Generalver###ammlung des Verbandes der öster¬
1261 3683 2278 3726 reichischen Bahnho###restaurateure nahmen unter anderen Berbands¬
1264 3722 2278 3766 prasident Hof= und Kammerlieferant Zavrel aus Prag, die
1260 3760 2278 3805 Vizepräsidenten Wotzilka aus Schreckenstein, Steyrer aus
1260 3800 2277 3844 Selztal, Lustig aus Oderberg und die Seltionsobmänner aus
1260 3838 2274 3913 Prag, Brünn, Nimburg und Königgrätz teil. Aus dem Jahres¬
1263 3879 2272 3922 bericht sind die erfolgreiche Tätigkeit des Verbandes und das ei###rige
1259 3917 2276 3961 Bestreben seiner Leitung, die Rechte seiner Mitglieder zu wahren
1259 3956 2277 4001 und ihre Lage zu verbessern, zu ersehen. Bei dem Referat über
1259 3995 2276 4038 den Wohlsahrtsverein wurden die Verdienste seines Schöpfers
1257 4033 2275 4077 Vizepräsidenten Jakob Wotzilka hervorgehoben und anerkannt.
1258 4072 2276 4115 Das vom Verbande dem Eisenbahnminister unterbreitete Memo¬
1258 4111 2276 4155 randum, betreffend die Regelung der Pachtverhältnisse, die Ueber¬
1258 4142 2272 4194 nahme des Inventars beim Wechsel seitens des Nachfolgers, Er¬
1259 4188 2273 4237 teilung von Fahrtbegünstigungen an Bahnhofrestaurateure, deren
1258 4227 2275 4273 Familien und an das Dienstpersonal, endlich die Entfernung
1256 4265 2274 4310 der Beschwerdetästen aus den Restaurationsräumen dürfte einer
1256 4305 2276 4350 günstigen Erledigung entgegengehen. Dem Präsidenten des Ver¬
1257 4345 2273 4389 bandes Franz Zavrel wurden der herzlichste Dank und die
1255 4384 1683 4425 vollste Anerkennung votiert.
1333 4431 2275 4481 [Pensionat und Fortbildungskurse in
1253 4468 2276 4516 Döbling.] An das in einer Gartenvilla gelegene Pensio¬
1254 4507 2275 4554 nat Hannah Wolff, 19. Bezirk, Rudolfinergasse Nr. 18,
1254 4544 2276 4592 sollen im nächsten Schuljahre ganz neuartige Fort¬
1255 4584 2276 4630 bildungskurse angegliedert werden. Da nämlich die
1256 4623 2275 4670 Absolventinnen der Bürgerschule, besonders die aus der Pro¬
1255 4661 2275 4707 vinz und aus dem Auslande kommenden jungen Mädchen, in
1255 4700 2275 4746 den Betrieb der öffentlichen Mädchenmittelschulen nicht ganz
1252 4735 2275 4784 hineinzupassen pflegen, sollen Klassen geschaffen werden, die
1255 4778 2275 4823 allgemeine Bildung vermitteln und zugleich den Uebergang in
1253 4817 2274 4864 die höheren Klassen einer öffentlichen Bildungsanstalt ermög¬
1253 4854 2274 4901 lichen. Pädagogen von Ruf stehen zur Verfügung. An den
1253 4894 2272 4940 Unterricht der deutschen, französischen und englischen Sprache,
1253 4934 2273 4980 Geschichte, Geographie und Kunstgeschichte sollen ein Samariter¬
1251 4969 2274 5018 ###urs, Hygiene-Unterricht, Hauswirtschaft und Gartenbau sich an¬
1252 5011 2273 5056 schließen. Die Ausbildung, die vor allen Dingen den künfti¬
1253 5049 2272 5095 gen Frauenberuf ins Auge faßt, wird sicher vielen Eltern die
1250 5088 2270 5137 Lösung der schwierigen Frage der Mädchenerziehung erleichtern.
1242 5120 2288 5171 Auch Tagespensionärinnen bietet die Anstalt sowohl in
2341 214 3352 262 hygienischer als auch pädagogischer Hinsicht große Vorteile
2341 254 3357 300 Auskünfte über Pensionat und Fortbildungskurse täglich von
2340 292 3356 339 5 bis 6 Uhr, 19. Bezirk, Rudolfinerstasse Nr. 18. Schriftlicht
2341 334 3121 378 Auskunft und Prospekt jederzeit aus Verlangen.
2408 380 3348 427 [Ein Täschchenräuber in der Stadt.] Eine
2333 419 3353 465 aufsehenerregende Jagd nach einem frechen Burschen, der
2333 460 3348 505 einem jungen Mädchen eine Handtasche mit Geld entrissen
2337 500 3351 542 hatte, gab es heute nachmittags in der Innern Stadt.
2337 537 3353 583 Die Comptoiristin Philippine Oser hatte bei der Postspar¬
2337 577 3353 621 kasse 750 K. behoben und das Geld in ihr Handtäschchen
2340 615 3355 660 gelegt, wo sich schon 320 K. befanden. In den Anlagen der
2338 654 3355 699 Gartenbaugesellschaft verspürte sie plötzlich einen Stoß in den
2339 687 3354 737 Rücken und zugleich entriß man ihr das Handtäschchen. Die
2341 731 3354 776 Ueberfallene sah einen jungen Burschen davonlaufen. Er
2337 770 3354 815 schlug den Weg über den Ring und gegen den Stadtpark ein
2338 809 3356 853 und Fräulein Oser lief ihm nach und rief: „Aushalten!“ Das
2336 848 3352 891 Handtäschchen war ihm entfallen. Er bückte sich danach, hob
2338 887 3354 931 es auf und lief weiter. Ev ließ einen Automobil=Taxameter
2335 926 3351 969 halten, sprang in das Coupé und rief dem Chauffeur zu, er
2338 964 3355 1009 möge eiligst zum Südbahnhofe fahren. Die Verfolger riefen
2338 1003 3355 1047 dem Chauffeur zu, er möge halten. Beim Polizeikommissariate
2336 1043 3355 1086 Innere Stadt wurde der Verhaftete als der 19jährige Schreiber
2337 1080 3354 1125 Josef Plhal, Währing, Karl Beckgasse 17, wohnhaft, agnos¬
2334 1121 3351 1162 ziert. Er hat auch bei einem hiesigen Advokaten eine
2334 1161 2727 1200 Veruntreuung begangen.
2441 1204 3352 1245 [Kindergärtnerinnen= und Bonnenkurse.]
2334 1239 3356 1278 Die mit dem Oeffentlichkeitsrechte versehene Erste Bildungs¬
2334 1269 3357 1312 anstalt für Kindergärtnerinnen in Wien, Schiffamts¬
2331 1307 3353 1346 gasse 15, welche mit einem Sommerkurse und einem Uebungskinder¬
2331 1337 3352 1381 garten verbunden ist, beschließt nunmehr das 43. Schuljahr. Die im
2333 1375 3353 1416 Jahre 1868 gegründete Anstalt hat nicht nur die Aufgabe, staatlich
2330 1407 3351 1454 geprüfte Kindergärtnerinnen auszubilden, sondern sie will auch den
2331 1437 3354 1486 Familien tüchtige Erziehungskräfte verschaffen und solche Mädchen,
2333 1473 3348 1520 welche keinem Broterwerbe nachgehen wollen, im Geiste Pestalozzis
2329 1511 3177 1554 und Fröbels für ihren künftigen Mutterberuf vorbereiten.
2420 1556 3349 1597 [Dien,- jubiläum.] Herr Josef Fries feiert am
2332 1592 3349 1632 1. Juli sein dreißigjähriges Dienstjubiläum in der Firma D. Berl.
2335 1628 3348 1668 Herrn Fries, der sich in der Wiener Kaufmannschaft besonderen
2335 1662 3349 1702 Ansehens erfreut, sind anläßlich dieses Jubiläums sowohl aus kom¬
2332 1697 3350 1737 merziellen Kreisen als auch aus der Wiener Gesellschaft viele Glück¬
2339 1732 2659 1768 wünsche zugekommen.
2420 1775 3347 1815 [Betrug an einem Dienstmann.] Wie gemeldet,
2331 1811 3349 1852 hat ein Betrüger dem, Ottakring, Gaullachergasse 7, wohnhaften Dienst¬
2332 1845 3348 1887 mann Franz Chramosta, der seinen Standplatz Ecke Wollzeile.
2332 1880 3347 1921 und Stroblgasse hat, auf raffinierte Weise zwei Handwagen entlockt,
2333 1916 3348 1957 die Chramosta aus einer Leihanstalt bezog. Der arme alte Dienst¬
2331 1945 3348 1993 mann ist ersatzpflichtig und bittet Wohltäter, ihm zu dem für ihn
2331 1981 2976 2024 unertchwinglichen Kostenbetrage beizusteuern.
2623 2073 3064 2118 Sportzeitung.
2573 2123 3098 2163 Das Kottingbrunner Meeting.
2400 2165 3345 2212 Das Generalsekretariat des Jockeyklubs für Oesterreich gibt
2324 2204 3346 2251 bekannt, daß es bereits ab 11. Juli im Schlosse Kottingbrunn
2324 2242 3343 2290 amtiert. In der Auszahlung der Totalisateurrestanten aber
2323 2281 2814 2324 findet keinerlei Aenderung statt.
2730 2332 2941 2366 Fred Taral.
2398 2371 3348 2416 Unser einstiger Championjockey ist plötzlich wieder aus Paris
2322 2411 3345 2456 nach Amerika zurückgekehrt. Es handelt sich aber nicht um eine
2323 2451 3345 2496 dauernde Heimkehr, sondern die Veräußerung seines dortigen
2323 2490 3345 2535 Grundbesitzes hat seine Anwesenheit in Newyork notwendig ge¬
2322 2528 3343 2576 macht. Taral will im September wieder in Europa sein und
2322 2568 3191 2612 sich dann ständig in Oesterreich=Ungarn seßhaft machen.
2443 2615 3242 2657 Großes Internationales athletisches Meeting.
2396 2658 3342 2704 Nach den vom Association Football Club zu
2321 2696 3343 2746 Pfingsten veranstalteten englischen Fußballmatches tritt nun der¬
2321 2735 3344 2781 selbe Verein mit einer athletischen Veranstaltung hervor, wie sie
2321 2774 3342 2820 in ähnlichem Stile bisher in Oesterreich noch nicht stattgefunden
2321 2813 3342 2859 hat. Auf dem Cricketerplatz in der Vorgarlenstraße, wo
2321 2852 3342 2896 die Regimentsmusik des Infanterieregiments Nr 99 konzertieren
2319 2891 3343 2937 wird, werden sich die Abgesandten von Italien, Belgien,
2321 2930 3341 2976 Finnland, Schweden, Frankreich, Deutschland
2322 2969 3341 3014 (Berlin, Düsseldorf und Frankfurt a. M.), Ungarn (Budapest
2323 3002 3340 3054 und Preßburg) und Oesterreich (Wien, Brünn, Graz und
2320 3048 3341 3093 Lemberg) gegenüberstehen. Das verspricht wahrlich hochinteressante
2319 3086 3340 3135 Kämpfe und glänzende Leistungen, denn die Vertreter der aus¬
2319 3125 3340 3169 wärtigen Staaten sind fast durchwegs die besten Athleten des
2320 3164 3341 3208 betreffenden Landes. Deutschland wird durch 15 Athleten, Italien
2320 3204 3340 3249 durch 6 oder 7, Belgien durch 4, Finnland durch 2, Ungarn
2319 3235 3340 3286 durch 30 Athleten vertreten sein, so daß es auch große Felder
2318 3281 3338 3327 geben dürfte. Wie die Wiener bei dieser enormen Konkurrenz,
2318 3320 3339 3364 die an olympische Spiele erinnert, abschneiden werden, ist aller¬
2317 3359 3339 3410 dings eine andere Frage. Sowohl die alle Garde als der zu¬
2319 3399 3335 3443 meist aus Mittelschülern bestehende Nachwuchs hat Heuer bereits
2317 3437 3339 3481 schöne Leistungen vollbracht, so daß man auf ein ehrenvolles
2317 3476 3337 3519 Abschneiden. rechnen darf. Das Meeting ist zweifellos die
2316 3515 3336 3559 Sensation des Tages. Anschließend an die athletischen Wett¬
2319 3554 3082 3596 kämpfe findet ein erstklassiges Fußballmatch statt.
2374 3600 3288 3642 Die Weltmeisterschaft im Ringen und Gewichtheben.
2391 3645 3338 3688 Sonntag werden die Amateur = Weltmeisterschaften des
2314 3682 3337 3728 zweiten großen Volksfestes in der Olympia-Arena im 10. Bezirke
2314 3723 3336 3767 mit der Mittelgewichts= und Schwergewichtsklasse fortgesetzt und
2314 3761 3335 3805 beendet. Da hier eine große Zahl auswärtiger Konkurrenten an
2314 3800 3333 3846 den Kämpfen teilnimmt, wird dies der interessantere Teil sein,
2314 3840 3337 3884 um so mehr, als auch die drei Wiener Weltmeister Swoboda,
2314 3879 3336 3923 Graft und Tandler auseinandertressen. Beginn der Vor¬
2314 3917 3337 3964 kämpfe ½10 Uhr vormittags, der Entscheidungskämpfe ½4 Uhr
2313 3958 2498 3998 nachmittags.
2588 3996 3062 4036 Die Wiener Stromregatta.
2394 4037 3341 4083 Auf der Strecke Klosterneuburg (Normannen) bis. zum
2322 4077 3340 4124 Nußdorserspitz (Donauhort) wird Sonntag nachmittags die
2321 4116 3342 4160 alljährliche Stromregatta abgehalten, bereu Nennungsergebnis
2319 4155 3339 4200 alle bisherigen Veranstaltungen übertrifft, da 9 Vereine mit
2318 4194 3340 4239 17 Booten und 85 Ruderern gemeldet wurden und auch die
2317 4232 3341 4278 Budapester Vereine Pannonia und Duna an derselben
2316 4269 3340 4317 teilnehmen werden. Im Gubik=Gedächtnis=Vierer
2317 4311 3338 4357 wird der Pirat, der bei der großen Regatta den Kampf
2319 4349 3339 4402 gegen die Szebeny=Mannschaft der Pannonia wegen eines
2317 4390 3340 4441 Schwächeanfalles seines Schlagmannes in führender Position
2320 4426 3341 4477 aufgeben mußte, neuerlich, herauskommen. Da der Pirat am
2315 4468 3336 4517 nächsten Sonntag bei der ungarischen Stromregatta ein
2316 4503 3339 4553 nochmaliges Zusammentreffen mit dem Szebeny=Bierer anstrebt,
2318 4547 3339 4590 wird es von besonderem Interesse sein, wie er diesmal ab¬
2318 4584 3341 4631 schneidet. Die Duna, die Menz=Mannschaft des Donau¬
2318 4622 3343 4670 hort, sowie der Normanen=Vierer, der gelegentlich
2317 4662 3340 4708 der großen Regatta den Preis der Stadt Wien gewann, sind,
2317 4703 3339 4747 seine Geginr. Wahrlich also stark genug, um Pirat zu einem
2313 4739 3337 4785 Beweise seiner Klasse zu zwinzen. Die Einsermeister¬
2316 4780 3339 4826 schaft, in welcher nur Budik (Ellidia) und Nagl (Lia)
2317 4816 3337 4865 gemeldet haben,' sollte eine sichere Sache für den jo unglück¬
2316 4857 3339 4903 lichen Lianesen sein. Der Regattavereins-Vierer
2315 4897 3338 4947 bringt Donauhort, Normannen und Donau auf
2316 4937 3339 4980 das Wasser, die sich einen harten Kampf liefern dürften. Im
2313 4969 3338 5019 Verbandseinser begegnen sich Fellerer (Donau¬
2315 5010 3336 5062 hort), Reisinger (Ellida) und Blaha (Lia). Fellerer
2315 5053 3336 5098 lag vor zwei Wochen bis zum Moment, wo er sich versteuerte
2314 5090 3336 5138 und aus der Bahn geriet, so gut im Rennen, daß uns sein
2310 5131 3345 5177 Steg wahrscheinlich scheint Das schönste Rennen aber dürfte
