3600 5369
319 230 488 269 Nr. 178
876 232 1191 282 Wien, Samstag
1605 237 2012 286 Arbeiter-Zeitung.
2460 241 2733 283 1. Juli 1911
3135 243 3287 278 Seite 9
358 333 1261 371 Die Statistik der verbandsangehörigen Genossenschaften
256 367 1262 405 konnte infolge der Saumseligkeit der Genossenschaften nicht voll¬
256 403 1260 439 ständig fertiggestellt werden, da von 78 Genossenschaften noch
255 436 1260 474 keine Berichte eingelangt waren. Aus den bisher vorliegenden
254 472 1261 508 Ziffern ist jedoch zu ersehen, daß die Konsumvereine an Mit¬
258 506 1260 545 gliederzahl und Umsatz einen starken Zuwachs zu verzeichnen
254 541 350 574 haben.
357 576 1260 615 337 Konsumvereine zählen Ende 1910235.597 Mitglieder mit
256 611 1260 648 73,734.000 Kronen Umsatz. Trotzdem 51 Konsumvereine weniger
255 645 1260 684 als im Vorjahr berichtet haben, beträgt der Mitglieder¬
253 680 1259 718 zuwachs 11.550 Mitglieder und der Gesamtumsatz ist
252 714 762 754 auf 96,760.500 Kronen gestiegen.
356 751 1259 788 Von den Produktivgenossenschaften haben
251 783 1259 824 fünf weniger als im Vorjahre ihre Berichte rechtzeitig eingesendet,
252 819 1258 857 und zwar 26 Produktivgenossenschaften; sie zählen 2207 Mitglieder
256 854 1258 892 und haben einen Umsatz von 4,308.512 Kronen 60 Heller. Die
255 884 1259 926 Broschüre von Dr. Renner: „Die landwirtschaftlichen Genossen¬
253 923 1257 962 schaften und die Konsumvereine“ wurde in einer Auflage von
253 958 1258 994 50.000 Exemplaren verbreitet. Der Bericht erwähnt ferner der
253 992 1257 1030 Errichtung des Landessekretariats in Prag, des Abschlusses von
252 1027 1257 1064 Kollektivverträgen in Wien und den einzelnen Distrikten für die
255 1058 1257 1098 in den Verkaufsstellen der Konsumvereine Beschäftigten; er be¬
253 1096 1257 1133 richtet gleichzeitig über die finanzielle Lage des Zentralver¬
253 1131 1257 1167 bandes und bringt die wichtigsten Ziffern des Rechnungs¬
253 1165 1257 1202 abschlusses zur Kenntnis. Genosse Besel für die Verbands¬
253 1200 1257 1237 kontrolle erörtert das Rechnungswesen und teilt mit, daß ver¬
253 1234 1256 1271 schiedene Maßnahmen getroffen wurden, um eine raschere
252 1268 1256 1306 Uebersicht über alle Eingänge und Ausgänge sicherzustellen. Er
251 1304 1255 1342 beantragt, dem scheidenden Verbandsvorstand das Absolutorium
252 1340 421 1373 zu erteilen.
355 1375 1256 1412 An der Debatte beteiligten sich insbesondere die Genossen
252 1408 1256 1446 Witzmann (Wien), Neumann (Aussig) und Dr. Kar¬
251 1444 1257 1480 peles. Witzmann gibt Anregungen, um die Mittel des Ver¬
250 1477 1256 1513 bandes zu vermehren, Neumann befaßt sich hauptsächlich mit
250 1508 1255 1550 dem Kollektivvertrag, der zwischen den Konsumvereinen und
253 1547 857 1584 ihren Bediensteten abgeschlossen wurde.
358 1582 1256 1618 Der Verbandstag erteilte dem Vorstand für seine Tätigkeit
255 1616 1256 1653 auf Antrag der Kontrolle ein stimmig das Absoluto¬
248 1651 368 1680 rium.
353 1687 1255 1723 Hierauf wurde die Wahl der Mandatsprüfungskomission
248 1722 1255 1757 vorgenommen, in die Neunteufel, Butzke, Weichsel¬
248 1755 935 1792 berger und Mladek gewählt wurden.
353 1791 1255 1826 In ausführlichen Referaten sprachen Quirin Kokrda
251 1824 1254 1861 und W. Wilhelm über die Lage der Konsumvereine und
250 1859 1254 1895 die Verbandsrevision. Sie beantragten zwei im Sinne ihrer
250 1893 845 1930 Ausführungen gehaltene Resolutionen.
352 1936 775 1974 Die eine Resolution lautet:
387 1981 1255 2016 Auf Grund des in den Berichten der Verbandsrevisoren
284 2014 1255 2052 niedergelegten Tatsachenmaterials sowie in Anbetracht der
287 2050 1254 2087 Erfahrungen und Wahrnehmungen, die der Verbandsvorstand
283 2085 1255 2120 und Aufsichtsrat der G. ö. C. machten, beschließt der Verbands¬
282 2119 1255 2155 tag, den angehörigen Vereinen die genossenschaft¬
281 2153 1254 2191 lichen Grundsätze in Erinnerung zu bringen und ihre
283 2187 1035 2224 strikte Beobachtung zur Pflicht zu machen.
385 2224 1256 2259 Insbesondere legt er Gewicht auf den baren Einkauf
284 2257 1254 2294 und Verkauf der Waren; auf die Erhöhung des Reservefonds
280 2293 1254 2329 bis zur vollen Höhe der eingezahlten wie ausständigen
284 2322 1255 2364 Geschäftsanteile; auf die ständige genossenschaftliche Propaganda
280 2362 1255 2398 und Agitation, durch die unausgesetzt neue Mitglieder
283 2390 1252 2434 gewonnen und diese zu treuen Genossenschaftern herangezogen
285 2431 1255 2468 werden; auf die Förderung der Spartätigkeit durch Ansammlung
280 2466 1255 2503 von Spargeldern, Anlegung von Not= und Hilfsfonds u. s. w.;
287 2501 1255 2537 auf die genaue Einhaltung der gesetzlichen und statutarischen
286 2534 1254 2572 Vorschriften sowie der Beschlüsse der Generalversammlungen
282 2570 1255 2607 und sonstigen Körperschaften, die für die Vereine in Betracht
281 2604 1256 2641 kommen; auf eine gewissenhafte Buchführung und Kassen¬
284 2632 1251 2673 revision, wobei die buchmäßige Kontrolle besonders die
282 2666 1250 2715 Geschäftsanteile und Spareinlagen, die Wareninventur und
279 2708 1255 2743 sonstigen Vermögensbestände, die Außenstände und Waren¬
277 2736 1255 2778 schulden, das Lagerhalterkonto, die Berechnung der Waren¬
279 2776 1254 2813 inventuren unter Zugrundelegung der Einkaufspreise und
280 2811 1255 2847 ausreichender Abschreibungen, des Gewinn= und Verlustkonto
280 2844 1255 2882 sowie alle Aktiv= und Passivposten der Bilanz im einzelnen
280 2879 489 2915 umfassen soll.
385 2915 1255 2950 Der Verbandstag macht ferner den Vereinen den
279 2944 1254 2985 regelmäßigen Besuch der Einkaufstage und der Distrikts¬
280 2983 1254 3018 versammlungen zur Pflicht und empfiehlt ihnen in Be¬
279 3012 1251 3057 tätigung der genossenschaftlichen Solidarität bei Eindeckung
278 3048 1057 3089 des Warenbedarfes den Bezug durch die G. ö. C.
383 3087 1250 3124 Gleichzeitig beauftragt er zum Zwecke der allgemeinen
280 3122 1254 3159 Durchführung oder Sicherung der vorstehend aufgezählten
279 3157 1254 3193 Maßnahmen den Verbandsvorstand, im Einvernehmen mit
278 3192 1254 3228 dem Aufsichtsrat der G. ö. C. die Verbandsrevision zweck¬
278 3228 948 3263 entsprechend und zeitgemäß auszugestalten.
456 3392 1052 3443 Der Entgleiste.
1182 3400 1231 3451 127
341 3473 1155 3514 Roman von Wilhelm Holzamer.
350 3539 1099 3580 Als er geendet hatte, sagte Doktor Laforêt:
349 3577 1254 3620 „Dann wäre es doch weit einfacher, ich stellte Sie
244 3618 1252 3658 als Assistenzarzt bei mir an. Das wäre auch richtiger.
242 3657 1253 3696 Sie wären auf dem Platze, auf den Sie gehören — und
243 3695 1253 3738 Sie wären aus der Lage herausgehoben, in die Sie nicht
241 3736 396 3775 gehören.“
346 3773 1254 3815 „Damit wäre mir aber schlecht gedient,“ fiel ihm
242 3814 1253 3855 Philipp eifrig ein. „Ich würde sogar ablehnen, so ver¬
242 3853 1253 3895 lockend Ihr Anerbieten für mich ist. Ich will nun ein¬
241 3891 1253 3936 mal von unten weiter gehen. Und da sich mir die
240 3932 1253 3974 Gelegenheit geboten, will ich meinem Beruf einmal
238 3971 1251 4013 dienend ergeben sein, statt ihn herrschend auszuüben. Ich
239 4009 1252 4052 will die Erfahrungen, die ich so sammeln kann, die Auf¬
243 4049 1252 4089 schlüsse, die ich so gewinnen kann, meinem Beruf wieder,
241 4087 1253 4128 wenn ich je dazu komme, dienstbar machen ...“ Der
245 4127 1253 4166 Gedanke war ihm, während er sprach, klar geworden
243 4165 1251 4205 und stark zugleich. „Sie irren, wenn Sie vermuten, ich
240 4204 1252 4244 hätte die Absicht, die Verhältnisse hier zu studieren, um
241 4242 1252 4284 sie hinauszutragen. Was ich davon profitiere, soll dem
241 4283 1253 4325 Beruf, soll den Kranken, soll mir wie Ihnen zugute
242 4322 1253 4364 kommen. Ich will es für mich tun, und ich will einmal
242 4363 1253 4404 in eine andere Beziehung zu unseren Kranken kommen.
242 4400 1254 4443 Ich will neben ihnen stehen, nur ein wenig in meiner
244 4439 1253 4482 Sorge und Beobachtung über ihnen, aber nicht beherr¬
242 4478 1252 4524 schend. Unser Wissen von den Irren wird ein anderes,
241 4517 1250 4562 wenn wir es mit den Erfahrungen des Wärters ver¬
243 4564 491 4598 einen können.“
351 4603 1250 4655 Der Doktor Laforêt hatte wieder das Kräuseln auf
244 4655 441 4697 den Lippen.
347 4691 1250 4743 „Mein Lieber, Sie wollen ein Experiment machen
249 4736 956 4785 — mit sich, mit den Kranken, mit mir!“
349 4786 868 4834 „Ist nicht alles Experiment?“
348 4826 1252 4882 „Wohl ... schon ...! Aber wie kommen Sie gerade
251 4873 938 4924 zu mir? Und warum gerade bei mir?“
350 4915 1255 4966 Philipp sah, daß er immer noch mißtrauisch war.
255 4954 1256 5009 Er setzte ihm noch einmal auseinander, wie ihm die
256 4991 812 5052 Gelegenheit dargeboten worden.
361 5036 1258 5092 „Ich habe nicht daran gedacht, es ist kein vorge¬
253 5072 1261 5130 nommener, erwogener Plan. Der Gedanke ist in mir stark
255 5113 1262 5172 geworden, ich habe ihn als fruchtbar in mir wachsen
1408 338 2308 375 Diese Resolution wurde einstimmig angenommen. Ebenso
1304 372 1967 410 die zweite, welche folgenden Wortlaut hat:
1441 415 2306 452 Der Verbandstag verpflichtet die verbandsangehörigen
1338 450 2309 486 Konsumvereine und Genossenschaften, bei geschäftlichen Trans¬
1337 486 2306 522 aktionen aller Art, insbesondere bei Aufnahme von Leih¬
1338 520 2308 556 kapitalien, Erweiterung der geschäftlichen Tätigkeit, Aus¬
1338 554 2306 590 dehnung der Betriebe der Eigenproduktion sowie bei
1336 589 2305 625 Investierung von Kapitalien in Bauten eine gutachtliche
1338 624 2306 660 Aeußerung oder die Zustimmung des Zentral¬
1337 658 2304 693 verbandes einzuholen; desgleichen natürlich auch jene
1336 693 2304 728 Genossenschaften, die gemeinsame Produktionsbetriebe errichten.
1441 728 2304 764 Ebenso werden vom Zentralverband fallweise die
1336 762 2303 798 Bedingungen festzusetzen sein, unter welchen Konsumvereine
1335 792 2304 834 (Genossenschaften) mit anderen Organisationen Fabriken be¬
1336 828 2156 868 treiben oder Geschäftsverbindungen eingehen können.
1440 867 2303 903 Aber nicht nur in diesen Fällen ist der Zentralverband
1336 901 2303 936 rechtzeitig zu verständigen; sein Gutachten ist auch dann —
1335 936 2302 972 vorher — zu begehren, wenn eine andere Organisation, die
1335 971 2303 1006 außerhalb des Zentralverbandes steht, aber auf seine, be¬
1335 1005 2303 1041 ziehungsweise der angeschlossenen Genossenschaften Unter¬
1336 1040 2302 1076 stützung und Förderung rechnet, mit der Errichtung von
1335 1074 2033 1110 Produktionsbetrieben vorzugehen beabsichtigt.
1437 1109 2302 1145 Welche Produktionszweige den Genossenschaften von
1334 1143 2302 1178 vornherein vorzubehalten, für welche der G. ö. C. die Vor¬
1335 1177 2302 1213 hand zu reservieren ist, bestimmt von Fall zu Fall der Vor¬
1334 1206 2302 1247 stand des Zentralverbandes gemeinsam mit dem Aufsichtsrat
1333 1247 2302 1281 der G. ö. C. Die Bedingungen für die Errichtung von Pro¬
1333 1280 2302 1318 duktionsbetrieben sind für alle Einzelfälle möglichst gleichmäßig
1333 1316 1497 1352 festzusetzen.
1439 1351 2301 1386 Ebenso beschließt der Zentralvorstand fallweise darüber,
1334 1386 2302 1421 welches Minimum an Betriebskapital von vornherein durch
1333 1421 2302 1456 die eigenen Mittel, Geschäftsanteile und Reserven gesichert sein
1335 1455 2302 1490 muß, damit Verbindungen mit kapitalistischen Interessenten
1333 1490 2302 1525 und Beteiligungen fremden Privatkapitals, die zu perhorre¬
1334 1525 1944 1560 szieren sind, vermieden werden können.
1436 1559 2303 1595 Der Verbandstag warnt die Vereine vor spekulativen
1335 1594 2302 1629 Experimenten und empfiehlt ihnen, den Absatz im wesentlichen
1333 1629 2303 1664 auf dem organisierten Konsum unter Ausschaltung des Zwischen¬
1333 1664 1646 1699 handels aufzubauen.
1436 1698 2303 1733 Genossenschaften und Organisationen, welche den Wei¬
1332 1733 2302 1768 sungen, beziehungsweise den Ratschlägen des Zentralverbandes
1333 1768 2302 1803 zuwiderhandeln, ist die Unterstützung des Zentralverbandes
1334 1803 1909 1837 und seiner Vereine zu versagen.
1434 1836 2299 1872 Bei Verbandsvereinen ist erforderlichenfalls mit dem
1333 1871 1755 1908 Ausschluß vorzugehen.
1402 1914 2301 1950 Auf der Tagesordnung des Verbandstages stand auch die
1298 1948 2302 1983 Wahl des Verbandsobmannes und der Verbands¬
1298 1984 1524 2013 kontrolle.
1401 2018 2301 2054 Besel teilt mit, daß Genosse Exner erklärt habe, infolge
1298 2053 2301 2090 von Ueberbürdung nicht mehr in der Lage zu sein, die Funktion
1301 2088 2301 2124 des Obmannes auszuüben. Er beantragt, Genossen Exner für
1298 2123 2302 2158 seine außerordentlichen Verdienste, die er sich um die Genossen¬
1297 2152 2301 2193 schaftsbewegung und den Zentralverband errungen hat, den
1297 2193 2227 2228 Dank und die Anerkennung auszusprechen.
1396 2226 2300 2262 Hierauf schlägt Exner als neuen Obmann Abgeordneten
1297 2261 2296 2297 Dr. Renner vor. Er legt den Nutzen dar, den es für den
1300 2296 2254 2332 Verband habe, als Obmann einen Parlamentarier zu haben.
1400 2325 2300 2367 Die Wahl Dr. Renners zum Obmann wird hierauf
1297 2366 2301 2403 vom Verbandstag einstimmig und unter großem Beifall
1297 2408 1509 2437 angenommen.
1400 2435 2301 2471 Dr. Renner erklärt, die Wahl anzunehmen. Unter
1297 2469 2301 2506 stürmischer Zustimmung der Delegierten führt er aus, daß er
1297 2500 2301 2540 seine Hauptaufgabe in der parlamentarischen und literarischen
1298 2539 2300 2575 Vertretung des Verbandes sehen werde. Im neuen Hause wird
1301 2574 2301 2611 es an zahlreichen Gelegenheiten, für die Genossenschaftsbewegung
1303 2604 2301 2644 der Arbeiter zu arbeiten, nicht fehlen. Die sozialdemokratischen
1298 2643 2300 2678 Abgeordneten werden der bürgerlichen Mehrheit abringen, was
1299 2677 2302 2712 möglich ist. Es muß darauf hingewirkt werden, daß die Aschen¬
1298 2712 2301 2748 brödelrolle, die man den Genossenschaften der Arbeiter zugedacht
1297 2746 2302 2782 hat, verschwindet. Dr. Renner schließt: Ich kann aber bei meiner
1296 2781 2301 2816 Tätigkeit auf die Mithilfe Exners nicht verzichten, ich bin über¬
1300 2815 2299 2851 zeugt, daß er mir mit seinen reichen Erfahrungen zur Seite
1298 2846 1792 2884 stehen wird. (Lebhafter Beifall.)
1400 2884 2300 2921 Unter großem Beifall spricht hierauf der Verbandstag
1298 2919 2300 2955 Genossen Exner, dem Mitbegründer und Organisator des
1297 2954 2300 2989 Zentralverbandes, den wärmsten Dank für die Dienste aus, die
1297 2988 2300 3022 er für die österreichische Genossenschaftsbewegung leistete. Der
1297 3021 2299 3059 Verbandstag spricht die Hoffnung aus, daß dieser auch fernerhin
1296 3057 2299 3092 seine Kraft dem Verband widmen werde. Exner versichert, daß
1298 3091 2299 3128 er jederzeit bereit sei, seine Kräfte der Genossenschaftsbewegung
1296 3126 2300 3161 zu widmen, und hebt hervor, wie sehr auch die übrigen Vor¬
1297 3160 2058 3196 standsmitglieder für ihre Arbeit Dank verdienen.
1398 3196 2298 3231 In die Verbandskontrolle werden Mayer, Suchanek,
1296 3229 1884 3266 Tobola und Pabitsch gewählt.
2456 340 3353 375 Der Verbandstag beschließt ferner den korporativen
2351 375 3358 411 Beitritt sämtlicher verbandsangehörigen Genossenschaften zum
2351 410 3357 444 internationalen Genossenschaftsbund. Die
2352 438 3357 480 auf die angeschlossenen Genossenschaften entfallenden Beiträge
2351 479 3356 515 werden auf diese aufgeteilt und mit den anderen Verbands¬
2351 514 2680 548 beiträgen eingehoben.
2453 548 3351 584 Die Delegierten gaben hierauf den auf den einzelnen
2349 582 3351 619 Distriktsverbandstagen abgeschlossenen Kollektivverträgen ihre
2347 617 2553 653 Zustimmung.
2453 652 3352 689 Es wird beschlossen, die Verbandsbeiträge in der bis¬
2348 686 2740 722 herigen Höhe zu belassen.
2452 721 3352 760 Der nächste Verbandstag wird in Graz abgehalten
2350 756 2466 785 werden.
2449 792 3350 829 In seinem Schlußwort faßt Exner die Tätigkeit des
2346 825 3350 865 Verbandstages zusammen, worauf die Delegierten aus¬
2347 861 2571 897 einandergehen.
2437 933 3265 1007 Unionstag der Textilarbeiter.
2693 1012 2999 1048 Zweiter Tag.
2449 1054 3351 1091 Als Vertreter der schweizerischen Textilarbeiter ist Genosse
2347 1095 3185 1134 Senn erschienen, der den Kongreß herzlich begrüßt.
2448 1140 3359 1177 Der zweite Punkt der Tagesordnung ist die Beratung
2345 1181 3359 1220 und Beschlußfassung über die vorliegenden Anträge. Das
2346 1224 3016 1263 Referat erstattet Abgeordneter Hanusch.
2450 1268 3086 1306 Es liegen nämlich folgende Anträge vor:
2446 1312 3119 1351 Die Unionsleitung stellt folgenden Antrag:
2484 1356 3297 1394 Der ordentliche Mitgliedsbeitrag beträgt per Woche:
2547 1392 2806 1429 In der 1. Klasse
3002 1392 3146 1429 62 Heller
2561 1429 2799 1463 „ „ 2. „
2995 1429 3111 1463 52 „
2560 1463 2793 1497 „ „ 3. „
2996 1463 3110 1497 42 „
2559 1497 2789 1532 „ „ 4. „
2993 1497 3109 1532 36 „
2562 1532 2784 1567 „ „ 5. „
2994 1532 3109 1567 32 „
2561 1567 2783 1600 „ „ 6. „
2995 1567 3108 1600 28 „
2482 1608 3358 1644 In die ersten drei Klassen können alle männlichen und
2381 1641 3068 1678 weiblichen Mitglieder ausgenommen werden.
2485 1678 3358 1718 In die 4. und 5. Klasse dürfen nur Frauen und
2381 1711 3358 1748 jugendliche Arbeiter bis zu achtzehn Jahren sowie Haus¬
2380 1742 3359 1784 weber, die mit Leinen= oder Baumwollgarn arbeiten, auf¬
2383 1782 2679 1816 genommen werden.
2482 1816 3351 1853 Die 6. Klasse ist für alle neubeitretenden Mitglieder
2381 1850 2503 1885 gesperrt.
2449 1891 3359 1931 Gegen die Sperrung der 6. Klasse wenden
2345 1936 3360 1974 sich mehrere Delegierte mit Hinblick auf die schlechten Lohn¬
2344 1973 3360 2017 verhältnisse in den Webereidistrikten. Von einigen Delegierten
2344 2019 3360 2060 wird beantragt, daß die Sperrung der 6. Klasse nicht sofort
2344 2061 3360 2103 erfolgen, sondern bis zum nächsten Unionstag verschoben werden
2343 2105 3359 2147 soll. Ein Antrag geht dahin, die 4. und 5. Klasse außer den
2344 2151 3359 2192 Hauswebern allen Heimarbeitern (also auch den Haus¬
2343 2196 3358 2234 stickern) zugänglich zu machen. Ein weiterer Antrag will, daß
2344 2240 3349 2276 auch die 4. Klasse allgemein zugänglich sei. Andere Anträge
2344 2283 3347 2320 wollen die 6. Klasse nicht nur sperren, sondern auch für die
2344 2326 2750 2363 alten Mitglieder aufheben.
2446 2370 3350 2407 Bezüglich der Streikunterstützung hatte die
2344 2413 3350 2451 Unionsleitung beantragt, daß sie erst gezahlt werde, wenn der
2345 2456 3350 2495 Streik oder die Aussperrung länger als eine Woche dauert.
2344 2499 3350 2536 Mit Rücksicht auf die bei der Vorbesprechung gemachten Ein¬
2344 2543 3348 2579 wendungen teilt der Referent Hanusch mit, der Vorstand sei
2344 2586 3349 2623 bereit, zuzustimmen, daß die Streikunterstützung schon dann
2346 2629 3350 2665 gezahlt werde, wenn der Streik oder die Aussperrung min¬
2345 2672 3351 2709 destens vier Tage dauert. Verschiedene Anträge wollen
2343 2715 2960 2753 eine Aenderung der Unterstützungssätze.
2449 2759 3351 2796 Eine lebhafte Debatte gibt es in der Frage der Arbeits¬
2343 2793 3360 2838 losenunterstützung. Hiezu liegen von einer Reihe von
2343 2844 3359 2881 Ortsgruppen — so von Atzgersdorf=Liesing und von Brünn —
2345 2887 3359 2925 Anträge vor, daß die Unterstützung vom ersten Tage an gezahlt
2343 2931 3358 2967 werden soll, allerdings nur, wenn die Arbeitslosigkeit länger als
2343 2969 3359 3013 drei Tage dauert. Die Unionsleitung spricht sich dagegen aus, da
2346 3016 3359 3053 die Union dadurch mit mindestens 25.000 Kronen belastet würde.
2344 3060 3350 3097 Dagegen ist die Unionsleitung bereit, einen Antrag der Orts¬
2344 3104 3350 3141 gruppe Ebergassing, der eine Unterstützung im Falle von
2343 3147 3350 3184 Aussetzen verlangt, zu akzeptieren, jedoch nur dann, wenn
2342 3190 3350 3228 das Aussetzen nicht einzelne Arbeiter, sondern ganze Betriebe
2342 3234 3348 3273 oder Betriebsabteilungen betrifft. Dieser Antrag,
1298 3309 2301 3350 lassen, als ich die Möglichkeit eines Wärterpostens für mich
1298 3348 2303 3391 sah. Ich wollte, ohne Hinterhaltigkeit, ohne Eigennutz, ohne
1298 3388 2303 3427 Nebenabsicht, unbekannt und unerkannt die dienende
1299 3426 2302 3468 Stellung des Wärters in meinem Beruf auf mich nehmen.
1298 3466 2301 3506 Als eine Prüfung, als eine Brücke — ich war ja so außer¬
1297 3504 2301 3545 halb meines Berufes geraten —, als ein entscheidendes
1299 3543 2302 3589 Experiment, in dem es ganz auf mich ankäme, ob ich stehen
1297 3582 2301 3624 bleiben sollte oder höher steigen könnte. Und wie ich schon
1297 3621 2301 3663 sagte, während unseres Gespräches kamen die anderen
1298 3660 2301 3701 Lockungen und die übrigen Bedeutungen, die das Experi¬
1297 3699 2300 3740 ment noch hat. Ich konnte mich vor Ihnen nicht ver¬
1297 3738 2302 3779 bergen, aber wenn Sie mir nicht trauen können, so bitte
1296 3777 2301 3820 ich, mich zu entschuldigen; ich werde mich dann nicht mehr
1297 3817 1478 3850 bewerben.“
1401 3856 2299 3898 Er machte eine Verbeugung und schickte sich an
1296 3896 1451 3938 zu gehen.
1400 3935 2300 3976 „Nicht so kurz und eilig, mein Freund,“ bedeutete
1296 3975 2299 4018 ihn Doktor Laforêt zu warten. „Ich bin der Meinung,
1296 4014 2298 4055 Sie hätten Ihren ganzen Weg anders machen können,
1296 4053 2297 4094 Sie hätten ihn leichter haben können. Aber jeder nach
1295 4091 2297 4133 seinem. Geschmack — ich habe nicht darüber zu richten.
1298 4130 2299 4172 Sie sind Ethiker, und Sie haben sich in einen ethischen
1297 4169 2302 4209 Gedanken verrannt. Ich weise es nicht von der Hand,
1296 4207 2300 4249 daß seine Ausführung nicht ohne Nutzen wäre. Für Sie
1296 4246 2298 4287 — ich sehe zunächst nur, Sie lernen dienen. Wenn es
1296 4286 2297 4330 Ihnen darauf ankommt ... nun wohl! Allerdings — ja
1296 4325 2296 4367 freilich — auch praktische Erfahrungen, getrübt durch das
1298 4364 2295 4406 Auge des Arztes, dem Sie die besondere Schärfe ja nun
1297 4402 2295 4446 doch nicht auf einmal wieder nehmen können. Wissen
1296 4441 2294 4483 Sie was, ich bin für das Experiment gewonnen. Ich ver¬
1295 4480 2294 4521 spreche mir persönlichen Nutzen davon. Und ich bin
1295 4518 2295 4560 Egoist, ich gestehe das gern ein. Warum nicht? Aber
1292 4558 2293 4599 hören Sie — zwei Gründe, der erste: Sie wollen hier alles
1293 4596 2294 4640 von unten ansehen, es wird alles die Beurteilung von
1293 4635 2291 4684 unten dadurch erfahren. Ich bin präzise. Nicht, daß ich
1293 4674 2290 4719 mich fürchtete, nein — aber warum soll gerade ich mich
1294 4712 2290 4759 dem aussetzen? Ich stehe hier so ziemlich allein. Ich
1294 4752 2289 4800 habe Feinde ringsum. Und ich bin nicht christlich. Ich
1294 4791 2289 4838 liebe meine Feinde nicht, ich suche sie zu vernichten. Ich
1296 4829 2289 4875 will es in Ihrem ethischen Sinne so begründen: Sie scha¬
1297 4868 2289 4913 den nicht allein mir, Sie schaden unserer Sache. Machen
1299 4905 2288 4952 Sie das Experiment anderswo — ich werde davon pro¬
1298 4942 2287 4986 fitieren. Es wird mir eine Kleinigkeit sein, Sie in
1299 4981 2289 5031 Ville Evrard als Wärter unterzubringen. Sie sind hier
1304 5023 2286 5067 wie dort auf ein Jahr verpflichtet. Aber es gibt Aus¬
1304 5064 2285 5109 nahmen. Sie können nach einem halben Jahre bei mir
1305 5105 2284 5147 als Assistenzarzt eintreten. Denn dies ist der zweite
2347 3314 3351 3357 Grund: Sie sind Deutscher. Es ist billig, daß die Er¬
2346 3352 3350 3395 fahrungen, die an uns gemacht werden, uns auch zu
2346 3393 3350 3434 Nutzen dargebracht werden. Ich weiß, solche Erfahrungen
2345 3432 3350 3473 werden rasch international. Aber sie sollen von unserer
2344 3471 3341 3512 Verwirklichung ausgehen — ich will sie hier nützen.
2346 3509 3351 3549 Ich bin Egoist. Ich bin es aber nicht mehr als Sie.
2345 3548 3349 3589 Wir arbeiten beide für unseren Beruf. Und wir können
2346 3587 3347 3628 ehrliche Leute bleiben, wenn wir uns offen vor einander
2345 3626 3348 3667 aussprechen. Das tun wir eben ... und ich hoffe, Sie
2344 3665 2595 3705 verstehen das.“
2447 3713 3351 3756 Philipp war eingesponnen. Das war so plausibel
2343 3754 3348 3796 — dagegen konnte er nichts einwenden. Er spürte wohl,
2343 3794 3352 3837 er war dem Dr. Laforêt Werkzeug und Mittel, aber er
2342 3833 3350 3876 war’s ihm ja für die Sache. Es ging um der Sache
2342 3872 3349 3917 willen und nützte der Sache, selbst wenn der Chefarzt
2342 3912 3351 3956 von Sainte=Anne ein weiteres für sich herausschlagen
2343 3952 3351 3996 würde. Es könnte nur nützen, seine Stellung zu befestigen,
2342 3990 3347 4036 denn er war der modernste Psychiater Frankreichs. Das
2343 4030 3350 4073 erwog Philipp rasch in seinen Gedanken. Und er war ein
2342 4069 3345 4113 Franzose, er könnte es auf keine andere Art auffassen als
2343 4106 2699 4149 eben auf französische.
2444 4156 2793 4197 Philipp willigte ein.
2446 4202 3349 4246 „Ich verspreche Ihnen,“ sagte Doktor Laforêt nun
2342 4239 3358 4286 sehr ernst, „Sie nicht gegen meine Feinde auszunützen.
2340 4278 3357 4327 Ich werde nur von Ihnen nehmen, was Sie mir geben.
2340 4320 3350 4366 Wir werden zusammen an der Praxis arbeiten. Sie
2339 4360 3349 4406 werden mir für meine Anstalt nützen und wir werden
2338 4399 3348 4448 einander geben und voneinander nehmen, ohne zu fragen,
2337 4436 3348 4487 wer der Gebende und wer der Nehmende ist. Sollten
2338 4478 3346 4530 Sie mir Bestätigungen meiner Behandlungsweise bringen,
2336 4516 3344 4570 so wird mich das glücklich machen; sollten Sie sie um¬
2335 4558 3342 4610 stoßen, so werden Sie derjenige sein, der das zu be¬
2336 4597 3341 4654 gründen hat, und ich werde Sie weder behindern noch
2335 4640 3342 4691 gar unterdrücken. Meine Karten sind offene. Und in
2335 4676 3340 4736 dem, was zu erstreben ist, werde ich weder eitel noch
2335 4716 3339 4770 egoistisch sein. Ich habe beides nicht nötig,“ — er tat
2335 4756 3337 4814 einen Blick in den Spiegel — „ich habe einiges getan,
2333 4792 3042 4843 das von mir ganz allein getan worden.“
2438 4841 3104 4898 Er schmunzelte. Philipp verneigte sich.
2433 4889 3333 4948 Sie besprachen nun noch weiter den Plan. Philipp
2331 4917 3335 4986 sollte als Philippe Villebois dem Wärterpersonal der
2331 4958 3336 5026 Irrenanstalt von Ville Evrard eingegliedert werden. Er
2332 5002 3003 5058 habe sich um nichts mehr zu kümmern.
2433 5048 2991 5102 Philipp wollte sich verabschieden.
2715 5115 2940 5145 (Fortsetzung folgt.)
