3456 5339
185 189 324 222 Seite 2
737 178 1008 221 Wien, Samstag
1464 169 2037 210 Neue Freie Presse.
2491 166 2716 208 1. Juli 1911
3073 163 3272 200 Nr. 16830
142 254 1171 325 Die Eröffnung der parlamentarischen Cam¬
219 314 1106 386 pagne im Deutschen Nationalverbande.
865 384 1138 420 Wien, 30. Juni.
231 426 1173 481 Der Vollzugsausschuß des Deutschen National¬
150 470 1172 529 verbandes hat heute nach den Wahlen seine erste Sitzung
143 511 1172 571 gehalten. An der Beratung nahmen außer den Mit¬
150 557 1173 614 gliedern des Vollzugsausschusses noch mehrere andere
145 599 1173 657 Abgeordnete teil, darunter auch einige neugewählte. Da
144 641 1173 699 der Deutsche Nationalverband noch nicht neu konstituiert
141 686 1173 745 ist, konnten politische oder taktische Beschlüsse, durch welche
144 729 1172 789 der Verband für die Zukunft gebunden würde, selbst¬
143 773 1174 831 verständlich nicht gefaßt werden. Trotzdem hat die Be¬
145 817 1173 874 ratung nach zwei Punkten wichtige Ergebnisse zu Tage
145 855 1176 918 gefördert, die zweifellos auch nach der Konstituierung ihre
141 902 1174 960 Nachwirkung üben werden. Es wurden nämlich Verein¬
153 945 1175 1003 barungen getroffen, die sich erstens auf die Ein¬
145 988 1174 1047 ladungen zu der konstituierenden
146 1031 1175 1090 Sitzung und zweitens auf das Verhalten der
146 1074 1176 1133 deutschen Abgeordneten, die eventuell mit der
146 1118 1136 1176 Regierung in Berührung treten werden, beziehen.
233 1160 1177 1219 Nächsten Freitag wird eine Vollversammlung
145 1203 1177 1263 des Deutschen Nationalverbandes stattfinden. In der
155 1244 1174 1307 heutigen Konferenz mußte die Frage entschieden werden,
153 1290 1176 1351 welche Abgeordneten zu dieser konstituierenden Sitzung
145 1329 1176 1393 eingeladen werden sollen. Diese Frage wurde
155 1371 1177 1438 gemäß einer Anregung des Abgeordneten Wolf im
155 1418 1178 1481 Wesen dahin entschieden, daß alle jene Abgeordneten ein¬
147 1461 1176 1526 geladen werden, die auf das Programm des
146 1505 1180 1567 Deutschen Nationalverbandes kandi¬
147 1548 1178 1611 diert haben, oder die sich ihren Wählern gegenüber
147 1591 1178 1656 zum Eintritt in den Deutschen National¬
152 1643 742 1693 verband verpflichteten.
232 1679 1180 1738 Demgemäß werden von den Wiener Abge¬
147 1723 1183 1781 ordneten zwei, nämlich die Abgeordneten Doktor
148 1767 1179 1822 Waber und Ganser, zur konstituierenden Sitzung
147 1809 1180 1869 eingeladen werden. Der erstere hat als Deutschnationaler
147 1853 1180 1909 kandidiert, der letztere hat vor der Stichwahl die erwähnte
148 1896 1179 1955 Verpflichtung übernommen. Nicht eingeladen werden die
148 1940 1180 1997 drei bisherigen Wiener Abgeordneten Hofrat Kuranda,
149 1982 1182 2042 Baron Hock, Dr. Ofner, ferner die neugewählten Ab¬
149 2025 1178 2079 geordneten Dr. Neumann, Denk, Friedmann,
146 2063 1181 2126 Zenker und Dr. Pollauf. Nach den Klubstatuten
147 2105 1180 2168 können diese Abgeordneten in den Verband dann ein¬
149 2155 1184 2212 treten, wenn sie ihren Beitritt anmelden und dieser mit
151 2199 1183 2258 einfacher Stimmenmehrheit von der Vollversammlung ge¬
142 2252 393 2299 nehmigt wird.
234 2284 1183 2337 Von den niederösterreichischen Abge¬
151 2321 1184 2382 ordneten werden Dr. Schürff und Wedra ein¬
151 2372 1183 2430 geladen, der Kompromißkandidat Kittinger wird
152 2415 1184 2474 nicht eingeladen. Aus den übrigen Kronländern werden
153 2456 1185 2516 sämtliche deutschfreiheitlichen Abgeordneten eingeladen, mit
152 2508 667 2557 Ausnahme der Schönerianer.
237 2545 1184 2600 Dieser Beschluß wurde damit motiviert, daß der
152 2587 1185 2643 Deutsche Nationalverband schon aus formellen Gründen
153 2631 1182 2686 nur jene Abgeordnete zur Konstituierung laden könne,
160 2674 1186 2727 von denen im voraus feststeht, daß sie geladen sein
158 2717 1185 2771 wollen, die also durch ihr Wahlprogramm oder durch
154 2760 1186 2817 öffentliche Erklärungen ihre Zugehörigkeit zum National¬
153 2810 588 2856 verband bekundet haben.
238 2846 1187 2901 Die zweite wichtige Vereinbarung betrifft das vor¬
159 2884 1188 2945 läufige Verhalten der deutschen Abgeordneten gegenüber
154 2933 1187 2987 dem Ministerpräsidenten Baron Gautsch. Es wurde
155 2976 1190 3033 zunächst festgestellt, daß bisher kein deutscher Abgeordneter
154 3018 1190 3073 mit dem neuen Ministerpräsidenten gesprochen und
153 3055 1188 3118 daß auch noch keiner von ihm eine Einladung zu einer
156 3102 1190 3161 Besprechung erhalten hat. Für den Fall, als solche
160 3149 1191 3204 Konferenzen stattfinden sollten, wurde den Teilnehmern
163 3196 798 3248 folgende Direktive mitgegeben:
242 3235 1190 3289 Die deutschen Abgeordneten werden eventuelle Mit¬
162 3278 1193 3334 teilungen des Ministerpräsidenten bloß ad referendum
158 3322 1189 3378 nehmen und können bezüglich der Haltung des National¬
1221 247 2244 302 verbandes gegenüber der Regierung keinerlei präjudizier¬
1222 290 2245 344 liche Meinungsäußerungen abgeben, da weder das Pro¬
1223 334 2245 387 gramm der neuen Regierung bekannt ist noch auch der
1222 377 2244 431 Nationalverband vor seiner Konstituierung eine politische
1222 421 2245 475 Verpflichtung übernehmen kann. Hingegen werden die Ab¬
1222 464 2244 518 geordneten, die mit dem Ministerpräsidenten politische Be¬
1222 508 2244 562 sprechungen haben sollten, ihn nicht in Zweifel darüber
1221 552 2245 608 lassen, welches die allgemeinen politischen Auffassungen
1223 595 2246 648 im Nationalverbande sind. Sie werden demgemäß
1223 637 2246 693 gegebenenfalls erklären, daß der Nationalverband jede
1220 681 2244 736 Personalkoalition perhorresziert, daß
1222 726 2245 779 er auch eine Parteienkoalition, die auf eine
1222 766 2245 823 Parlamentarisierung des Ministeriums abzielen würde, so
1224 809 2245 866 lange für unmöglich hält, bis die sachliche Grundlage
1223 855 2245 910 dafür geschaffen wäre, und daß er insbesondere und
1224 898 2245 955 mit dem allergrößten Nachdruck eine objektive
1223 940 2245 997 Führung der Verwaltung verlangt, die sich
1221 984 2247 1042 von jeder Beeinflussung von außen, sei es
1222 1027 2246 1085 durch parlamentarische oder außerparlamentarische Trieb¬
1225 1082 1592 1129 kräfte, fernehält.
1304 1116 2246 1171 Diese Forderungen sind das Ergebnis einer längeren
1225 1159 2245 1215 politischen Debatte, die heute geführt wurde und in der die
1225 1202 2248 1259 meisten Redner für die Erhaltung der Grundsätze des bis¬
1224 1245 2245 1303 herigen Regierungssystems des Freiherrn v. Bienerth
1224 1301 1504 1347 eingetreten sind.
1301 1341 2245 1396 Ueber die Einzelheiten der heutigen Beratung er¬
1224 1392 1829 1443 halten wir folgende Mitteilungen:
1267 1452 2206 1512 Die Beratung des Vollzugsausschusses des
1416 1500 2062 1551 Deutschen Nationalverbandes.
1309 1555 2249 1613 Ueber die heutige Sitzung des Vollzugsausschusses
1230 1604 1985 1659 wird folgendes Communiqué veröffentlicht:
1311 1651 2252 1710 „Heute nachmittags trat der vom Deutschen National¬
1232 1695 2253 1755 verbande nach der Auflösung des Abgeordnetenhauses ein¬
1231 1737 2252 1803 gesetzte Vollzugsausschuß unter dem Vorsitze des Ab¬
1233 1783 2249 1842 geordneten Dr. Sylvester zu einer Sitzung zusammen,
1232 1823 2254 1881 um über die Modalitäten der Neukonstituierung
1230 1866 2252 1927 des Deutschen Nationalverbandes zu
1232 1913 2252 1970 beraten. An der Sitzung nahmen teil die Abgeord¬
1232 1956 2251 2013 neten: Dr. Groß, Erb, Herzmansky, Markhl,
1233 2000 2250 2057 Dr. v. Oberleithner, Pacher, Dr. Roller,
1229 2044 2251 2102 Minister a. D. Dr. Schreiner, Dr. Stein¬
1231 2088 2258 2145 wender, Dr. Stölzel, Wolf, Dr. Urban,
1233 2132 2251 2190 Jesser und Dr. v. Langenhan; ferner die neu¬
1232 2176 2252 2233 gewählten Abgeordneten Hummer, Dr. Waber und
1233 2229 1471 2275 Dr. Wichtl.
1313 2261 2257 2319 Es wurde beschlossen, alle diejenigen Ab¬
1235 2301 2254 2365 geordneten zum Beitritte einzuladen,
1235 2347 2257 2408 welche auf das Programm des Deutschen
1232 2391 2256 2447 Nationalverbandes kandidiert und sich
1235 2435 2257 2494 den Wählern verpflichtet haben, dem
1236 2485 2039 2537 Nationalverbande beizutreten.
1315 2532 2258 2589 Die konstituierende Sitzung wurde für
1237 2576 2258 2636 Freitag den 7. Juli um 3 Uhr nachmittags in Aus¬
1236 2620 2257 2678 sicht genommen; am Vormittag desselben Tages wird
1238 2664 2257 2720 der Vollzugsausschuß zu einer Sitzung zusammentreten.
1237 2707 2258 2764 Der bisherige Vorstand wurde mit der provisorischen
1238 2755 1864 2807 Weiterführung der Geschäfte betraut.
1312 2794 2258 2849 Es fand sodann eine eingehende Debatte über die
1232 2837 2258 2893 gegenwärtige politische Lage statt, wobei einmütig die
1235 2881 2262 2938 Auffassung zu Tage trat, daß den neuen Verhältnissen
1233 2925 2260 2981 gegenüber eine zuwartende Haltung ein¬
1235 2966 2260 3022 zunehmen sei, da auch das Programm der Regierung und
1234 3010 2259 3065 die politische Richtung, welche sie einzuschlagen gedenkt,
1235 3051 2261 3110 gegenwärtig noch nicht bekanntgegeben worden sind. Der
1234 3089 2263 3151 Deutsche Nationalverband muß unter allen Umständen an
1234 3139 2263 3202 der Forderung, daß die Verwaltung eine
1234 3182 2260 3237 streng objektive sei, festhalten. Hinsichtlich des
1234 3224 2263 3279 Regierungssystems wurde allseits der
1238 3269 2263 3323 Anschauung Ausdruck gegeben, daß ein
1236 3311 2262 3365 parlamentarisches Kabinett, welches
2285 235 3315 294 lediglich eine Personenkoalition dar¬
2283 272 2794 334 stellt, unmöglich sei.
2363 321 3311 381 Zu Beginn der Sitzung gedachte die Versammlung
2285 364 3310 423 des abtretenden Vorsitzenden des Verbandes Dr. Frei¬
2288 409 3314 466 herrn v. Chiari und beschloß einmütig, ihm für sein
2287 449 3314 508 überaus verdienstvolles Wirken den wärmsten Dank und
2287 494 3314 552 Anerkennung auszusprechen. Ebenso wurde vom Vor¬
2285 537 3315 595 sitzenden den dem Abgeordnetenhause nun nicht mehr an¬
2287 581 3327 640 gehörenden Verbandsmitgliedern Professor Bendel,
2289 624 3328 683 Husak, Dr. v. Ritsche, Dr. Perathoner,
2288 666 3328 726 Dr. Prade, Dr. Skedl, Dr. Weidenhoffer,
2286 709 3329 769 Eduard v. Stransky, Fürst Auersperg,
2285 750 3331 812 Bernkopf, Hofmann (Vinzenz), Kirchmayr,
2286 794 3331 853 Schilder, Winter und Zuleger unter lebhafter
2293 835 3331 899 Zustimmung der Versammlung der Dank für ihr pflicht¬
2286 882 3331 945 bewußtes, treues Eintreten für die Interessen des
2297 914 2876 981 deutschen Volkes ausgesprochen.“
2368 971 3111 1024 Zur heutigen Sitzung erfahren wir noch:
2366 1029 3238 1077 Die Einladungen zur konstituierenden Sitzung des
2640 1069 2977 1102 Nationalverbandes.
2371 1105 3331 1164 Bezüglich des Beitrittes der Parteien, beziehungs¬
2293 1149 3331 1208 weise Abgeordneten wurden folgende Anträge des Abge¬
2291 1189 3059 1248 ordneten Wolf einstimmig angenommen:
2373 1237 3318 1292 1. Alle jene Herren Abgeordneten, welche im ver¬
2290 1280 3279 1337 flossenen Hause dem Nationalverbande angehört haben;
2370 1324 3331 1380 2. diejenigen Herren Abgeordneten, die aus das
2292 1367 3328 1418 Programm einer der bisher im Nationalverband vertretenen
2295 1416 2765 1464 Parteien kandidiert haben;
2373 1454 3332 1511 3. die Herren Abgeordneten, die auf das Programm
2295 1499 3095 1559 der deutschen Arbeiterpartei kandidiert haben;
2374 1542 3320 1596 4. diejenigen Herren Abgeordneten, welche unter der
2293 1584 3319 1640 Verpflichtung, dem Nationalverbande beizutreten, kandi¬
2293 1627 3333 1687 diert haben, sind zur konstituierenden Sitzung des Deutschen
2295 1675 2821 1725 Nationalverbandes einzuladen.
2373 1730 3234 1780 Der Nationalverband und das Regierungssystem.
2379 1774 3319 1829 In der Debatte über die politische Situation wurde
2301 1817 3323 1874 darauf verwiesen, daß jede etwa geplante
2300 1860 3323 1921 Systemänderung auf den schärfsten
2298 1903 3319 1959 Widerstand des Deutschen Nationalver¬
2298 1954 2727 2001 bandes stoßen müsse.
2379 1991 3334 2048 Mit lebhaftem Bedauern müsse auch fest¬
2300 2034 3336 2089 gestellt werden, daß durch das einseitige Vor¬
2301 2078 3335 2135 gehen der Christlichsozialen ein Wechsel
2300 2120 3335 2177 im Ministerpräsidium stattgefunden habe, ohne
2301 2164 3335 2225 daß der Deutsche Nationalverband zu der durch das
2300 2204 3328 2262 Stichwahlergebnis herbeigeführten geänderten Situation
2300 2248 3336 2302 Stellung nehmen konnte.
2342 2299 3284 2346 Weitere Mitteilungen über die Sitzung des National¬
2718 2340 2903 2372 verbandes.
2376 2377 3336 2429 Zu dem Communiqué erhalten wir aus Vorstandskreisen
2305 2417 3331 2469 des Deutschen Nationalverbandes noch folgende Mitteilungen:
2303 2457 3336 2509 Der Vorsitzende Dr. Sylvester sowie die Abgeordneten
2306 2497 3332 2549 Dr. Groß und Wolf gaben im Laufe der Erörterung eine
2304 2537 3331 2589 umfassende Darstellung der innerpolitischen Vorgänge seit der
2307 2576 3333 2629 Auflösung des Reichsrates. Der Deutsche Nationalverband
2304 2617 3330 2668 wird vorläufig eine zuwartende Haltung einnehmen, da von
2307 2656 3333 2711 seiten der Regierung noch gar keine Fühlungnahme mit den
2303 2693 3332 2750 Parteien erfolgt ist. Sollte der Vorstand des Deutschen
2304 2729 3334 2788 Nationalverbandes in der nächsten Zeit Gelegenheit haben,
2305 2774 3332 2826 mit dem Ministerpräsidenten Baron Gautsch in Kon¬
2308 2813 3333 2868 ferenzen zu treten, so würde er es nicht unterlassen, die
2308 2854 3337 2907 nationalen und wirtschaftlichen Forderungen, die der Deutsche
2306 2892 3334 2946 Nationalverband seit seinem Bestande vertreten hat, auf das
2307 2933 3332 2987 nachdrücklichste zu betonen. Besonders wird er die Forderung
2308 2971 3337 3026 nach einer streng objektiven Verwaltung erheben
2306 3010 3339 3065 und von dem Verhalten der Regierung in diesen Belangen
2308 3052 2926 3101 seine weitere Taktik abhängig machen.
2436 3105 3211 3147 Die Klublokalitäten des Nationalverbandes.
2384 3147 3339 3203 In der Beratung wurde auch eine eventuelle Verlegung
2310 3186 3340 3241 der Klubräumlichkeiten erörtert, da der Verband als größter
2309 3227 3341 3281 des neuen Hauses auf größere Klubräume Anspruch erheben
2310 3266 3337 3322 könne; ebenso wurde beschlossen, bezüglich der Sitzordnung
2312 3310 2927 3360 an jener im alten Hause festzuhalten.
158 3416 1191 3474 was mir in dieser Hinsicht begegnet ist; es erscheint mir
157 3461 1191 3519 jedenfalls nicht ausgeschlossen, daß Berger auch in der
157 3505 1188 3560 realen Welt der Politik seinen Mann stehen würde. Und
157 3548 1192 3605 daß er schreiben kann und wie er schreiben kann, brauche
159 3592 1188 3648 ich den Lesern der „Neuen Freien Presse“ nicht zu sagen.
249 3636 1192 3691 Das Blut dieses Buches ist Theaterblut. Es ist nicht
158 3677 1190 3745 in eine Reihe zu stellen mit der Dramaturgie Lessings
159 3717 1192 3781 und den „Causerien“ Th. Fontanes. Lessing und Fon¬
160 3763 1193 3825 tane, für mich die beiden größten Theaterkritiker der
169 3811 1192 3868 Deutschen, schrieben über das Theater als Dichter und
160 3847 1195 3912 Schriftsteller; Berger schreibt als Schriftsteller und Schau¬
160 3896 1193 3960 spieler, besonders als Schauspieler, obwohl sein Aufsatz
168 3942 1194 3999 über Ibsen wiederum neben Schlenthers Einführungen
170 3985 1195 4045 das Beste ist, was mir über Ibsen zu Gesicht gekommen
162 4029 1196 4093 ist. Ich weiß nicht, ob Berger spielen könnte, aber jeden¬
161 4075 1197 4132 falls ist er geborener Schauspieler, und er wäre es, wenn
163 4118 1195 4174 er ohne Gliedmaßen und ohne Stimme geboren wäre.
172 4161 1197 4219 Lessings und Fontanes Bücher sind doch ganz vor¬
172 4205 1199 4263 wiegend Bücher über das Drama, Bergers Dramaturgie
174 4249 1198 4307 ist ein Buch über das Theater, und jeder Satz, den er
167 4292 1198 4357 schreibt, ist auf den Brettern erlebt. So erklärt sich
156 4329 1200 4396 sein außerordentlicher Einfluß auf die Schauspieler, seine
175 4380 1200 4437 eminente Regiebegabung. Ich habe Schauspieler, die bis
176 4423 1198 4486 dahin nichts mehr als die üblichen Feld=, Wald= und
176 4467 1201 4525 Wiesenschauspieler zu sein schienen, unter seiner An¬
175 4510 1201 4569 leitung zu erstaunlichen Leistungen emporwachsen gesehen.
167 4555 1202 4612 Und ich habe von Schauspielern wiederholt das offene
167 4597 1200 4656 und spontane Bekenntnis gehört, daß sie viel von ihm
167 4642 1200 4701 gelernt, als Darsteller viel von ihm gelernt hätten,
169 4686 1202 4742 und es waren Schauspieler darunter, die, wenn sie dero¬
170 4729 1204 4791 gleichen zugaben, wirklich sehr viel gelernt haben
156 4773 1205 4831 mußten. Wenn der moderne Deutsche von einem anderen
155 4817 1202 4874 etwas gelernt hat, so schimpft er ihn Schulmeister, und
183 4861 1203 4917 es ist modern, das Wort Schulmeister nur im üblen
183 4905 1206 4962 Sinne zu gebrauchen. Ich habe nicht gehört, daß die
183 4944 1213 4998 Hamburger Schauspieler ihren Direktor und obersten
183 4992 1205 5049 Regisseur Schulmeister genannt hätten, aber sie hätten es
172 5037 1208 5092 immerhin tun dürfen. Schulmeister kann nämlich ein
173 5081 1208 5136 hoher Ehrentitel sein. Ein Schulmeister, wie ich ihn mir
174 5124 1210 5180 denke, ist ein Mann, der weiß, warum er weiß, und der
1240 3408 2261 3471 sein Wissen erlebt hat. Er besitzt darum die merkwürdige
1240 3452 2262 3508 Gabe, sein Wissen in lebendigem Zustande weiterzugeben
1241 3494 2262 3550 und Leben dadurch zu erwecken. Wer Alfred v. Berger
1243 3538 2263 3594 als Redner kennt, der weiß, daß er das Abstrakteste sinn¬
1243 3582 2262 3638 fällig zu machen versteht, daß er die von allen
1243 3626 2276 3684 Hämorrhoidalprofessoren mit Recht gehaßte Gabe besitzt,
1242 3670 2262 3725 auch sublime Gedankengänge, mit Erlaubnis zu sagen,
1242 3713 2263 3768 populär vorzutragen. Er ist eben Schulmeister, das heißt
1243 3756 2264 3815 ein Psycholog, und sein Buch ist, glaube ich — Gott ver¬
1242 3799 2262 3858 zeih’ mir’s, wenn ich jemand unrecht tu — das psycho¬
1246 3842 2264 3901 logisch schärfste und gründlichste, das wir über Schau¬
1243 3897 1554 3946 spielkunst besitzen.
1322 3940 2266 3998 Es ist ein Tragisches in einem echten Schulmeister,
1242 3984 2270 4040 daß er auf seine Schüler zuweilen eine stärkere Macht
1244 4025 2269 4084 ausstrahlt, als er will. Ein sehr bedeutender Schauspieler
1244 4072 2270 4135 gestand mir einmal mit Bezug auf Berger: „Ich kann
1246 4111 2268 4170 mir nicht helfen, ich habe in seiner Gegenwart immer so
1245 4157 2272 4215 etwas wie ’n Bammel.“ „Bammel“ ist ein militärischer
1245 4202 2270 4256 Ausdruck für einen stark beklommenen Respekt. Leute
1246 4245 2270 4309 von starker, geistiger Potenz üben nicht selten auf ihre
1245 4286 2272 4345 Umgebung eine völlig unbeabsichtigte Despotie aus und
1247 4332 2271 4387 scheuchen — vielleicht sehr wider ihren Willen —
1246 4373 2270 4431 — schüchterne, spröde Naturen in ihr Gehäuse zurück.
1246 4418 2271 4475 Ich halte es für möglich, daß auch Berger solche
1248 4460 2273 4517 Wirkungen ausstrahlt, bin aber überzeugt, daß ihm
1249 4505 2269 4562 gerade im Interesse der Kunst solche Wirkungen
1248 4546 2273 4605 unerwünscht sind und daß er einer Begabung, die auf
1249 4593 2273 4649 eigenen Füßen stehen und gehen kann, mit Freuden die
1248 4646 1485 4692 Wege freigibt.
1329 4679 2275 4734 Diese Bereitwilligkeit flösse nämlich unmittelbar und
1250 4724 2278 4778 notwendig aus seiner Auffassung von Kunst und Künstler:
1251 4761 2277 4823 Berger selbst bezeichnet seine Regiemethode als nicht
1251 4811 2277 4866 synthetisch, sondern analytisch. Will sagen, er geht immer
1247 4853 2272 4909 vom Ganzen des Kunstwerkes aus, um es in seine Einzel¬
1248 4898 2270 4955 heiten auszubreiten; er geht vom Ganzen des Künstlers
1252 4937 2279 4996 aus, um ihn zu den echten Offenbarungen seiner Natur
1255 4984 2278 5042 hinzuleiten. Damit versteht sich von selbst, daß er die
1255 5028 2278 5082 Leistung des Schauspielers unmittelbar aus dem Boden
1253 5072 2280 5134 seiner Persönlichkeit herauswachsen läßt und ihm nicht
1253 5115 2282 5172 seine eigene Persönlichkeit aufzupfropfen sucht. Freilich:
2308 3398 3341 3458 manches Talent, und besonders manches Darstellertalent,
2308 3437 3342 3501 ist ein Chaos, in das erst von oben Licht fallen muß;
2310 3486 3342 3544 aber gebären kann nur das Chaos. Es ist die eigentlichste
2311 3527 3343 3587 Aufgabe des Regisseurs, daß er am ersten Tage das Licht
2309 3573 3342 3629 schaffe. Und das wird ihm immer am besten gelingen,
2310 3616 3336 3674 wenn ihm die gleiche Kürze zu Gebot steht, wie seinerzeit
2309 3659 3337 3716 dem Weltschöpfer. Wenn es mir bei meinen Regieversuchen
2310 3702 3338 3759 bisweilen geglückt ist, einem Darsteller restlos das Wesen
2311 3746 3344 3802 einer Gestalt aufzuhellen, so geschah es immer durch ein
2311 3791 3339 3846 kurzes, glückliches Wort; wenn man vieles reden muß, so
2312 3834 3336 3890 steht es faul um die Wirkung, man erwischt dann nur
2310 3877 3338 3934 Blätter und Zweige, anstatt die Wurzel zu packen. Und
2312 3920 3345 3980 das hat mir trotz der vielen goldenen Einzelheiten an
2311 3962 3365 4029 Bergers Buche am besten gefallen, daß er nicht an den
2312 4010 3339 4064 Dingen herumredet, sondern ihren letzten Grund aufsucht.
2312 4053 3339 4107 Wer so verständlich und plastisch zu reden weiß wie
2311 4097 3347 4151 Berger, wer in der Unterhaltung ein so ungeheuer beweg¬
2314 4135 3340 4196 licher Plauderer ist wie er, dem hängt man gern den
2313 4184 3347 4238 Vorwurf der Oberflächlichkeit an. Und es ist sogar
2313 4228 3341 4282 zuzugeben, daß Berger in der mündlichen Unterhaltung
2315 4271 3338 4326 manches Diktum aufstellt, manches Paradoxon hinwirft,
2313 4313 3341 4369 das er selbst nicht ernsthaft verteidigen würde. Das ist
2315 4357 3341 4413 das gute Recht, ja, das ist, wenn er zu denkenden Leuten
2315 4401 3342 4456 spricht, sogar eine Tugend des Causeurs. Aber wenn er
2315 4446 3341 4499 unter ernster Verantwortung spricht, wie in diesem Buch
2316 4488 3345 4552 oder auf der Probe vor seinen Schauspielern, dann hat
2316 4532 3342 4586 er das, was ich „das Gewissen gegen die Sache“ nenne,
2316 4576 3347 4630 und das unterscheidet ihn von den nichts als geistreichen
2314 4618 3349 4675 Leuten, die da sagen: „Ich schreibe nur gut, wenn ich von
2318 4661 3348 4716 der Sache nichts verstehe; die Sache ist ja auch Neben¬
2319 4707 3094 4760 sache; wie ich schreibe, das ist ’ne Sache.“
2397 4754 3348 4809 Von nichts kommt nichts. In Hamburg zweifelt kein
2318 4798 3349 4854 Mensch daran, daß es Berger war, der das Deutsche
2318 4842 3347 4897 Schauspielhaus zu einer Bühne ersten Ranges erhob.
2325 4886 3348 4941 Das ihm das gelang, will um so mehr bedeuten, als er
2321 4929 3350 4984 mit sehr ungleichwertigen Schauspielkräften arbeitete und
2321 4973 3350 5028 Hamburg im Stadttheater und Thalia=Theater bereits
2321 5017 3350 5072 zwei Schauspielbühnen von altem und noch heute vollauf
2321 5060 3350 5115 verdientem Ruhme besaß. Daß Berger als Bühnen= und
2296 5103 3350 5164 Spielleiter immer und in allem das Richtige getroffen
