3168 4834
211 126 732 175 Samstag den 1. Juli 1911.
1276 117 1818 164 Innsbrucker Nachrichten
2499 101 2868 141 Nr. 148. Seite 17
471 223 758 316 Aufruf!
209 327 1066 376 Als Theodor Chriſtomannos am 30. Jänner
167 372 1067 422 ſtarb, lag der Roſengarten in ein weißes Bahr⸗
168 417 1069 467 tuch gehüllt. Schweigſame Trauer überall auf
167 462 1070 511 den hohen Felſen, und als man ihn zu Grabe
168 506 1069 555 trug, leuchtete es im Widerſchein der ſinken⸗
170 552 1069 600 den Sonne wie ein Abſchiedsgrüßen ringsum
169 596 1069 646 von den beſchneiten Felshäuptern. Die Abend⸗
171 642 1071 691 ſchatten ſtiegen höher, nur die Spitze des Roſen⸗
172 686 1071 735 gartens ſtand noch in letzter Glut wie eine
171 737 373 780 Totenfackel.
214 776 1070 824 Dort oben, wo der Tag am längſten iſt,
172 821 1071 869 wo ihn Tauſende abends mit ſtummer Andacht
171 865 1070 913 verlöſchen ſehen, wollen Freunde ein einſames
174 909 1073 959 Erinnerungszeichen errichten. Theodor Chriſto⸗
174 955 1076 1004 mannos hatte den Roſengarten und das ſtille
172 999 1075 1047 Gartl lieb, und immer wieder, von Jugend
176 1045 1073 1094 an, zog es ihn hinauf. Dort oben hatte er
176 1088 1076 1138 als junger Mann geſtanden, ehe die Forſte
176 1134 1076 1182 von Kar und Latemar gelichtet waren, ehe
176 1179 1078 1226 Hütten ſtanden und Straßen über die Päſſe
175 1223 1075 1272 führten, erfüllt von Bergesfreude und Zukunfts⸗
177 1268 1076 1314 plänen. Dort oben ſtand er wieder, viele Jahre
177 1312 1077 1360 ſpäter, und ſah das Aufblühen und das Er⸗
178 1357 1078 1406 wachen der Täler, erfüllt von Dank und Freude
176 1405 513 1450 an ſeiner Arbeit.
2076 926 2210 976 K 1.20.
171 1447 1080 1494 Dort oben ſoll ein bleibendes Zeichen ſeinen
178 1491 1080 1541 Namen lebendig erhalten, den Bergſteigern ein
179 1535 1080 1585 ſichtbarer Gruß, denen unten im Tale ein dank⸗
172 1577 965 1630 bares Erinnern, ſo oft ſie hinaufſehen.
223 1626 1080 1676 Am Felshang des Weſtgrates, unweit der
179 1670 1084 1720 Spiße, ſoll ohne künſtliches Mauerwerk ein
180 1716 1081 1764 großer, etwa 1.20 Meter hoher Adler aus
182 1761 1083 1809 dunkler Bronze angebracht werden, wie er, von
183 1805 1082 1854 hohem Fluge kommend, ſich an die Felswand,
182 1850 1085 1901 noch halb ſchwebend, ankrallt, die Schwingen
175 1894 1083 1949 in letzter Bewegung, den Kopf erhoben, nach
183 1941 475 1985 Süden ſpähend.
230 1983 1085 2034 Ein ſchmales Bronzeband am Geſtein dar⸗
185 2030 790 2077 unter ſoll die Inſchrift tragen:
337 2091 937 2137 Theodor Chriſtomannos
457 2144 814 2191 zum Andenken.
231 2205 1089 2257 Wer Theodor Chriſtomannos nahe ſtand und
189 2250 1090 2301 weitz was er ſeinen Freunden und ſeiner Heimat
189 2297 949 2345 war, wird um einen Beitrag gebeten.
188 2357 1091 2415 Dr Georg Hirzel, Leipzig. Dr. Hermann Mu⸗
188 2412 1088 2460 melter, Bozen. Dr. Otto v. Sölder, Meran.
233 2473 1092 2523 Beiträge werden erbeten in Oſterreich an die
190 2518 1091 2567 Sektion Bozen des D. u. O. Alpenverein oder
191 2562 1094 2614 an die Verwaltung der „Innsbrucker Nachrich⸗
193 2608 1092 2658 ten“, in Deutſchland an Dr. Georg Hirzel,
192 2651 1094 2704 Leipzig Königſtr. 2. Auch die kleinſte Gabe
194 2699 483 2746 iſt willkommen.
268 2788 1010 2863 Inſekten als Bücherfeinde.
239 2877 1097 2931 Die ſeinerzeit durch die Preſſe gegangene
195 2922 1098 2971 Nachricht, daß in Buenos-Aires eine Biblio⸗
196 2967 1097 3019 thek in einer Nacht von Anreiſen zerſtört wor⸗
197 3012 1097 3064 den ſein ſoll, gab dem Buchhändler⸗Börſen⸗
197 3056 1100 3108 blatte Veranlaſſung zu einem ſehr hübſchen und
199 3101 1102 3155 inhaltsreichen Aufſätze über die Tätigkeit von
200 3145 1100 3200 Inſekten als Bücherfeinde, aus dem einige be⸗
199 3190 1100 3244 ſonders anziehende Einzelheiten mitgeteilt ſein
197 3240 321 3282 mögen.
244 3280 1100 3333 Daß manche Inſekten in heißen und feuch⸗
200 3323 1100 3375 ten Ländern, z. B. auf den Antillen, den
192 3368 1100 3423 Philippinen, in Südamerika uſw. außerordent⸗
202 3406 1102 3465 liche Verheerungen unter Büchern anrichten
202 3457 1103 3509 können, iſt Tatſache; Houlbert berichtet von
203 3502 1103 3556 einem Falle, wo eine Sammlung von mehreren
201 3548 1103 3601 tauſend Büchern in der Zeit von zwei Jahren
202 3591 1103 3650 der Tätigkeit von Inſekten völlig zum Opfer
203 3635 1103 3687 gefallen iſt. Unter dieſen bücherfeindlichen In⸗
204 3679 1104 3732 ſekten iſt ja nun der altberühmte oder viel⸗
202 3725 1104 3776 mehr altberüchtigte Bücherwurm die klaſ⸗
204 3767 1105 3819 ſiſche Geſtalt. Der Bücherwurm wird von den
203 3812 1105 3866 Bücherfreunden ſchon ſeit Jahrhunderten mit
205 3857 1107 3908 ihrem vollen Haſſe beehrt. Bereits Lucian und
206 3902 1104 3954 andere antike Schriftſteller ſprechen von ihm,
204 3946 1105 3998 Parnell hat ihm eine nicht gerade wohlwol⸗
205 3989 1106 4043 lende Ode, Pierre Petit 1683 ein langes latei⸗
205 4033 1106 4087 niſches Schmähgedicht gewidmet. Um ſo merk⸗
207 4081 1107 4135 würdiger, daß beſagter Bücherwurm im gan⸗
207 4125 1107 4178 zen ſehr lange, ja bis in die allerjüngſte Zeit
201 4167 1107 4219 hinein eine recht rätſelhafte und chamäleon⸗
208 4214 698 4261 artige Figur geblieben iſt.
254 4256 1108 4310 Die früheſte Beſchreibung des Bücherwurms
208 4299 1108 4351 findet ſich in Hookes 1665 zu London auf
209 4342 1109 4397 Koſten der Royal Society gedruckter „Micro⸗
1099 213 1999 263 graphia“, aber dieſe Beſchreibung iſt wunder⸗
1101 258 2002 308 lich durch, ihren Reichtum an Gegenſätzen. Sie
1103 301 2003 352 vereinigt nämlich die genaueſte mikroſkopiſche
1099 345 2000 396 Beobachtung mit den derbſten Schnitzern und
1101 389 2003 441 im ganzen ſcheint das Tier, das Hooke be⸗
1101 432 2001 483 ſchreibt, dem Silberfriſchchen oder Zuckergaſt
1102 477 2002 528 (Lepisma zaccharina) nahe zu ſtehen. Die En⸗
1102 522 2004 573 tomologen haben der Naturgeſchichte des Bücher⸗
1103 565 2004 617 wurms anſcheinend nicht viel Aufmerkſamkeit
1104 610 2005 662 geſchenkt und ſelbſt über die ihm zukommende
1104 655 2006 706 zoologiſche Bezeichnung hat noch bis in die
1103 701 2005 751 neueſte Zeit hinein Meinungsverſchiedenheit ge⸗
1105 743 2006 794 herrſcht. Den wiſſenſchaftlichen Ausgangspunkt
1105 789 2008 837 der Kenntnis dieſes Bücherfeindes bildete der
1106 832 2007 882 Kampf, den die Univerſitätsbibliothek Göttin⸗
1106 877 2006 929 gen 1775 gegen die Bücherwürmer unternahm,
1107 922 2005 972 als ſie ihre Schätze von ihnen bedroht ſah.
1106 965 2009 1017 Sie eröffnete nämlich ein Preisausſchreiben für
1108 1010 2010 1062 die beſte Beantwortung folgender Fragen: „Wie⸗
1109 1055 2010 1107 viel Arten Inſekten gibt es, die den Biblio⸗
1109 1099 2012 1148 theken und Archiven ſchädlich ſind? Welchen
1109 1144 2012 1195 Teil der Bücher greift jedes Inſekt vorzugs⸗
1110 1188 2011 1238 weiſe an? Welches ſind die beſten Mittel zur
1111 1233 2012 1282 Vertilgung der Inſekten?“ Die drei in die⸗
1112 1276 2013 1326 ſem Wettbewerbe ſiegreichen Preisſchriften
1112 1321 2014 1371 wurden 1775 zuſammen veröffentlicht und bil⸗
1111 1366 2010 1415 den die erſte ſolide Unterſuchung unſerer Frage.
1113 1409 2013 1459 Weitere Preisausſchreiben darüber ſind 1842
1113 1454 2015 1504 und im Anſchluß an den Kongreß der Biblio⸗
1113 1499 2016 1549 thekare in Paris im Jahre 1900 erlaſſen wor⸗
1114 1544 2016 1594 den; die erfolgreichſten neueren Unterſuchungen
1114 1588 2013 1638 ſtammen von dem bereits erwähnten Houlbert.
1158 1632 2017 1681 Es ſteht heute feſt, daß wir es nicht mit
1116 1679 2018 1727 einem Bücherwurme, ſondern mit einer gan⸗
1116 1723 2015 1772 zen Anzahl von Bücherſchädlingen zu tun haben.
1117 1766 2018 1816 Die Mehrzahl davon, beſonders die Koleop⸗
1117 1811 2020 1858 teren und Lepidopteren, leben im Zuſtande der
1118 1855 2020 1904 Larve viel länger, als in dem des ausgebil⸗
1117 1900 2019 1948 deten Inſektes und richten daher ihre Hauptver⸗
1118 1944 2017 1993 wüſtungsarbeit während ihrer Larvenperivde an.
1116 1987 2020 2036 Mit beſonderer Vorliebe werden Holzgeſtelle und
1119 2032 2024 2083 Holzmöbel in alten Bibliotheken zur Ablage
1121 2077 2023 2127 der Eier ſolcher Inſekten gewählt, und nach dem
1121 2120 2022 2170 Auskriechen nähren ſich die Larven von Zel⸗
1124 2165 2026 2216 luloſe, freſſen in den Trägern, Pfoſten, Wän⸗
1120 2210 2024 2262 den uſw. gewundene Galerien, und wenn ſie
1123 2253 2025 2305 auf ihrem Wege an Bücher kommen, ſo freſſen
1123 2301 1715 2348 ſie ſich auch durch dieſe durch.
1169 2342 2026 2390 Einer der Hauptübeltäter iſt der Brot⸗ oder
1110 2386 2026 2437 Bütherkäfer (Anobium paniceum) alſo ge⸗
1122 2430 2026 2480 nannt, weil er 1721 von dem Paſtor Friſch
1124 2476 2025 2526 in Berlin zum erſtenmale in einem Stücke ver⸗
1125 2521 2023 2571 trockneten Roggenbrotes gefunden worden iſt.
1126 2565 2028 2614 Die Larven dieſer Käfer haben einen beſon⸗
1126 2610 2028 2660 deren Appetit auf ſtärkehaltige Stoffe, als wie
1125 2654 2027 2704 Mehlkleiſter, geleimtes Papier, Oblaten uſw.,
1128 2699 2029 2749 und um dieſe Leckerbiſſen zu erlangen, boh⸗
1127 2744 2030 2792 ren ſie zuweilen ſehr lange Stollen durch harte
1132 2788 2032 2837 Körper, die ihnen ſonſt gar keinen Nährwert
1129 2832 2031 2881 bieten. Dr. Hagen hat ein ganzes Fach von
1129 2876 2032 2926 mehr als 200 Jahre alten Büchern geſehen,
1130 2919 2033 2971 die ihrer ganzen Breite nach von der Larve
1131 2965 2033 3017 dieſes Käfers durchbohrt waren. Eine ſehr hübſche
1132 3010 2033 3059 Erzählung von der Tätigkeit der Larven von
1132 3054 2032 3103 Oecophora pseudosperetella und von Anobium
1135 3100 2037 3151 pertinax als Bücherſchädlinge hat Blades ge⸗
1133 3144 2034 3192 geben: er hat nämlich einen Schöfferdruck vom
1133 3186 2035 3238 Jahre 1475 geſehen, wo eine ganze Brutſippe
1134 3236 2034 3287 dieſer Würmer ein richtiges Wettfreſſen ange⸗
1134 3282 2036 3332 ſtellt hat. Es iſt genau zu beobachten, wie
1139 3326 2039 3377 ſchon in den erſten zehn Blättern die 153 ſchwäch⸗
1135 3370 2037 3419 ſten Würmer kläglich zurückbleiben, dann die
1135 3414 2036 3464 Freſſer ſich immer mehr vermindern, ſchließ⸗
1137 3459 2038 3509 lich ein Kopf⸗an⸗Kopf⸗Wettfreſſen zwiſchen den
1136 3503 2038 3552 beiden Hauptmalefikanten ſtattfindet, bis am
1137 3547 2037 3596 Ende der leiſtungsfähigſte allein noch weiter⸗
1138 3598 1279 3634 arbeitet.
1182 3636 2040 3685 Der Bücherwurm hat aber heute keine guten
1139 3681 2040 3730 Zeiten mehr. Alte Drucke werden doch heute
1139 3725 2039 3775 ſehr gut aufbewahrt und gepflegt und moderne
1140 3770 2039 3818 Bücher mit ihrem Kaolin⸗, Gips⸗ und Scherpa⸗
1140 3814 2041 3864 gehalte ſind ihm unappetittlich. Anderes Unge⸗
1143 3858 2042 3908 ziefer iſt aber im ganzen den Büchern weniger
1143 3901 2044 3953 gefährlich. Das bereits erwähnte Silberfiſchchen
1140 3946 2041 3996 iſt ziemlich harmlos. Auch ein paar andere
1137 3990 2041 4039 Schädlinge kommen erſt in zweiter Linie in
1140 4040 1296 4083 Betracht.
1183 4078 2042 4127 Gelegentliche Bücherfeinde ſind auch Ratten
1143 4124 2044 4173 und Mäuſe. Bei einer Ausbeſſerung der Dom⸗
1141 4167 2039 4215 kapitelsbibliothek von Weſtminſter machte ſich
1143 4212 2042 4262 ein Rattenpaar ein Neſt, das es mit abgenagten
1142 4256 2041 4305 Blättern aus den Büchern der Sammlung ſehr
1147 4299 2046 4349 mollig austapezierte. Dem glücklichen Fami⸗
1142 4343 2042 4393 lienleben wurde dadurch ein tragiſches Ende
2033 197 2930 254 geſetzt, daß die Maurer das Loch eines Tages
2034 241 2931 297 zumachten. Bei einer neuerlichen Ausbef erung
2033 284 2941 340 vor einigen Jahren fand man auch das Neſt
2039 330 2940 383 wieder, und jetzt ſind die Knochen dieſer bücher⸗
2032 373 2933 428 feindlichen Ratten und die Papierſtücke, mit
2036 417 2935 470 denen ſie einſt ihre Wohnung möbliert haben,
2034 461 2935 512 in einem Glaskaſten im Kapitelshauſe von Weſt⸗
2034 515 2379 560 minſter zu ſehen.
2298 604 2667 667 Neue Bücher.
2038 684 2899 732 Charlotte Lady Blennerhaſſett, Streiflichter, K 6.—.
2039 719 2936 767 Prof. Dr. Baron Cay v. Brockdorff, Die wiſſenſchaft⸗
2073 756 2873 802 liche Selbſterkenntnis, K 4.20, geb. K 4.80.
2038 790 2938 838 I. C. E. Falis, Drei Jahre in der Libyſchen Wüſtee,
2077 837 2224 867 K 10.20.
2040 861 2939 912 Fiſcher's Bibliothek zeitgenöſſiſcher Romane, III. Jahr⸗
2080 896 2940 944 gang, Band 10. Felix Hollaender, Das letzte Glück.
2042 967 2943 1016 Juliane Karwath, Die drei Thedenbrinks. Ein Klein⸗
2079 1008 2670 1051 ſtadtroman. K 4.80, geb. K 6.—.
2043 1038 2940 1085 Moltke, Brieſe aus der Türkei 1835 bis 1839.
2078 1086 2226 1116 K 10.80.
2044 1110 2942 1158 Prof. Dr. I. W. Otto Richter, Für's Vaterland. Jahr⸗
2082 1149 2952 1196 hundert ⸗ Erinnerungen. K 7.20.
2044 1181 2941 1227 Otto Soyka, Das Herbarium der Ehe. Roman. K 4.80.
2043 1217 2942 1262 Baron Woldemar Uxkull, Die Schwurbrüder. K 3.—,
2081 1263 2288 1300 geb. K 4.20.
2047 1289 2944 1334 Fedor v. Zobeltitz, Ein Schlagwort der Zeit. Roman.
2081 1329 2861 1374 K 3.60, geb. K 4.80.
2043 1359 2936 1404 Kate Douglas Wiggin, Robinetta (Tauchnitz ed.) K 1.92
2049 1413 2936 1483 Vorrätig in der Wagner’ſchen Univ.⸗
2201 1477 2792 1541 Buchhandlung, Innsbruck.
2093 1580 2897 1651 Detailfleiſchpreiſe in Innsbruck
2197 1659 2805 1706 vom 25. Juni bis 1. Juli 1911.
2104 1714 2887 1757 Laut Erhebung des ſtädt. Marktkommiſſariates.
2048 1819 2816 1873 Rindfleisch: Vorderes mit 25% Zuwage
2390 1862 2816 1911 „ ohne Zuwage
2816 1819 2882 1873 1
2816 1862 2882 1911 2
2882 1819 2950 1873 80
2882 1862 2950 1911 —
2830 1765 2882 1801 K
2882 1765 2930 1801 h
2328 1908 2816 1957 Hinteres mit 25% Zuwage
2401 1953 2816 2000 „ ohne Zuwage
2816 1908 2890 1957 2
2816 1953 2890 2000 2
2890 1908 2951 1957 —
2890 1953 2952 2000 40
2204 1997 2817 2045 Rostbeef und Beiried
2817 1997 2892 2045 2
2892 1997 2953 2045 20
2329 2042 2815 2091 Lungenbraten
2815 2042 2890 2091 2
2890 2042 2955 2091 20
2052 2099 2815 2152 Kalbfleisch: Vorderer mit 25% Zuwage
2409 2144 2815 2190 „ ohne Zuwage
2815 2099 2893 2152 2
2815 2144 2893 2190 2
2893 2099 2955 2152 —
2893 2144 2954 2190 40
2332 2189 2815 2238 Hinteres mit 25% Zuwage
2396 2233 2815 2283 „ ohne Zuwage
2332 2278 2815 2326 Ausgelöst
2815 2189 2897 2238 2
2815 2233 2897 2277 2
2815 2278 2897 2326 4
2897 2189 2954 2238 40
2897 2233 2955 2277 80
2897 2278 2957 2326 —
2333 2322 2814 2369 Einmachfleisch
2814 2322 2898 2369 1
2898 2322 2957 2369 80
2056 2379 2811 2431 Schaffleisch: Vorderes mit 25% Zuwage
2420 2423 2811 2470 „ ohne Zuwage
2811 2379 2897 2431 1
2811 2423 2897 2470 1
2897 2379 2959 2431 32
2897 2423 2957 2470 56
2335 2466 2811 2518 Hinteres mit 25% Zuwage
2416 2513 2811 2560 „ ohne Zuwage
2811 2466 2899 2518 1
2811 2513 2899 2560 1
2899 2466 2956 2518 56
2899 2513 2959 2560 80
2058 2557 2809 2608 Schweinefleiſch: Jung mit 25% Zu⸗
2465 2603 2824 2650 wage
2824 2603 2894 2650 2
2894 2603 2959 2650 —
2428 2646 2829 2694 Jung ohne Zuwage
2428 2692 2808 2738 Abgezogen m. 25% Zu⸗
2475 2737 2829 2782 wage
2829 2646 2893 2694 2
2829 2737 2893 2782 2
2893 2646 2959 2694 20
2893 2737 2960 2782 20
2435 2780 2825 2827 Abgezog. ohne Zuwaze
2430 2824 2825 2869 Teilsames
2825 2780 2897 2827 2
2825 2824 2897 2869 2
2897 2780 2960 2827 40
2897 2824 2960 2869 10
2431 2869 2752 2915 Geräuchertes
2752 2869 2902 2915 2—2
2902 2869 2962 2915 20
2061 2962 2961 3031 En-gros-Preiſe in der Innsbrucker
2275 3037 2741 3100 Fleiſchmarkt-Kalle
2199 3113 2814 3159 vom 25 Juni bis 1. Juli 1911.
2210 3178 2769 3219 Preiſe in Kronen per Kilogramm:
2113 3541 2877 3584 Jeden Samstag iſt Schweine⸗ und Ferkelmarkt.
2072 3584 2962 3627 Auftrieb bezw. die Zufuhr betrug am letzten Samstag
2068 3620 2963 3663 (24. Juni) Ferkel und Schweine, lebend, 92 Stück,
2069 3660 2395 3699 ausgeweidet 36 Stück.
2115 3729 2922 3799 Auszug aus dem Amtsblatts
2135 3806 2906 3852 zum „Boten für Tirol und Vorarlberg“.
2312 3853 2730 3891 Nr. 139 vom 20. Juni.
2109 3903 2969 3947 (Stellenausſchreibung.) Zu beſetzen ſind:
2074 3939 2971 3981 Eine Amtsdienerſtelle im Bereiche der Finanzlandes⸗
2073 3976 2970 4017 direktion Innsbruck; Geſuche binnen vier Wochen.
2074 4010 2971 4054 Ferner eine Dienerſtelle bei der Bezirkshauptmann⸗
2073 4047 2306 4089 ſchaft Landeck.
2110 4091 2970 4140 (Klageverfahren.) Wider Alois Smertnig,
2074 4126 2971 4168 Tiſchlermeiſter, zuletzt in Franzensfeſte, deſſen Auf⸗
2076 4159 2973 4204 enthalt unbekannt iſt, wurde beim Bezirksgerichte in
2076 4193 2971 4240 Sterzing wegen 78 Kronen eine Klage angebracht und
2075 4231 2973 4274 auf Grund derſelben Tagſatzung für 26. Juni bei die⸗
2075 4266 2497 4310 ſem Gerichte anberaumt.
2111 4311 2973 4360 (Verſteigerung.) Am 15. Juli findet im Rei⸗
2076 4346 2971 4390 fergaſthauſe in Franzensfeſte die Berſteigerung der
2064 3226 2472 3271 Rindfleisch, vorderes
2776 3222 2965 3258 1·52—1·64
2171 3270 2465 3314 „ hinteres
2776 3268 2967 3302 1·62—1·70
2066 3315 2530 3361 Kälber ausgeweidet
2775 3312 2968 3347 1·72—1·84
2066 3360 2433 3403 Lämmer „
2776 3358 2966 3392 1·16—1·28
2067 3406 2463 3449 Schafe „
2777 3400 2967 3436 1·52—1·56
2067 3449 2437 3493 Schweine „
2777 3445 2968 3482 1·60—1·76
2067 3496 2467 3539 Kitze „
2776 3491 2967 3525 1·54—1.68
