2746 3589
180 261 527 329 Auskünfte.
191 358 547 391 Intereſſiert, Staats⸗
161 396 559 427 jahnwerkſtätte. Von einer
158 431 560 467 derartigen Erbſchaft aus
158 467 560 503 Amerika iſt uns nichts
158 503 559 537 bekannt. Dem Brief⸗
158 540 560 580 kaſtenmann iſt auch nicht
159 575 560 613 erinnerlich, daß eine
160 612 559 647 ſolche Notiz im Blatte er⸗
162 650 559 685 ſchienen wäre. Alle dieſe
164 687 558 721 Berichte über Erbſchaften
164 723 557 757 aus Amerika ſind nicht
161 759 559 794 ernſt zu nehmen. Wir
162 795 557 831 raten Ihnen, ſich keiner⸗
161 833 557 867 lei Scherereien zu machen
161 868 558 905 und ſich wegen dieſer an⸗
160 903 557 940 geblichen Erbſchaft nicht
161 942 526 977 in Unkoſten zu ſtürzen.
157 1002 563 1038 Diogenes. Alle Aufra⸗
163 1037 564 1076 gen ſind mit Namen und
163 1074 564 1111 Adreſſe zu verſehen, da
162 1109 565 1143 wir im Blatte für alle
162 1145 566 1181 Auskünfte keinen Platz
163 1181 565 1218 haben. Seit 1. Jänner
164 1216 564 1252 dieſes Jahres haben wir
162 1250 565 1285 etwa 10.000 briefliche
162 1287 441 1323 Auskünfte erteilt.
155 1341 564 1376 Tüffer, 1911, Juni.
162 1375 564 1411 1. Wir nennen Ihnen
161 1411 563 1448 den Kreuzerverein, 1. Be⸗
162 1447 566 1485 zirk, Seilergaſſe 7, der
161 1482 565 1515 Gewerbetreibenden Dar⸗
164 1517 565 1555 lehen gewährt. Wir kön⸗
160 1553 565 1589 nen nicht oft genug wie⸗
161 1589 565 1626 derholen, daß alle An⸗
162 1624 565 1660 kündigungen über Dar⸗
163 1659 565 1696 lehensgewährung auf
164 1695 567 1733 Schwindel beruhen, ob
164 1731 566 1767 ſie nun von ſogenannten
164 1767 567 1803 Darlehens ⸗ Vermittlern
164 1801 566 1836 oder von angeblichen
164 1838 567 1872 Kreditinſtituten oder
165 1872 568 1907 Banken ausgehen. Der
167 1906 569 1943 Schwindel beſteht darin,
167 1943 567 1980 daß von den Darlehens⸗
166 1978 567 2013 werbern durchwegs die
167 2013 567 2049 Einſendung von 6—10
165 2048 566 2084 Kronen gefordert wird.
165 2084 566 2122 In Wirklichkeit koſtet
167 2120 569 2157 eine Information, ſelbſt
166 2155 568 2191 wenn ſie eingeholt wer⸗
167 2191 560 2227 den ſollte, kaum 1 Krone
166 2226 569 2260 Die betreffenden Dar⸗
165 2262 568 2297 lehensvermittlungen ver⸗
167 2297 569 2331 dienen alſo bei jedem
166 2333 569 2368 Darlehenswerber den
167 2368 557 2405 Betrag, den ſie als In
167 2401 557 2438 formationsgebühr ein
167 2439 569 2474 fordern, faſt ganz. Da
167 2474 568 2509 von hundert Darlehens⸗
167 2509 567 2539 werbern kaum einer ein
167 2545 570 2579 Darlehen erhält, kann
170 2580 558 2614 man ſich leicht ausrech
170 2614 569 2648 nen, was dieſe Dar⸗
173 2648 569 2684 lehensvermittlungen in
171 2685 571 2720 ſchwindleriſcher Weiſe
169 2720 568 2752 verdienen. Leſen Sie den
171 2756 571 2790 Artikel „Darlehen“ im
171 2792 572 2825 Auskunftskalender 1.
171 2825 572 2859 Teil, damit Sie nicht
170 2861 572 2896 Schwindlern zum Opfer
171 2897 572 2932 fallen. Der Auskunfts⸗
172 2932 574 2962 kalender 1. Teil wird
172 2967 574 3004 Ihnen bei Einſendung
172 3002 574 3036 von 25 Heller in Brief⸗
172 3037 575 3072 marken portofrei zuge⸗
164 3073 575 3109 ſchickt. — 2. Wenn Sie
163 3104 575 3145 Ihre Tochter eine Han⸗
171 3144 575 3177 delsſchule beſuchen laſſen,
170 3179 577 3216 ſo wird ſie jedenfalls
173 3213 577 3247 leichter und raſcher eine
173 3249 576 3284 Stelle finden, als wenn
173 3284 576 3319 Sie ſie im Malen aus⸗
173 3321 577 3354 bilden laſſen. Bis man
173 3354 578 3386 als Malerin ein Bild
174 3391 579 3425 verkauft, kann man ſehr
170 3428 524 3460 alt und arau werden.
629 234 983 268 Seite 6. Nr. 4130.
1370 230 1881 272 Illustrierte Kronen⸗Zeitung.
2351 232 2611 271 1. Juli 1911.
593 303 1600 337 tas rauchte, der kann getroſt ſagen: „Mich genieren
591 338 1599 373 die hohen Preiſe nicht!" Denn abgeſehen davon, daß
593 373 1599 409 ihn auch eine ſtärkere Preisſteigerung nicht geniert, iſt er
593 409 1599 443 viel, viel beſſer daran als der Mann aus dem Volke, der
593 444 1600 480 seine verteuerte „Kurze“ raucht. Denn es macht wirklich bei
591 480 1599 515 einer Zigarre, die bisher 18 Heller koſtete, nicht viel aus, wenn
593 515 1601 551 man jetzt für denſelben Genuß 20 Heller zahlt. Wer aber die
595 551 1600 587 „gemiſchten Ausländer“ (wie die Kurze offiziell heißt) zu
594 587 1599 623 rauchen gezwungen iſt, dem wird der fragwürdige Genuß um
593 623 1600 658 viel mehr verteuert, wenn er nun 6 Heller ſtatt 5 Heller
591 658 1601 693 zahlen muß. Der Regalitas⸗Raucher kann vergnügt ſagen: „Bei
593 693 1601 730 mir ſteht die Sache ganz einfach: Wo ich bisher 60 Heller
594 730 1602 765 gezahlt habe, zahle ich in Hinkunft halt rund 1 Krone." Der
592 765 1601 801 Raucher der „Kurzen“ aber ſeufzt: „Wo ich bisher 90 Heller
591 800 1600 836 zahlte, werde ich 1 Krone und 8 Heller zahlen!" Dieſe
593 836 1603 872 acht Heller muß der arme Mann mehr bezahlen, die bei
595 873 1062 908 ihm eine große Rolle ſpielen.
682 907 1601 943 Noch erſchreckender iſt dies aber bei den billigen
594 943 1603 978 Zigarrettenſorten. Wer bisher „Drama“ rauchte,
594 979 1603 1015 der muß in Hinkunft das Doppelte von dem zahlen,
595 1013 1603 1049 was er bisher für das Rauchen geopfert hatte. Denn die
596 1050 1604 1085 Dramas koſten in Hinkunft zwei Heller ſtatt eines Hellers.
596 1085 1604 1121 Der „Sports“⸗Mann muß gleichfalls zu dem was er bisher
596 1121 1380 1156 fürs Rauchen ausgab, genau die Hälfte zulegen.
683 1155 1603 1193 Man kann daher getroſt ſagen, daß die 76 Millionen
596 1192 1604 1228 Mehreinnahmen, die der Staat jährlich hereinbringen
594 1227 1605 1262 wird, aus der Taſche des armen Mannes kommen.
595 1262 1605 1299 Der Rauch verdichtet ſich zu 76 Millionen, die den Sack des
596 1299 815 1334 Fiskus füllen.
683 1333 1604 1369 Von dieſem Mehrverdienſt fließt ein Teil, freilich nur
596 1369 1605 1405 ein ganz ganz kleiner Bruchteil den Trafikantinnen zu. Es
596 1404 1605 1440 wäre aber weit gefehlt, wollte man annehmen, daß dadurch die
594 1439 1605 1476 Lage der Trafikantinnen weſentlich verbeſſert wird. Sie werden
595 1476 1605 1512 jetzt einheitlich zehn Prozent der Einnahmen erhalten.
596 1511 1605 1546 Bei vielen Sorten — ſo bei Sport und Memphis — haben
596 1546 1604 1583 ſie auch bisher dieſelbe Vergütung erhalten. Bei manchen
596 1581 1605 1617 anderen — ſo beſonders bei den teuren Zigarren — erhielten
596 1617 1605 1653 ſie freilich bisher nur 7 Prozent, ſo daß ſie jetzt bei
596 1651 1605 1689 dieſen mehr verdienen. Man muß jedoch bedenken, daß dieſe
596 1687 1606 1724 feinen Zigarren nur in verhältnismäßig wenigen großen
596 1722 1606 1759 Trafiken geführt werden, die in Gegenden etabliert ſind, in
597 1758 1607 1794 denen die reiche Kundſchaft verkehrt. Hier ſind aber die Koſten
596 1793 1607 1829 für die Regie, insbeſondere für Miete, in der letzten Zeit derart
598 1828 1607 1865 geſtiegen, daß das Aerar unbedingt auch hier etwas von ſeinem
597 1864 1607 1900 Profit ablaſſen mußte. Immerhin kann es nur begrüßt werden,
599 1900 1608 1936 daß von den vielen tauſenden Kronen einige wenige Heller
599 1936 1054 1971 für die Trafikanten abfallen.
684 1976 1607 2015 Die Teuerung wird in der nächſten Zeit ſicherlich eine
597 2014 1607 2053 Einſchränkung des Verbrauches zur Folge haben. So
597 2050 1608 2089 mancher wird in den teuren Tabak das billige Kaſtanienkraut
598 2087 1607 2124 miſchen und auf dieſe Weiſe die Teuerung bekämpfen.
598 2123 1607 2160 Derjenige, der ſich noch raſch „vor Abſchluß“ große Mengen
597 2160 1607 2196 einkaufen konnte, kann freilich ſagen: „A Weil' bin i no
597 2195 1608 2233 verſorgt!" Aber nach dieſer Zeit wird er dann doch tiefer
599 2232 1606 2268 in den Sack greifen müſſen. Der einzige, dem außer dem
597 2269 1609 2305 Millionär die Preisſteigerung völlig Wurſcht iſt, bleibt der
600 2306 1608 2343 „Tſchick⸗Arretierer“. Er kann ſogar von heute an viel ſtolzer
599 2343 1608 2379 ſein und ſich bedeutend nobler fühlen als bisher. Denn der
597 2378 1608 2415 Stummel, den er aufhebt, ſtellt nunmehr ein viel koſtbareres
599 2416 1220 2451 Gut dar, als bis zum geſtrigen Tage.
759 2470 1451 2510 Der letzte Tag des billigen Rauchens.
692 2527 1609 2568 Geſtern, am letzten Tage der alten Preiſe für Zigarren
599 2574 1610 2612 und Zigaretten, herrſchte in ſämtlichen Wiener Trafiken ein
598 2619 1610 2656 förmlicher Maſſenandrang. Der größte Teil des rauchenden
600 2664 1609 2702 Publikums hat ſich auf lange Zeit mit Rauchmaterial vor⸗
600 2709 1611 2748 geſehen, ſo daß die Verteuerung der Zigarren und Zigaretten
590 2748 1609 2793 für dieſen Teil der Raucher wenigſtens nicht momentan
602 2802 896 2837 fühlbar ſein wird.
696 2842 1610 2881 In den Spezialitätentrafiken am Kohlmarkt und in
600 2879 1612 2918 der Mariahilferſtraße herrſchte ein derartiger Andrang, daß
602 2917 1612 2953 das Publikum oft über eine Stunde lang warten mußte. In
602 2953 1610 2990 den Nachmittagsſtunden waren in den Spezialitätentrafiken
608 2989 1610 3026 die meiſten Sorten der gangbarſten Spezialitätenfabrikate
603 3031 809 3061 ausgegangen.
693 3063 1612 3098 Am Abend fand in den Trafiken durch Finanzorgane
606 3100 1609 3134 eine Inventuraufnahme ſtatt. Die Trafikanten werden die
605 3136 1613 3171 Differenz von dem erhöhten Betrage auf den alten Preis für
605 3171 1612 3207 die Lagerbeſtände nachzuzahlen haben. In Traſikantenkreiſen
606 3208 1611 3244 rechnet man damit, daß den beſonderen Mehreinnahmen in
606 3243 1614 3279 den letzten Tagen naturgemäß ein bedeutender Ausfall in den
608 3280 1613 3315 Monaten Juli und Auguſt gegenüberſtehen wird. Für die
606 3316 1615 3351 Traſikanten dürfte die Preiserhöhung der Tabakſabrikate vor
608 3351 1616 3387 Ablauf von zwei bis drei Monaten daher keine Mehreinnah⸗
608 3388 818 3423 men bringen.
1745 341 2547 409 Ein Täschchenräuber in der Stadt.
1910 420 2378 461 Aufſehen erregende Jagd.
1737 479 2657 516 Eine ſehr aufregende Jagd nach einem frechen Strolch,
1640 514 2658 552 der einem jungen Mädchen eine Handtaſche mit Geld entriſſen
1640 551 2657 588 hatte, machte geſtern nachmittags in der Innern Stadt ziem⸗
1640 586 1889 620 liches Aufſehen.
1738 622 2657 658 Die Kontoriſtin Philippine Oſer, beim Kaufmann
1640 658 2655 694 Ignaz Oſer in der Hegelgaſſe 6 angeſtellt, hat geſtern nach⸗
1641 694 2655 729 mittags bei der Poſtſparkaſſe einen Betrag von 750 K be⸗
1640 730 2659 765 hoben. Sie hatte das Geld in ihr Handtäſchchen geſteckt, in
1642 765 2658 801 welchem ſich ſchon 320 K befanden. In den Anlagen der
1641 801 2658 836 Gartenbaugeſellſchaft verſpürte das Mädchen plötzlich einen
1641 837 2659 872 Stoß in den Rücken und ehe ſie ſich über die Perſon des
1641 872 2660 908 Attackierenden klar werden konnte, riß ihr Jemand das
1641 907 2659 944 Handtäſchchen mit den 1070 K aus der Hand. Fräulein
1641 943 2658 979 Oſer drehte ſich um und ſah einen jungen Burſchen durch die
1642 979 2660 1015 Liebenberggaſſe über den Ring und gegen den Stadtpark
1642 1015 2659 1049 davonlaufen. Die Beraubte lief dem Räuber mit dem gellenden
1641 1051 2658 1086 Ruf „Aufhalten! Aufhalten!“ nach. Dem Gauner
1643 1086 2660 1121 war das Handtäſchchen auf der eiligen Flucht auf den Boden
1644 1121 2659 1157 gefallen. Er bückte ſich danach, hob es auf und lief weiter.
1642 1157 2659 1193 Paſſanten verfolgten den Täſchchenräuber bis zum Stadtpark.
1735 1192 2660 1227 Dort erblickte er eine Automobil⸗Taxameterdroſchke. Er
1645 1228 2660 1264 ließ ſie raſch halten, ſprang in das Coupé und rief dem Lenker
1642 1264 2661 1299 zu, er möge eilig zum Südbahnhof fahren. Der Strolch
1643 1299 2660 1335 hoffte, der Chauffeur würde wegfahren, ehe die Verfolger
1644 1335 2660 1370 kämen. Kaum aber ſaß er im Automobil, als der erſte aus der
1643 1370 2660 1406 Verfolgerſchar daher kam und keuchend den Chauffeur anhielt.
1643 1406 2661 1442 Der Strolch wurde gepackt und einem Sicherheitswachmann
1645 1440 2661 1478 übergeben. Dieſer brachte ihn erſt zur Wachſtube Kumpfgaſſe
1644 1477 2469 1513 und dann zum Polizeikommiſſariat Innere Stadt.
1738 1511 2661 1548 Der Verhaftete iſt der 19jährige Schreiber Joſef
1643 1548 2660 1585 Plhal, Währing. Karl Beckgaſſe 17 wohnhaft. Er war in
1644 1583 2661 1619 den Dienſten eines hieſigen Advokaten geſtanden. Am 22. Juni
1643 1618 2662 1655 d. J. hatte er von dem Anwalt den Auftrag erhalten, ein
1646 1653 2662 1695 Telegramm aufzugeben. Plhal rechnete nach ſeiner Rückkehr
1647 1688 2662 1725 7 K 10 h als Telegrammſpeſen auf. Den reſtlichen Betrag von
1645 1726 2662 1762 der erhaltenen 20 Kronen⸗Note, 12 K 90 h, gab er dem
1646 1760 2663 1797 Kanzleileiter. Nachträglich wurde aber feſtgeſtellt, daß er das
1646 1795 2663 1832 Telegramm gar nicht aufgegeben hatte, weshalb
1647 1831 2662 1868 er ſofort entlaſſen wurde. Plhal ſcheint auch außerdem ver⸗
1646 1866 2662 1903 dächtig, an dem Diebſtahl einer Schreibmaſchine bei dem be⸗
1645 1902 2661 1937 zeichneten Advokaten beteiligt geweſen zu ſein. Am 1. Mai
1647 1937 2663 1974 d. J. iſt nämlich die Kanzlei erbrochen aufgefunden
1647 1973 2662 2008 worden. Die Schreibmaſchine war verſchwunden. Am folgenden
1647 2009 2663 2045 Tage war Plhal nicht in die Kanzlei gekommen.
1646 2041 2661 2080 Als Entſchuldigungsgrund hatte er angeführt, daß er heiſer
1647 2080 2281 2115 war, was ſich als unwahr herausſtellte.
1730 2158 2667 2201 (Kaiſer Wilhelm — „Ehrenziegelmeiſter“.) Der Beſitz
1648 2205 2668 2246 der Gutsherrſchaft Kadinen in Oſtpreußen hat dem
1649 2251 2667 2291 Kaiſer Wilhelm eine ganz beſondere Ehrung einge⸗
1649 2294 2667 2337 tragen. Zu dem Gute gehört auch eine große Ziegelei,
1649 2340 2666 2383 für deren Betrieb der Kaiſer als ihr Eigentümer
1648 2385 2668 2426 Intereſſe bekundet und die er zur Hebung der Produktion
1650 2431 2667 2470 in den nächſten Monaten erheblich erweitern läßt. Vor
1650 2475 2667 2516 einigen Tagen hat der Monarch ſogar mehrere Stunden
1650 2520 2669 2561 hindurch praktiſche Zieglerarbeit geleiſtet, die Knet⸗
1650 2564 2669 2606 maſchine bedient und eigenhändig eine Anzahl Ziegel
1650 2605 2670 2651 hergeſtellt. In Erinnerung daran hat ihn jetzt die deutſche
1649 2654 2667 2696 Ziegelmeiſtervereinigung zum Ehrenmitgliede ernannt.
1652 2698 2667 2741 In dem Diplom wird der Kaiſer „Ehrenziegelmeiſter“
1651 2750 1800 2781 benannt.
1736 2787 2670 2832 (Auszeichnung.) Dem bekannten Alpiniſten und Ob⸗
1652 2835 2671 2876 mann, des alpinen Rettungsausſchuſſes Heinrich Krem⸗
1652 2880 2670 2923 pel in Wien iſt in Anerkennung ſeiner langjährigen
1653 2926 2671 2969 hochverdienten Tätigkeit als Aureger und Führer des
1651 2970 2672 3014 alpinen Rettungsweſens das goldene Verdienſt⸗
1651 3016 2458 3059 kreuz mit der Krone verliehen worden.
1733 3059 2668 3105 (Frau Toſelli ſchreibt ihre Memoiren.) Die ehe⸗
1650 3105 2669 3148 malige Kronprinzeſſin Luiſe von Sachſen, ſpätere
1650 3149 2669 3193 Gräfin Montignoſo und gegenwärtige Frau
1650 3194 2671 3237 Toſelli, hat ihre Memoiren geſchrieben, die in einem
1650 3237 2667 3279 engliſchen Verlage unter dem Titel „Meine Geſchichte“
1652 3282 2670 3323 im September erſcheinen werden. In der Vorrede ſagt ſie
1652 3327 2670 3369 folgendes: „Ich bin oft aufgeſordert worden, öffentlich all
1653 3372 2670 3412 die ungenauen Angaben zu wiederlegen, die ſeit ungefähr
1654 3417 2672 3457 zehn Jahren über mein Leben und meine Handlungs⸗
