3346 5257
69 112 1170 175 Seite 2
869 107 1142 158 Wien, Samstag
1422 111 1998 164 Neue Freie Prasse
2246 116 2493 178 5. Juli 1873
3047 108 3219 159 Nr. 3184
78 188 1111 237 richtige politiſche Verwerthung dieſer fügſamen Menge un⸗
78 233 1110 282 umgänglich iſt: die einflußreichen Häupter. Eine wahre
68 275 1111 324 Seelenangſt durchzittert nunmehr die Feudalen, daß ihnen
78 317 1110 367 die breite Baſis dieſer nationalen Bundesgenoſſenſchaft ent⸗
77 362 1110 409 zogen werden könnte. Denn ſie haben allen Grund zur Be⸗
77 402 1109 452 ſorgniß, daß ſie ſofort vom politiſchen Schauplatze verſchwin⸗
77 446 1109 494 den, daß ſie die nach dem Staatsruder immer gierig ausge⸗
76 488 1110 538 ſtreckte Hand ſinken laſſen müſſen, wenn die theuren Bundes⸗
76 534 369 577 genoſſen abfallen.
160 574 1107 624 Dieſe Gefahr iſt, wenigſtens im Süden des Reiches,
76 618 1108 666 nahegerückt. Dort haben die Jungſlovenen mit Entſchloſſen⸗
73 661 1110 710 heit die Bundesgenoſſenſchaft der „Rechtspartei“ abgelehnt,
73 704 1110 752 und haben es unternommen, ſelbſtſtändig und im vollen
75 746 1110 794 Gegenſatze zu den rechtsparteilichen Ultramontanen in die
72 789 1108 839 Wahlbewegung einzugreifen. Es werden Namen, welche ſich
71 831 1111 883 für den Slovenismus auf Koſten des geſunden Menſchen⸗
73 875 1109 926 verſtandes ſeit mehr als einem Jahrzehnt exponirten und
73 918 1110 968 dadurch den größten Anſpruch auf die Dankbarkeit ihrer
70 959 1109 1009 Landsleute erworben zu haben glaubten, deßhalb unbarm⸗
69 1003 1109 1054 herzig preisgegeben, weil ſie ſich als leuchtende Zeichen in
71 1046 1110 1092 den Wappenſchildern der Feudal⸗Ultramontanen verwenden
70 1086 1111 1140 ließen. Die ſloveniſche Jugend — allerdings kein politiſcher
71 1131 1109 1181 Factor, weil wir Jenen, welche erſt lernen, nie und nirgends
70 1174 1109 1225 ein Recht, zu lehren und zu führen, einräumend — hat mit
68 1213 1108 1264 jugendlichem Feuereifer den Bund mit den Ultramontanen
70 1262 1109 1310 verworfen und, vielleicht zum erſtenmale im nationalen
67 1300 1110 1353 Lager, den Accent auf die Freiheit, auf die Entwicklung der
67 1341 1108 1396 Schule, auf die Befreiung des Geiſtes gelegt. Dieſer Gegen⸗
66 1390 1108 1440 ſatz zwiſchen den nationalen und den rechtsparteilichen
69 1430 1109 1484 Parteigruppen, welcher plötzlich hervorgebrochen, beunruhigt
68 1476 1109 1525 die Feudal⸗Ultramontanen im höchſten Grade. Denn in
68 1518 1108 1570 Südſteiermark iſt es mit dem Ultramontanismus zu Ende,
70 1563 928 1607 wenn ſich von demſelben die Slovenen abwenden.
155 1605 1109 1656 Wir unſererſeits begrüßen dieſen Bruch zwiſchen Bun⸗
68 1648 1108 1698 desgenoſſen, deren Allianz doch nur eine mehr zufällige als
67 1691 1108 1741 innerlich berechtigte iſt, mit aufrichtiger Genugthuung, welche
67 1729 1106 1784 von Schadenfreude oder Parteirückſicht ſehr entfernt iſt. Die
66 1777 1106 1826 Schulgeſetze find eine koſtbare Errungenſchaft, nicht etwa nur
64 1820 1104 1870 für die Deutſchen, ſondern für jede Nation, ob dieſe in
66 1863 1102 1912 czechiſchem, ſloveniſchem oder in einem anderen Idiome
66 1906 1102 1957 ſpricht. Die Feindſchaft gegen die Schulgeſetze, dieſer Kern⸗
63 1949 1104 2000 punkt in dem Programme der Ultramontanen, macht für
65 1987 1103 2042 ſich allein eine ehrliche Bundesgenoſſenſchaft der Nationalen,
64 2036 1104 2082 ſoweit dieſe nicht ſelbſt in den Banden des Ultramontanis⸗
65 2079 1104 2127 mus gefangen ſind, mit dem letzteren unmöglich. Dagegen
62 2122 1106 2170 rauſcht in den Schulgeſetzen ein mächtig ſtrömender Quell
64 2165 1105 2212 der Einigung für die Liberalen aller Nationen. Wir begrei⸗
65 2207 1104 2260 fen und ehren jedes nationale Streben, welches den Staat
64 2252 1105 2299 zur Vorausſetzung und nicht eine ebenſo brutale als lächer⸗
65 2293 1104 2344 liche Anfeindung und Vergewaltigung des Deutſchthums zum
64 2335 1105 2388 Ziele hat. Mögen die Slaven nach Entwicklung ihrer Natio⸗
65 2380 1105 2429 nalität ſtreben; wer wird dieſes Streben auf kulturellem
63 2421 1104 2472 Gebiete anfeinden, wenn es nicht in einen ſtaatlich impo⸗
63 2468 1105 2517 tenten und auch den Culturaufgaben feindlichen Größen⸗
63 2509 1106 2555 wahn ausartet! Aber wie immer weit geſteckt die nationalen
63 2551 1106 2598 Ziele ſein mögen: gewiß iſt, daß ſie die Wiſſenſchaft als mächtige
62 2594 1107 2641 Triebkraft nicht entbehren können. Ohne Schule gibt es
63 2638 1108 2685 aber keine Wiſſenſchaft. Eine Partei, welche das Volk nur
63 2680 1106 2729 zum Roſenkranz⸗Beten und zu Wallfahrten erziehen will,
63 2722 1107 2773 kann auch den nationalen Zwecken nicht förderlich ſein. Die
63 2766 1107 2816 liberale Verfaſſungspartei, welche den Unterricht pflegt und
62 2809 1107 2859 dieſen dem Volke und deſſen Lehrern ſelbſt überantwortet,
63 2852 1107 2903 iſt ein viel ernſterer, aufrichtigerer Bundesgenoſſe für die
63 2895 1108 2945 Pflege der Nationalität, als die ultramontane Rechtspartei,
64 2940 1108 2988 welche mit den Bürgſchaften für die nationale Gleichberech⸗
64 2982 1109 3031 tigung Verſchwendung treibt und darum dieſen Bürgſchaften
64 3026 1109 3073 allen realen Gehalt nimmt. Kann denn ein beſonnener Na⸗
63 3068 1109 3116 tionaler im Ernſte glauben, daß die vollſtändige Ueberant⸗
63 3113 1109 3158 wortung der Adminiſtration an den Nationalismus denſelben
63 3155 1108 3204 dauernd zu begründen vermöchte, wenn die unabweislichen
62 3198 1109 3248 culturellen Vorausſetzungen für den Machtbeſitz mangeln?
1154 189 2187 243 Bloße Thatſachen, welche mit ihrem Cultur⸗Inhalte in Wider⸗
1155 233 2186 286 ſpruch ſtehen, können keine Herrſchaft begründen. Die lei⸗
1155 273 2187 327 tende Stellung der Deutſchen innerhalb der Monarchie iſt
1156 319 2187 372 ein Beweis für die Nichtigkeit dieſes Satzes. Wäre es denk⸗
1156 363 2187 414 bar, daß dieſer nur in wenigen Ländern in compacten Maſſen
1154 407 2187 458 wohnhafte, in anderen Provinzen nur oaſenförmig verbreitete
1154 443 2186 501 Volksſtamm ſeine politiſche Stellung behaupten könnte, wenn
1154 491 2189 543 nicht ſeine Culturmacht eine überwältigende wäre? Ihr
1153 535 2188 586 Nationalen, wer euch Cultur bringt, der iſt euer wahrer
1154 576 2186 628 Freund und Bundesgenoſſe, ſelbſt wenn er zunächſt eueren
1154 619 2188 672 nationalen Anſprüchen entgegentritt. Kämpft mit uns für
1156 663 2187 713 die freie Schule und ihr kämpft auch für eure eigene na⸗
1154 709 1439 754 tionale Zukunft!
1571 789 1773 847 Inland.
1229 854 2187 902 Wien, 4. Juli. (Zur Wahlbewegung.) Die Re⸗
1154 890 2186 940 gierungsorgane in den Provinzen ſind, wie der in unſerem
1154 930 2186 983 Abendblatte erwähnte Erlaß der Bezirkshauptmannſchaft von
1153 968 2186 1017 Kufſtein beweiſt, bereits beauftragt, die adminiſtrativen Vor⸗
1154 1008 2186 1055 arbeiten für die Wahlen zu erledigen, den Druck der Wahlformu⸗
1154 1046 2187 1095 larien anzuordnen und alle auf dieſen Theil der Wahlaction
1154 1085 2186 1134 bezüglichen Vorſchläge nach Wien gelangen zu laſſen. Daß die
1154 1123 2186 1172 Wahlen Anfangs October ſtattfinden ſollen, gilt nun nicht mehr
1153 1163 2187 1210 als ſo feſtſtehend wie früher, weil es ſich bei Beginn der Wahl⸗
1154 1203 2186 1247 vorbereitungen gezeigt hat, daß die Wahlen in den drei Wahl⸗
1154 1240 2196 1287 kreiſen von Landgemeinden, Städten und Handelskammern mehr
1153 1278 2185 1325 als einen Monat in Anſpruch nehmen werden. Zwiſchen den
1152 1317 2185 1362 Wahlterminen dieſer Gruppen ſoll nämlich der Zeitraum von
1152 1355 2185 1402 circa zehn Tagen für allenfalls nöthige Nachwahlen beſtimmt bleiben.
1229 1394 2185 1440 Nachrichten aus Brüx charakteriſiren den Sieg der Zwei⸗
1153 1431 2186 1480 männer⸗Partei in Ober⸗Georgenthal als das, wofür wir
1153 1472 2205 1518 ihn vom erſten Augenblicke genommen, als einen weſenloſen
1153 1509 2185 1556 Ausbruch von Redewuth. Die Vertreter von angeblich 17 Ge⸗
1153 1549 2186 1596 meinden, welche erſchienen waren, ſind ohne allen Einfluß auf die
1153 1587 2186 1634 Wahlen, und wie der Wahlbezirk in ſeiner Totalität zu dem
1153 1624 2186 1674 glorreichen Staatsſtreiche der Jungen ſteht, zeigt, daß die Sieges⸗
1153 1666 2186 1713 bulletins nur von 17 theilnehmenden Gemeinden ſprechen, wäh⸗
1153 1704 2186 1752 rend der Bezirk 362 Gemeinden umfaßt, und zwar 61 in Saaz⸗
1151 1742 2185 1789 Poſtelberg, 75 in Brüx⸗Katharinenberg, 92 in Kommotau, Se⸗
1150 1779 2032 1832 baſtianberg und Görkau und 134 in Teplitz⸗Dux⸗Bilin.
1229 1820 2184 1864 Uebrigens hat ſich die von den patentirten Vertretern der
1150 1858 2185 1905 Einigkeit unter den Deutſchen mit großem Behagen ausgeſprochene
1148 1897 2186 1944 Hoffnung, daß dieſe „bedeutſame Kundgebung“ nicht vereinzelt
1149 1934 2184 1981 bleiben werde, bereits erfüllt. Heute bereits wiſſen ſie von einer
1149 1975 2184 2020 neuen „bedeutſamen Kundgebung“ aus dem Orte Ullersdorf in
1148 2013 2184 2059 Böhmen zu berichten. In einer augenſcheinlich in usum Delphini
1149 2052 2185 2099 präparirten Zuſchrift ſprechen die ehemaligen Wahlmänner von
1148 2093 1490 2136 Ullersdorf Folgendes:
1233 2138 2183 2178 Wir proteſtiren feierlichſt gegen die Wahlcomités, welche die
1148 2172 2185 2213 Bezirksvertretungen als ſolche arrangiren, um uns in der freien
1150 2205 2185 2248 Ausübung unſeres Wahlrechtes zu beeinfluſſen, denn weder wir
1149 2241 2184 2283 noch die Urwähler haben ihnen ein Recht oder Mandat dazu er⸗
1149 2274 2183 2317 theilt. Iſt denn nicht genug daran, daß die alten Reichsraths⸗
1149 2310 2183 2352 Deputirten, als unſere Vertreter, ein Wahlgeſetz beantragt, votirt
1150 2343 2183 2386 und zu Stande gebracht haben, nach welchem wir Landgemeinden
1150 2380 2183 2420 gegen die Städte noch einmal ſo viel Steuer zahlen müſſen, dagegen
1149 2414 2183 2456 aber um die Hälfte weniger Deputirte als die Städte zur Vertre⸗
1149 2448 1900 2488 tung unſerer Intereſſen entſenden dürfen? . . . .
1234 2479 2184 2521 Wir laſſen uns daher weder von den Bezirksvertretungen,
1150 2513 2183 2554 noch vom Prager Caſino Reichsraths⸗Candidaten vorſchlagen, ſon⸗
1151 2547 2184 2588 dern wollen, daß unſere künftigen Abgeordneten ausſchließlich aus
1151 2579 2181 2620 unſerer Mitte gewählt werden. Wir proteſtiren gegen die Aufſtel⸗
1151 2616 2180 2657 lung ſolcher Candidaten, welche in einer abhängigen, dienſtlichen
1152 2647 2182 2693 Stellung ſtehen oder eine Verwaltungsrathsſtelle bekleiden; wir
1150 2683 2184 2727 proteſtiren aber auch entſchieden gegen die Aufſtellung jener Männer
1152 2719 2181 2761 als Reichsraths⸗Candidaten, welche unter dem Namen „die Alten“
1151 2757 2184 2797 bekannt ſind, gleichviel ob ſie ſich am Gründungsſchwindel betheiligt
1152 2791 2184 2831 oder Verwaltungsrathsſtellen eingenommen haben oder nicht, denn
1152 2825 2183 2865 wir wiſſen, daß ſie Alle die gegenwärtige Finanzmiſère dadurch mit
1152 2857 2184 2899 verſchuldet haben, daß unter ihren Augen der Schwindel betrieben
1152 2895 2184 2933 worden iſt und Keiner es der Mühe werth gefunden hat, ſeine
1154 2927 1757 2972 Stimme gegen dieſe Orgien zu erheben.
1240 2961 2183 3002 Wir weiſen die Anmaßung zurück, unſer Deutſchthum als Aus⸗
1153 2994 2184 3038 hängſchild eines Schwindel⸗Liberalismus zu verwenden, denn daß
1154 3029 2185 3072 wir Deutſche ſind und es auch fernerhin bleiben wollen, wiſſen wir
1152 3063 2185 3139 ſelbſt und brauchen nicht erſt daran durch die Alten, auch wenn ſie
1226 3099 2186 3140 Profeſſoren und Excellenzen ſind, erinnert zu werden; denn wir
1153 3131 2185 3174 wollen die deutſche Cultur weder durch Schwindel noch durch Blut
1154 3165 2185 3210 und Eiſen, ſondern durch Bildung und Geſittung auf andere Völker
1154 3209 1320 3243 übertragen.
63 3293 1102 3344 ſollen; allein wir ſehen es ſchon nach fünfzig Jahren in
63 3338 1102 3388 Scene gehen. An Gründen für dieſe beſchleunigende
63 3380 1104 3429 Neuerung fehlt es keineswegs. Denn erſtlich, wer erlebt
64 3424 1103 3474 hundert Jahre und kommt alſo in die Gelegenheit, die be⸗
66 3467 1103 3517 glückenden Indulgenzen eines Jubiläums zu verdienen?
62 3509 1102 3561 Schon Petrarca hat dies dem damaligen Papſte, Cle⸗
61 3553 942 3605 mens VI., in einer verſificirten Epiſtel vorgeſtellt:
202 3611 937 3652 . . . quis ad extrema longissima tempora vitæ
201 3644 876 3680 Pervenit aut aevi centenos conficit annos?
63 3689 1105 3740 Sodann ein bibliſcher Grund: das moſaiſche Jubeljahr war
61 3734 1104 3784 auf den Wechſel von fieben Jahrwochen angeſetzt, und es
64 3776 1105 3826 mußte recht und billig erſcheinen, daß die Erlöſten des Neuen
62 3819 1105 3870 Bundes im Vergleiche mit den Auserwählten des Alten
64 3863 1106 3913 nicht zu kurz kämen. So ward denn das zweite Jubeljahr
63 3901 1105 3957 auf 1350 verkündigt. Es eignete ſich zur Beſchwichtigung
64 3948 1106 3999 der Römer, die eben die Entfernung Cola's di Rienzi
62 3993 1107 4042 mächtig aufgeregt haben mußte, ganz vorzüglich. Sie ſelbſt
64 4034 1106 4086 ſollen, um die Luſt zur Pilgerfahrt recht zu beleben, die
63 4078 1108 4130 meiſt für unecht gehaltene päpſtliche Bulle: Cum natura
63 4119 1108 4171 humana fabricirt haben — eine Bulle, worin den Engeln
64 4163 1107 4216 befohlen wird, die Seelen der geſtorbenen Pilger ins Pa⸗
62 4209 1108 4256 radies aufzunehmen. Außerdem wurde von den edlen
62 4247 1107 4302 Quiriten, welche ihre Vorräthe den frommen Wallfahrern
63 4296 1109 4345 um den höchſten Preis aufdringen wollten, das Ver⸗
67 4337 1109 4387 bot der Einfuhr von Getreide, Wein und Fleiſch ins
62 4379 1108 4431 Römiſche für das ganze Jahr erlaſſen. Die Theuerung
62 4419 1110 4473 muß demnach eine nach damaligen Verhältniſſen unerträg⸗
63 4466 1110 4517 liche geworden ſein, und der Beſuch geſtaltete ſich demzufolge
62 4509 1111 4559 wol minder zahlreich. Immerhin ſoll die mittlere Zahl der
61 4548 1110 4601 Kommenden und Gehenden 5000 täglich betragen haben.
60 4593 1111 4643 Der Papſt hatte außer dem Beſuch der beiden Apoſtel⸗
61 4637 1111 4684 kirchen diesmal auch den von S. Giovanni Laterano vorge⸗
61 4680 1113 4729 ſchrieben. Das Schweißtuch der Veronica wurde, wie im
62 4723 1112 4772 Jahre 1300, an gewiſſen Tagen ausgeſtellt, und das Ge⸗
61 4767 1112 4814 dränge bei dieſer Ausſtellung war ſo groß, daß bald zwei,
62 4811 1113 4858 bald vier, bald ſechs, ja zwölf Leute erdrückt wurden. Als
61 4850 1113 4901 Jubiläums⸗Pilgerin war auch die heilige Seherin Brigitta
61 4894 1114 4947 aus Schweden gekommen, und ſie ward mit dem Wunder
61 4939 1115 4988 begnadet, daß der in ihrer Gegen wart von einem däniſchen
61 4979 1115 5032 Edelmann ihres Gefolges ausgeſprochene Zweifel, ob denn
61 5024 1115 5075 das Bildniß auf dem Schweißtuch der Veronica auch wirk⸗
59 5066 1114 5117 lich echt ſei, durch eine Stimme von Oben ſiegreich wider⸗
1146 3291 2182 3338 legt wurde. Dagegen wiſſen uns fromme Gewährsmänner
1147 3334 2179 3383 über die miraculöſe Heilung von Kranken und Austreibung
1148 3377 2180 3424 von böſen Geiſtern, die ſich im erſten Jubeljahr zugetragen
1146 3419 2180 3468 hatte, beim zweitenmale nichts zu berichten. Ueber Ver⸗
1144 3462 2181 3510 wendung des Geldes der Opfergaben haben wir in Betreff
1149 3505 2180 3555 dieſes Jubeljahres die beſtimmtere Notiz, daß es zum Theile
1149 3549 2180 3597 den Kirchen Roms zufloß, zum andern vom Papſte genom⸗
1148 3592 2180 3640 men wurde, weil er damit die Koſten ſeiner romagnoliſchen
1148 3639 1591 3685 Kriege zu beſtreiten hatte.
1234 3686 2178 3737 Nach Herabſetzung der Friſt von einem Jubiläum zum
1150 3730 2181 3780 anderen auf fünfzig Jahre wäre zu vermuthen geweſen, daß
1151 3773 2180 3821 das dritte Jubeljahr auf 1400 falle. Es fällt jedoch, über⸗
1149 3816 2181 3865 raſchend genug in doppelter Hinſicht, auf 1390. Mit dieſer
1149 3858 2180 3908 zwiefachen Ueberraſchung hat es nun die folgende Be⸗
1150 3902 2180 3950 wandtniß. Wie uns nämlich der Geſchichtſchreiber des
1151 3944 2180 3994 großen Schisma, Dietrich von Niem, berichtet, hatte ſich
1150 3988 2182 4038 Papſt Urban VI. die Anſicht Jener angeeignet, welche eine
1152 4030 2184 4080 neuerliche Reduction der Jubiläumsfriſt, und zwar auf
1153 4073 2182 4125 dreiunddreißig Jahre, als die Zeit, die der Herr auf Erden
1152 4115 2183 4167 gewandelt, verfochten. Da nun das zweite Jubeljahr 1350
1153 4160 2181 4209 gefeiert worden, hätte das dritte nach dieſer Meinung und
1153 4201 2183 4252 nach jeder arithmetiſchen Annahme unweigerlich im Jahre
1154 4244 2182 4294 1383 abgehalten werden ſollen. Sei es aber, daß die
1152 4288 2182 4337 Sache verpaßt worden und man erſt nachträglich auf den
1153 4331 2183 4381 Einfall gekommen, je das dreiunddreißigſte Jahr zu feiern,
1154 4376 2182 4422 oder was immer der Grund ſein mag — kurz, wir werden
1155 4419 2183 4465 durch ein drittes Jubeljahr mit der Zahl 1390 überraſcht.
1154 4461 2182 4510 Die Sache iſt ſo auffällig, daß Corio, der treffliche Ge⸗
1155 4504 2183 4552 ſchichtſchreiber der Stadt Mailand, ſchon im ſechzehnten
1156 4546 2183 4595 Jahrhundert durchblicken ließ, ſie könne nur auf eine
1156 4589 2184 4638 Aeußerung der päpſtlichen Willkür hinauslaufen, und die
1156 4631 2185 4681 reſpectwidrige Bemerkung macht, Urban VI. habe dies
1158 4674 2187 4723 Jubiläum mehr zu ſeinem Vortheil, als zum Nutzen der
1158 4717 2186 4767 chriſtlichen Religion angeordnet. Die feſtliche Begehung des
1158 4758 2187 4809 Jubeljahres erfolgte, nach Urban's VI. Tod, durch Papſt
1159 4803 2187 4852 Bonifaz IX. Es fanden ſich, des großen Schisma wegen,
1159 4844 2186 4893 nur aus Deutſchland, Ungarn, Böhmen, Polen und England
1158 4886 2187 4937 Pilger ein, und es ward, um bei alſo, beſchränkter Theil⸗
1159 4928 2187 4980 nahme doch die möglich größte Rentabilität zu erzielen, die
1160 4972 2188 5023 Einrichtung getroffen, daß man ſämmtliche, den Romfahrern
1158 5013 2188 5066 zugeſprochene Indulgenzen gegen Entrichtung der Reiſe⸗
1158 5058 2210 5110 koſten an die päpſtliche Kammer erlangen konnte, ohne den
2307 193 3255 243 Der Sendling, der die braven Ullersdorfer zu dieſer deutſch⸗
2229 232 3255 280 böhmiſchen Declaration gepreßt hat, muß irgendwo auf den Wiener
2229 271 3255 321 demokratiſchen Gründen gewachſen ſein. Man erkennt den Vogel
2230 306 3255 358 an den Federn. Denn zu behaupten, daß eben die „Alten“ das
2229 348 3255 395 Deutſchthum als „Aushängeſchild“ benützen, den „Profeſſoren
2230 387 3255 435 und Excellenzen“ vorzuwerfen, daß ſie die Deutſchen überflüſſiger⸗
2230 426 3255 474 weiſe an ihr Deutſchthum erinnern, während es bisher gegen die
2230 465 3255 512 nämlichen „Profeſſoren und Excellenzen“ keine herbere Anklage
2230 504 3255 550 gab, als daß ſie ſich begnügten, deutſch zu ſein, ohne es wie die
2230 538 3254 589 Wiener Parteitägler aller Welt in die Ohren zu ſchreien; gegen
2230 579 3255 627 die „Alten“ wegen ihrer angeblichen Corruption zu proteſtiren,
2231 614 3255 666 gleichviel ob ſie ſich an dem Gründungsſchwindel betheiligt oder
2229 652 3254 706 Verwaltungsrathsſtellen eingenommen haben oder nicht — das iſt
2230 696 3255 740 nur ein richtiger Confus⸗Radicaler im Stande. Auch das den
2231 734 3254 782 czechiſchen Hetzorganen abgeguckte Manöver, die Landbevölkerung
2230 768 3254 819 wider die Städte zu ſtacheln und über Bevorzugung der Städte
2230 810 3255 857 bei der Vertheilung der Abgeordnetenzahl zu winſeln, nachdem man
2228 849 3255 895 vor ein paar Monaten den Wahlreform⸗Ausſchuß des Abgeordneten⸗
2230 886 3254 934 hauſes mit Unflath beworfen hatte, weil er zu wenig ſtädtiſche Ab⸗
2230 927 3254 974 geordnete votirte, paßt genau in das Syſtem, nach welchem die jung⸗
2229 964 3255 1008 deutſch⸗demokratiſche Confuſionspartei die Einigkeit unter den
2230 998 3254 1049 Deutſchen zu erhalten beſtrebt iſt. Der diesbezügliche Paſſus in
2230 1041 3254 1090 dem Ullersdorfer „Proteſte“ ſtellt ſich würdig dem in Marburg
2229 1079 3254 1123 prakticirten Kniffe an die Seite, wo dieſelben Leute, die den
2230 1112 3254 1164 Mund nicht voll genug von „Deutſchthum“ und „Solidarität der
2229 1157 3255 1203 Deutſchen“ nehmen können, wider den bisherigen Abgeordneten
2229 1190 3254 1242 Reuter keine ſchwerere Anklage und für ſeinen Gegner Brand⸗
2229 1234 3255 1280 ſtetter keine größere Reclame aufzutreiben wiſſen, als daß jener
2230 1273 3255 1321 ein eingewanderter Norddeutſcher, dieſer aber ein gebürtiger
2229 1313 2489 1353 Steiermärker ſei.
2307 1349 3253 1394 Glücklicherweiſe macht Eine Schwalbe noch keinen Sommer,
2229 1389 3254 1436 und die „bedeutſamen Kundgebungen“ von Ober⸗Georgenthal
2229 1427 3256 1471 und Ullersdorf ſind nichts weniger als der Ausdruck der
2212 1466 3257 1511 Geſinnung der Deutſchböhmen. Es gibt in Böhmen nicht Ein
2229 1504 3255 1549 deutſches Partei⸗Organ von nur einiger Bedeutung, das nicht
2229 1543 3254 1586 in den härteſten Ausdrücken die Putſchverſuche wider die
2229 1579 3251 1626 Teplitzer Beſchlüſſe verurtheilen würde. Der „Tagesbote aus
2228 1621 3254 1665 Böhmen“, dem allerdings der Makel des „Alkers“ anhaftet, weil
2229 1660 3255 1704 er nun ins 22. Jahr das Deutſchthum in Böhmen verficht, be⸗
2231 1698 3254 1745 klagt ſich bitter über die nach Böhmen getragene Verhetzung und
2230 1737 3255 1782 Disciplinloſigkeit. Und die „Deutſche Volkszeitung“, ein Organ,
2230 1776 3255 1819 dem mindeſtens ſo viel Bedeutung zukommt, wie den Stylübun⸗
2246 1808 3254 1859 gen von Ober⸗Georgenthal und Ullersdorf, warnt die Deutſch⸗
2247 1854 3254 1899 böhmen vor den wider ihre bewährten Vertreter ausgeſtreuten
2228 1895 2471 1934 Verleumdungen.
2313 1939 3253 1978 Wir halten es für unſere Pflicht, ſchreibt die Deutſche Volks⸗
2228 1973 3253 2014 zeitung, unſere Leſer auf ein kleines Taſchenſpielerſtückchen der Jun⸗
2228 2007 3255 2044 gen aufmerkſam zu machen. Wie bekannt, verſteht man unter der
2229 2036 3254 2077 „conſervativen“ Partei gewöhnlich die Feudalen und Clericalen und
2229 2074 3254 2114 kann von einer „conſervativen Verfaſſungspartei“ nur inſofern ge⸗
2229 2108 3254 2146 ſprochen werden, als ein Theil der Clericalen (die Partei des Car⸗
2228 2142 3252 2185 dinals Rauſcher) zu wiederholtenmalen erklärt hat, die Verfaſſung
2228 2176 3251 2218 anerkennen zu wollen. In einem gewiſſen Sinne iſt wol auch die
2229 2210 3250 2253 deutſch⸗liberale Partei (Alte und Junge) conſervativ, als ſie die
2228 2247 3251 2287 Verfaſſung, das Deutſchthum und unſere freiheitlichen Errungen⸗
2227 2283 3252 2321 ſchaften den Angriffen der Gegner gegenüber erhalten will. Die
2226 2314 3253 2356 Herren Jungen aber nehmen ſich auch die Freiheit heraus, jenen
2227 2351 3253 2390 großen Theil der deutſch⸗liberalen Partei, welchen ſie „die Alten“
2226 2382 3252 2424 nennen, ſchlechtweg auch die „conſervative“ oder gar die bochcon⸗
2227 2421 3253 2458 ſervative Partei zu nennen, woran ſie nebſt anderen gutgemeinten
2225 2454 3252 2494 Verdächtigungen auch die knüpfen, als wären die „Alten“ jedem Fort⸗
2227 2486 3253 2526 ſchritte abhold. Nun, daß wir eine Verfaſſung und freiheitliche Ge⸗
2228 2518 3252 2561 ſetze haben, daß die Deutſchen in Oeſterreich die erſte Stelle einneh⸗
2228 2550 3252 2594 men, und daß wir überhaupt ſeit zwölf Jahren ſo große „Fort⸗
2228 2584 3252 2628 ſchritte“ gemacht haben, daran ſind denn doch die guten Jungen
2228 2619 3252 2659 herzlich unſchuldig, und ſie müſſen zugeſtehen, daß alles das nur die
2228 2655 3250 2697 geſchmähten „Alten“ errungen haben. Der bloße Hinweis auf dieſe
2226 2692 3252 2731 Thatſache genügt, um ſicherſtellen zu können, wer Deutſchthum und
2228 2724 3251 2766 Fortſchritt im Herzen trägt und wer ſie blos im jungen Munde führt.
2302 2769 3253 2813 Durch die in Budweis erfolgte Delegirtenwahl für das
2226 2802 3252 2851 Prager Central⸗Comité iſt nunmehr die Zahl der Ge⸗
2227 2846 3247 2889 wählten auf ſiebzehn geſtiegen. Die Conſtituirung des Central⸗
2227 2883 3156 2926 Wahlcomités in Prag ſteht ſonach in allernächſter Ausſicht.
2306 2919 3250 2966 Nach czechiſchen Blättern verlautet, daß Hohenwart's College,
2229 2957 3252 3001 der bekannte Ex⸗Miniſter Jirecek, in Hohenmauth candidirt werde.
2305 2995 3252 3041 Durch das Hervorheben der Verfaſſungstreue in dem von
2229 3035 3252 3084 uns mitgetheilten Wahlaufrufe, welchen das jüdiſche Central⸗
2228 3074 3253 3120 Wahlcomité in Lemberg an alle iſraelitiſchen Gemeindevorſtände
2228 3114 3252 3165 verſendet hat, ſind alle Verſuche, auf dem Compromißwege die
2228 3152 3251 3196 Juden Galiziens in das Schlepptau des polniſchen Wahlcomités
2229 3192 3251 3237 zu nehmen, geſcheitert. Die Juden können nun mit Ulrich Hutten
2224 3282 3249 3332 heimiſchen Herd zu verlaſſen. Welche Summen dies einge⸗
2225 3324 3251 3374 bracht haben mag, läßt ſich daraus ermeſſen, daß von Be⸗
2223 3367 3252 3416 trügern, die mit gefälſchten Abläſſen von Haus zu Haus
2224 3410 3253 3459 gingen, in einer einzigen Kirchenprovinz 100,000 fl. zu⸗
2224 3460 2693 3504 ſammengeſchwindelt wurden.
2309 3502 3251 3552 Das vierte Jubeljahr (1400) eröffnete ſchon nach einem
2222 3548 3250 3596 Decennium derſelbe Papſt Bonifaz IX., der das dritte ge⸗
2224 3592 3252 3640 feiert hatte. Den Wechſel des Jahrhunderts unbenützt vor⸗
2223 3635 3250 3683 übergehen zu laſſen, wäre von Seiten des Papſtes eine
2225 3678 3250 3726 offenbare Feindſeligkeit gegen die Römer geweſen, die gierig
2224 3721 3252 3768 nach Pilgern ausblickten und deren nie genug rupfen konn⸗
2223 3763 3251 3811 ten. Die Zeit war jedoch wenig geeignet, für kirchliche Feſte
2224 3805 3252 3855 Begeiſterung zu erwecken; auch wenn man aller und der
2225 3845 3251 3898 ſchwerſten Sünden Ablaß mit ihnen verknüpfte. Die große
2224 3888 3251 3941 Kirchenſpaltung zu ihrer ganzen Schärfe gediehen; Frank⸗
2225 3931 3251 3984 reich völlig erſchöpft und ſich der ausdrücklichen Anerkennung
2225 3975 3252 4026 Bonifaz' IX. als des rechtmäßigen Papſtes entziehend; Eng⸗
2225 4017 3251 4070 land auf die langen Roſenkriege rüſtend; Deutſchland von
2226 4060 3250 4113 wüſtem Parteihader zerfleiſcht; der Oſten Europas durch
2227 4104 3251 4157 bange Furcht vor den immer ſiegreicher vordringenden Os⸗
2226 4148 3251 4198 manen wie gelähmt; Italien trotz der ein Jahr vorher graſ⸗
2226 4189 3251 4244 ſirenden Volkskrankheit der „weißen Büßer“ arg verweltlicht
2226 4233 3250 4285 und auf ganz andere Dinge ſinnend, als das Schweißtuch
2226 4277 3250 4324 der Veronica oder die Apoſtelhäupter in San Giovanni
2225 4319 3250 4371 Laterano; römiſche Adelsfractionen mit dem Papſte im wil⸗
2226 4361 3251 4411 den Kampfe und das Schisma ſelbſt in campaniſchen Städ⸗
2227 4404 3250 4455 ten und Ortſchaften noch nicht völlig überwunden: ſo ſah es
2227 4446 3251 4498 in der Welt aus, die der Papſt aufforderte, durch fleißigen
2228 4490 3251 4542 Beſuch der römiſchen Hauptkirchen ſich den Himmel zu ver⸗
2228 4535 3251 4582 dienen. Das Jubiläum ſcheint denn auch, ungeachtet des,
2229 4575 3250 4627 wie es heißt, keineswegs ſpärlichen Zulaufs ſehr froſtig aus⸗
2229 4618 3252 4670 gefallen zu ſein. Man hielt es auf kirchlicher Seite für
2229 4662 3252 4714 beſſer, davon zu ſchweigen, als viel Weſens aus der Sache
2228 4705 3253 4755 zu machen, und dieſem guten Beiſpiele wollen auch wir fol⸗
2231 4746 3253 4798 gen. Zu erwähnen iſt nur, daß der Papſt jenem Wenzel
2230 4790 3251 4841 dem Faulen, der in Deutſchland während des Jubeljahres
2231 4833 3251 4885 ſchimpflich abgeſetzt wurde, die Ermächtigung ertheilte, für
2230 4875 3252 4928 Pilger nach Prag dieſelben Indulgenzen verkündigen zu
2230 4918 3252 4971 laſſen, welche durch die Wallfahrt nach Rom zu erlangen
2231 4960 3250 5010 waren. Wie viel das dem König, dem Prager Erzbiſchof
2230 5004 3250 5056 und Domcapitel eingetragen hat, würde heute, wenn es Einer
2231 5048 2992 5102 weiß, Herr Franz Palacky anzugeben wiſſen.
