3488 5361
192 81 349 117 Seite 26
761 78 1036 123 Wien, Samstag
1476 79 2055 117 Neue Freie Presse.
2470 81 2691 117 1. Juli 1911
3091 78 3147 116 Nr.
3182 80 3285 114 16830
581 183 1560 229 K. k. Nordweſtbahndirektion
756 237 1370 326 Kundmachung.
277 329 1057 366 Auf Grund der §§ .63 (8), 76 (7) und 78 (1) des E. B. R.
185 356 1050 388 für die Eiſenbahnen der im Reichsrate vertretenen Königreiche und
188 384 1050 413 Länder wird mit 1. Juli 1911 in der Station Tetſchen ein Roll⸗
186 412 454 442 fuhrdienſt eingerichtet.
268 437 1050 468 Mit der Beſorgung dieſes Rollfuhrdienſtes wurde die Firma
187 464 1050 497 Franz Angermann in Letſchen betraut, deren Geſchäftslokal ſich in
187 493 401 522 Tetſchen befindet.
267 517 1050 549 Dieſer Rollfuhrunternehmung obliegt unter der im Betriebs⸗
186 544 1051 577 reglement diesfalls feſtgeſetzten bahnſeitigen Haftung und zu den im
186 573 720 603 nachſtehenden Tarife, bezifferten Gebühren:
267 598 1050 629 a) Die Abſtreifung der in der Station Tetſchen (Nordweſt⸗
187 625 1051 657 bahnhof) zur Abstreifung gelangenden Eil- und Frachtgüter an die
188 650 1049 684 Empfänger innerhalb des im Tarife bezeichneten Zuſtellungsgebietes.
268 676 1048 708 Ueber die Ankunft der von der Rollfuhrunternehmung zu⸗
186 701 1052 738 zuſtellenden Güter werden die Empfänger bahnſeitig nicht benach⸗
186 731 1054 763 richtigt; die Frachtbriefe über dieſe Güter werden nebſt den all⸗
186 758 1050 792 fälligen Beilagen den Empfängern durch die Rollfuhrunternehmung
187 784 1049 815 übermittelt, wobei von den Empfängern die auf dem Gute aus⸗
188 808 1050 846 haftenden Fracht- und ſonſtigen Gebühren zu bezahlen und der
188 836 1051 872 Empfang durch Beiſetzung des Tages und der Stunde ſowie der
188 864 1048 900 Unterſchrift auf dem Aviſo⸗ und Bezugsſchein zu beſcheinigen iſt.
1066 764 1204 815 E. B. R.
268 892 1050 922 Bei Annahme von Münzen und Noten der Kronenwährung
187 916 1051 1004 für in den Frachtbriefen in fremden Währungen eingestellte Be⸗
187 940 1047 977 träge werden von der Rollfuhrunternehmung die gleichen, Um⸗
190 971 1050 1003 rechnungskurſe wie bei den Frachtkaſſen der Station Letſchen
190 975 576 1030 (Nordwestbahnhof) angewendet.
267 1025 1051 1056 b) Die Zuſtreifung der von den Abſendern der Rollfuhr⸗
186 1051 1051 1085 unternehmung übergebenen Eil- und Frachtgüter von der Behauſung
188 1078 1050 1110 oder den Geſchäftsräumen der Abſender innerhalb des im Tarife
188 1105 1051 1138 bezeichneten Rollgebietes nach der Station Tetſchen zur Veranlaſſung
189 1135 400 1165 der Auflieferung.
1150 331 1928 362 Von der Ab-, beziehungsweiſe Zuſtreifung durch die Roll⸗
1069 357 1543 388 fuhrunternehmung ſind ausgeſchloſſen:
1151 385 1728 415 1. Bahnlagernd geſtellte Eil- und Frachtgüter.
1150 412 1928 442 2. Eil- und Frachtgüter, welche für Empfänger beſtimmt
1069 437 1927 469 ſind, die bei der Abfertigungsſtelle vor der Ankunft des Gutes
1070 463 1928 495 ſchriftlich angezeigt haben, daß ſie ihre Güter ſelbſt abholen oder
1069 489 1927 522 ſie durch andere als die van der Eiſenbahn beſtellten Fuhrunter⸗
1070 519 1743 550 nehmer abholen laſſen wollen. (§ 78 (2) E. B. R.)
1151 546 1928 576 3. Lebensmittel, wie Milch, Eier u. dgl. welche als Eil⸗
1070 572 1928 603 gut täglich oder in regelmäßig wiederkehrenden kürzeren Zeit⸗
1069 600 1928 629 räumen für beſtimmte Adreſſaten anlangen und von denſelben ohne
1069 623 1612 655 vorherige Benachrichtigung abgeholt werden.
1151 653 1584 682 4. We Güter in Wagenladungen.
1152 679 1929 710 5. Eil- und Frachtgüter, welche vor der Abnahme einer zoll⸗
1070 706 1493 739 amtlichen Behandlung unterliegen.
1146 708 1294 760 6. Leichen.
1152 759 1929 789 7. Exploſionsgefährliche Gegenſtände der Anlage C zum
1151 813 1520 840 8. Unverpackte lebende Tiere.
1151 836 1937 869 9. Gold- und Silberbarren, Platina, Geld, Münzen und
1070 862 1936 895 Papiere mit Geldwert, Dokumente. Edelsteine, echte Perlen, be⸗
1069 892 1929 922 ſonders wertvolle Spitzen und beſonders wertvolle Stickereien ſowie
1070 919 1929 949 andere Koſtbarkeiten, ferner Kunſtgegenſtände, wie Gemälde, Bild⸗
1070 947 1741 975 werke, Gegenſtände aus Erzguß; und. Kunſtaltertümer.
1153 973 1928 1002 10. Sendungen, bei welchen einzelne Frachtſtücke mehr als
1071 997 1929 1028 750 Kilogramm wiegen (ausſchließlich gefüllte Fäſſer mit kreis⸗
1070 1025 1707 1058 runden Böden) oder länger als ſieben Meter ſind.
1152 1053 1883 1082 11. Beſchädigte oder unvollſtändig angelangte Sendungen.
1153 1077 1847 1109 12. An Spediteure in Tetſchen adreſſierte Sendungen.
1153 1103 1930 1136 13. Güter, auf welchen Nachnahmen nach Eingang in der
1064 1132 1523 1162 Höhe von mehr als 100 K. haften.
2986 1144 3229 1198 Nadelwälder.
2539 1145 2877 1195 Subalpines Klima.
973 1168 1144 1213 Tarif.
2006 1248 2396 1298 Schweiss-
2482 1258 3278 1311 Kurort Vöslau
2481 1299 3280 1352 45 Minuten von Wien, am Fusse des Harzberges, drei Grosse Bade⸗
2481 1326 3280 1380 teiche, Sturz-, Wellen-, Dusch- und medikamentöse Bäder (Kiefer⸗
2479 1354 3282 1405 nadel, Salzsoole, Moorsalz etc.), Kohlensäurebäder, Kaltwasser-,
2482 1380 3285 1433 Milch-, Molken-, Massage-, Trauben- und Terrain-Kuren, Heil⸗
2807 1407 2950 1458 gymnastik.
2482 1432 3281 1483 Akratotherme von 24° C. Saison Mai-Oktober.
2106 1388 2300 1438 Füsse
2633 1455 3118 1507 Ausführliche Prospekte und Wohnung.
2646 1482 3123 1533 listen durch die Kurkommission und
2740 1507 2980 1562 die Bäderdirektion
2019 1509 2389 1559 Wundlaufen und
3062 1509 3132 1559 15187
2017 1624 2386 1678 Schweissgeruch
271 1673 1052 1703 Obige Gebühren gelten, für die Zuſtellung der Güter bis in
190 1698 1051 1730 die ebenerdigen Lokale, Magazine ꝛc. der Empfänger oder um⸗
191 1727 1050 1757 gekehrt für die Zuſtreifung dort den ebenerdigen Lokalen, Ma⸗
191 1754 710 1784 gazinen rc. der Abſender zum Bahnhofe.
2008 1678 2399 1728 beseitigt am sichersten und ohne
2129 1704 2277 1755 Folgen nur
2329 1700 2406 1751 15007
2438 1759 3339 1810 Höhenkurort Brenner * Tirol
274 1787 1050 1821 Ueber Verlangen der Abſender, beziehungsweiſe Empfänger
191 1812 1051 1844 werden die abgeſtreiften, beziehungsweiſe die zuzuſtreifenden Güter,
190 1840 1052 1872 inſoferne die einzelnen Kolli höchſtens 50 Kilogramm wiegen und
190 1864 1052 1896 von einem Manne getragen werden können, in den Keller oder
192 1893 1052 1924 aus demſelben, beziehungsweiſe in ein höheres oder aus einem
191 1919 1053 1954 höheren Stockwerke gegen Entrichtung einer Gebühr von 10 H. für
191 1946 1053 1979 je angefangene 50 Kilogramm der zu einem Frachtbriefe gehörigen
191 1974 873 2004 Güter (ohne Rückſicht auf die Kolli anzahl getragen).
2004 1858 2404 1908 Panax - Pasta
273 2007 1053 2039 Das Abtragen der Frachtſtücke geſchieht auf eigene Gefahr
191 2032 1054 2065 und Verantwortlichkeit der Rollfuhrunternehmung, welche für allen
192 2059 869 2092 hiebei entſtandenen Schaden allein aufzukommen hat.
274 2095 1054 2126 Werden über Verlagen des Abſenders von der Rollfuhr-
193 2118 1052 2151 unternehmung Zoll- und Steuerpapiere ſowie ſtatiſtiſche Anmelde⸗
1074 1671 1932 1707 ſcheine, ferner Frachtbriefe oder Frachtbriefduplikate ausgefertigt, ſo
1070 1700 1932 1733 kann die Rollfuhrunternehmung hiefür eine Gebühr von 10 H. per
1073 1725 1930 1759 Stück aufrechnen, jedoch iſt die Rollfuhrunternehmung in einem
1073 1753 1930 1785 ſolchen Falle als Beauftragte des Abſenders anzuſehen und bleibt
1246 1779 1861 1813 der Eiſenbahn für die richtige Ausfertigung
1897 1786 1931 1808 der
1072 1779 1496 1809 die Haftung
1072 1808 1385 1835 Dokumente ausgeſchloſſen
1154 1833 1930 1865 Für die Vordrucke ſelbſt ſind hiebei von der Rollfuhrunter⸗
1072 1860 1930 1890 nehmung jene Gebühren zu berechnen, welche für dieſelben im
1074 1886 1882 1917 Einzelverkaufe von den Güterabfertigungsſtellen erhoben werden.
1075 1913 1931 1948 Die Organe der Rollfuhrunternehmung ſind verpflichtet, ein
1074 1939 1932 1970 Exemplar dieſer Kundmachung ſtets bei ſich zu führen und den Ab⸗
1074 1965 1927 2000 ſendern, beziehungsweise Empfängern auf Verlangen vorzuzeigen.
1157 1991 1932 2025 Allfällige Beſchwerden über die Rollfuhrunternehmung ſind
1074 2019 1816 2051 bei der k. k. Nordweſtbahndirektion in Wien einzubringen.
1155 2055 1461 2082 Wien, im Juni 1911.
1196 2098 1881 2155 K. k. Nordweſtbahndirektion.
2257 212 3050 258 Die Perle des Schwarzen Meeres
2029 288 3281 422 CONSTANZA
2019 447 3283 509 RUMÄNIEN, 6 Stunden von Bukarest, 10 Stunden von Ronstantinopel.
2180 528 3128 591 Schönster Strand der Welt!
2028 623 3282 723 CASINO MUNICIPAL.
2027 752 3284 797 Monumentalgebäude mit grossartiger Terrasse
2025 804 3282 842 am Meere. Zweiberühmte deutsche Orchester.
2019 875 3290 976 Sämtliche Vergnügungen und Spiele der Riviera-Casinos.
2285 1005 3089 1046 Geschlossene Gesellschaft.
3089 1005 3286 1046 14419
2031 1921 2376 1943 in Tuben & 70 Heller.
2010 1954 2393 1983 Eingeführt in der k. u. k. Armee.
2010 1991 2393 2017 Erhältlich ib allen Apotheken
2113 2017 2290 2042 und Drogerien.
2099 2051 2297 2071 Allein echt von:
2011 2085 2390 2124 Fr. VITEK & Co.
2030 2136 2376 2163 Prag-II., Wassergasse 19.
2693 1822 3072 1849 1372 Meter ü. a. M.
2438 1863 3329 1903 Hotel und Pension „Zur Post“ mit Dependance,
2441 1897 3330 1935 120 Zimmer, moderner homfort. Auto-Garage. Post und.
2548 1932 3331 1968 Telegraph im Hause.
3253 1917 3334 1967 12633
2824 2039 3312 2083 Continental et Palace Hotel
2829 2084 3265 2107 Mitte des Meerdammes.
2836 2108 3311 2131 Moderner Komfort. Zimmer mit Bad.
2484 2134 2863 2160 Lift allerersten Ranges.
2863 2134 3237 2160 Pension von Fros 9.— ab.
2461 2042 2863 2133 Blankenberghe
251 2237 586 2328 Königl.
257 2309 385 2359 Natürliches
461 2308 597 2359 Miness###
228 2362 596 2454 Fachingen
2049 2250 2367 2339 Königl.
2057 2320 2176 2372 Natürliches
2244 2314 2385 2366 Miness###
2026 2373 2385 2465 Fachingen
789 2253 856 2304 von
698 2320 941 2357 hervorragendem
706 2372 943 2409 Wohlgeschmack
1130 2253 1445 2339 Königl.
1135 2332 1257 2372 Natürliches
1331 2321 1463 2372 Miness###
1107 2377 1470 2469 Fachingen
1663 2280 1833 2307 von grosser
1638 2325 1855 2361 Bedeutung für
1635 2378 1860 2406 die Gesundheit
2606 2257 2740 2283 Literatur
2518 2290 2825 2319 durch die Brunnen-
2594 2325 2748 2360 Inspektion
2573 2360 2774 2394 in Fachingen
2539 2395 2807 2429 (Bez. Wiesbaden).
2914 2239 3237 2329 Königl.
2922 2324 3041 2354 Natürliches
3115 2305 3251 2357 Miness###
2891 2366 3254 2456 Fachingen
160 2505 1185 2553 hängigkeit der näheren Zuſammenſetzung der Zuckerrübe
158 2549 1185 2598 vom Licht zu erfahren, eine Frage, die in dieſer Richtung
160 2590 1188 2641 noch nicht angeſchnitten worden iſt, nachdem man ſich bisher
159 2635 1185 2684 faſt ausſchließlich nur mit der Beeinfluſſung der
160 2682 1190 2730 allgemeinen Wachstumsverhältniſſe, durch die Belichtung
159 2726 1188 2771 beſchäftigt hat. Die Verſuche wurden in der Weiſe
159 2769 1188 2817 durchgeführt, daß auf einem in beſter Kraft ſtehen⸗
159 2813 1188 2859 den, gleichmäßig beſchaffenen Felde die Rüben ſo an⸗
133 2857 1188 2903 gebaut wurden, daß ein Teil unter dichtbelaubten Obſt⸗
158 2901 1189 2947 bäumen unter ſtarkem Nachmittagsſchatten erwuchs. Die
159 2940 1186 2991 Reſultate der chemiſchen Unterſuchung ließen nun deutlich
161 2989 1188 3035 erkennen, daß die Beſchattung das Wachstum der Zucker⸗
159 3033 1188 3079 rübe für ihre techniſche Verarbeitung der Wurzel in ſehr
158 3075 1189 3123 ungünſtiger Weiſe beeinflußt. Es wird durch Lichtmangel
160 3119 1188 3166 das Wachstum der Blätter der Zuckerrübe in auffallender
160 3163 1189 3210 Weiſe auf Koſten der Wurzelentwicklung gefördert und
156 3205 1189 3254 dann produzieren die Schattenrüben im Vergleich mit
161 3249 1189 3297 unter denſelben Bedingungen erwachſenen unbeſchatteten
161 3294 1190 3342 Rüben geringere Mengen Wurzeltrockenſubſtanz, wobei der
160 3336 1189 3386 durch den Lichtmangel hervorgerufene Produktionsausfall
161 3380 1189 3430 der Wurzel zum größten Teil auf eine herabgeſetzte (Zucker⸗
160 3420 1190 3474 bildung entfällt. Ferner war der Gehalt an Stickſtoff⸗
161 3469 1191 3519 ſubſtanzen in den Wurzeln der Schattenrüben ein höherer
162 3513 1189 3561 als in jenen der unbeſchatteten Rüben, wobei in erſteren
162 3556 1190 3604 Rüben auf einen Teil Eiweiß eine größere Menge nicht
163 3599 1190 3649 eiweißartiger Stickſtoffkörper entfiel als bei letzteren, und
162 3643 1191 3694 beſonders auffallend zeigte ſich dies in den Blättern der
158 3687 1192 3737 Schattenrüben, eine Erſcheinung, die in der Hem⸗
160 3727 1188 3780 mung der Tätigkeit des Chlorophyllapparats ihre
162 3773 1192 3825 Urſache hat. Der Stickſtoffumſatz wird demnach durch
163 3817 1191 3868 das Licht beeinflußt. Die Blätter der Schattenrüben
164 3861 1192 3914 enthielten auch größere Mengen Oxalſäure als jene
163 3904 1191 3956 der Lichtrüben, eine Erſcheinung, die ebenfalls als
164 3949 1191 4000 eine Urſache der durch Lichtmangel hervorgerufenen
163 3993 1190 4044 Störung der Tätigkeit der Chloroplaſten zu betrachten iſt.
164 4036 1192 4088 Und ſchließlich wurde feſtgeſtellt, daß durch die Be⸗
165 4079 1193 4133 ſchattung ſowohl in der Wurzel- als auch in der Blätter⸗
165 4122 1194 4176 trockenſubſtanz der Aſchengehalt erhöht und beſonders die
165 4164 1194 4219 Einwanderung von Chloriden durch Lichtmangel befördert
165 4206 1193 4262 wird. Die Verſuche kennzeichnen alſo deutlich die hohe
165 4254 1193 4307 Bedeutung des Sonnenlichtes für eine gedeihliche und
165 4296 1192 4350 ihrem Zweck entſprechende Entwicklung der Zuckerrübe.
246 4338 1195 4389 Andrlik, Bartos und Urban haben wieder den wichtigen
166 4383 1194 4439 und folgenſchweren Einfluß der Fremdbeſtäubung durch
167 4427 1195 4482 die Futterrübe auf die Nachkommenſchaft der Zuckerrübe
172 4468 1196 4526 in chemiſcher Beziehung ſtudiert. Die Beſtäubung wurde
171 4514 1197 4568 in einfacher Weiſe dadurch bewerkſtelligt, daß eine Zucker⸗
172 4557 1196 4613 rübe halbiert, die eine Hälfte zwiſchen Mammutfutter⸗
172 4601 1197 4651 rüben und die andere Hälfte an einer etliche Kilometer
175 4644 1196 4700 entfernten Stelle in der Nachbarſchaft gleich zuckerhaltiger
174 4688 1198 4742 Rüben angebaut wurde. Der aus den beiden Rüben⸗
173 4732 1199 4789 hälften im Auguſt geerntete Rübenſamen wurde im
175 4775 1198 4830 nächſten Frühjahr im gleichen Boden und bei gleicher
176 4819 1198 4875 Düngung ausgeſetzt, und die geernteten Rüben wurden
176 4861 1197 4915 dann der chemiſchen Unterſuchung zugeführt. Die ſchon
176 4906 1199 4960 durch die Form der Wurzeln ſich unterſcheidende Nach⸗
177 4950 1201 5003 kommenſchaft der von der Futterrübe befruchteten Zucker⸗
177 4994 1198 5047 rübenhälfte enthielt ungefähr 19 Prozent weiße Und
178 5038 1201 5091 81 Prozent rote Rüben, während hingegen die Nach⸗
179 5081 1202 5135 kommenſchaft der zweiten, von der Futterrübe iſoliert
1238 2506 2259 2558 gepflanzten Zuckerrübenhälfte von einheitlicher Form und
1238 2548 2260 2599 weißer Farbe war. Die fremdbefruchteten Zuckerrüben
1239 2593 2261 2641 brachten es in der roten Farbe im Durchſchnitt nur auf
1239 2633 2270 2684 14°8 Prozent und in der weißen Farbe auf 15°1 Prozent
1239 2688 2263 2734 Zucker gegen einen Zuckergehalt von 18°5 Prozent in der
1238 2731 2262 2781 Zuckerrübe. Der Einfluß der Beſtäubung der Zuckerrübe
1239 2774 2261 2821 durch die Futterrübe machte ſich jedoch nicht nur in der
1240 2815 2263 2865 Zuſammenſetzung der Wurzel, ſondern auch in derjenigen
1238 2861 2262 2908 des Krautes geltend, und zwar bei erſterer infolge der
1239 2905 2279 2951 Erhöhung der Reinaſche und der ſchädlichen Aſche.
1241 2948 2263 2996 (Alkalien) in ungünſtigem Sinne für die Zwecke der
1239 2992 2263 3039 Zuckerproduktion. Auch in der Zuſammenſetzung der
1240 3036 2262 3083 Reinaſche ſind die durch die Fremdbeſtäubung bewirkten
1240 3078 2263 3126 Veränderungen recht auffallender Natur, da die Reinaſche
1239 3116 2262 3170 der Rübenwurzeln aus der iſolierten hochzuckerhaltigen
1241 3165 2263 3218 Mutterrübe weniger Alkalien und Chlor, dagegen mehr
1235 3204 2263 3294 Phosphorſäure, Magnesia und Kalk enthielt als die
1235 3248 2263 3300 Aſche der Wurzeln von derſelben, aber durch die Futter⸗
1242 3294 2263 3343 rübe befruchteten Mutter. Es unterliegt ſomit keinem
1240 3337 2263 3388 Zweifel, daß der Einfluß der Fremdbefruchtung der hoch⸗
1240 3382 2278 3432 zuckerhaltigen Rübe durch die Futterrübe nicht nur im
1240 3424 2280 3476 veränderlichen Ausſehen der Nachkommen, sondern auch
1241 3468 2265 3516 in der veränderten chemiſchen Zuſammenſetzung derſelben
1239 3511 2264 3564 zum Ausdruck kommt. Keine der von der Fremd⸗
1241 3553 2265 3606 beſtäubung reſultierenden und unterſuchten Pflanzen
1243 3598 2266 3647 erreichte auch nur den niedrigſten Zuckergehalt, den die
1242 3635 2264 3692 Nachkommen der iſolierten Mutter aufwieſen, was
1242 3683 2265 3736 ſchließen läßt, daß einerſeits die Befruchtung eine voll⸗
1242 3722 2264 3774 kommene war und andererſeits der Einfluß der gering
1239 3769 2266 3823 zuckerhaltigen Varietät mächtiger war, als jener des hoch⸗
1241 3808 2267 3866 gezüchteten Typus, und letzteren zu überwinden vermochte,
1240 3856 2267 3906 ein übrigens begreiflicher Umſtand, da der geringe Zucker⸗
1241 3900 2267 3952 gehalt eine natürliche, dauernde Eigenſchaft, der Zucker⸗
1240 3943 2268 3994 reichtum dagegen ein künſtlich hervorgerufenes Merkmal
1240 3986 2268 4035 iſt. In der nächſten Studie über die Kreuzung zuckerreicher
1240 4030 2268 4079 Rüben mit Futterrüben wollen die genannten Forſcher
1239 4066 2269 4124 noch weiter gehen und die Eigenſchaften der Nach⸗
1241 4115 2270 4166 kommenſchaft auch in den weiteren Generationen verfolgen,
1241 4158 2269 4205 um bei der Rübe das Mend###lſche Geſetz, das ſicherlich auch
1240 4201 2269 4258 hier ſeine Geltung hat, nachzuweiſen. Dieſer Nachweis
1243 4244 2270 4297 ist allerdings nicht ſo einfach zu erbringen, wenn erwogen
1242 4288 2270 4337 wird, daß die Rübe eine große Anzahl von Individuen
1243 4332 2270 4380 liefert und daß es bei weißen Individuen wohl ſchwer zu
1243 4375 2270 4426 unterſcheiden ſein wird, ob ſie aus Kreuzung oder Selbſt⸗
1242 4418 2271 4471 befruchtung ſtammen. Andrlik und Urban haben ſich auch mit
1245 4462 2270 4512 dem Einfluß der Ernährung auf die Variabilität der
1244 4505 2270 4561 chemiſchen Zuſammenſetzung der Rübe im erſten
1244 4549 2270 4604 Vegetationsjahr beſchäftigt und damit ein ſehr bedeut⸗
1242 4593 2272 4643 ſames Problem angeſchnitten. Es wurde feſtgeſtellt, daß
1243 4630 2271 4688 ſich die Einflüſſe der Ernährung auf die Variabilität der
1244 4681 2270 4734 chemiſchen Zuſammenſetzung im Sinne der Geſetze von
1251 4720 2273 4769 Quetelet, Galton und de Vries („Die individuellen
1245 4767 2271 4814 Variationen bei Menſchen und Tieren folgen den
1245 4811 2272 4861 Geſetzen der Wahrſcheinlichkeitsrechnung. Für jede einzelne
1246 4848 2272 4906 fluktuierende Eigenſchaft laſſen ſich die Abweichungen vom
1245 4898 2273 4948 Typus in einer Kurve zuſammenſtellen, indem ſie ſich um
1245 4936 2272 4992 dieſen Typus als um ein Zentrum größter Dichte
1246 4985 2270 5036 ſymmetriſch gruppieren. Je zahlreicher die Beobachtungen,
1247 5029 2272 5083 um ſo genauer fällt die Variabilitätskurve mit der. be⸗
1246 5073 2273 5123 kannten Wahrſcheinlichkeitskurve zuſammen.“ Daß dieſes
2307 2506 3332 2552 Geſetz auch für Pflanzen gilt, hat bereits Quetelet aus⸗
2307 2549 3330 2595 geſprochen, wie dies auch weiterhin von Galton und
2306 2591 3331 2639 de Vries beſtätigt wurde) auch bei der Rübe in mannig⸗
2305 2636 3331 2683 facher Weiſe geltend machen. Auf Grund durchgeführter
2307 2677 3332 2726 Sandtopfkulturen wurde eben gefunden, daß die Nach⸗
2308 2719 3331 2770 kommenſchaft einer und derſelben hochzuckerhtigen
2305 2765 3332 2814 Mutterrübe unter Anwendung verſchiedener, jedoch über⸗
2306 2809 3332 2858 ſchüſſiger Nährſtoffgaben in Form von Kaliſalpeter,
2309 2853 3331 2902 Natronſalpeter und Superphosphat eine bedeutende
2307 2896 3332 2946 Variabilität in der chemiſchen Zuſammenſetzung der ein⸗
2306 2938 3333 2995 zelnen Individuen, und zwar ſowohl in der Wurzel als
2313 2985 3334 3034 auch in Kraut aufwies. Die Spannung der Variabilität
2313 3028 3336 3077 des Zuckergehaltes, betrug 4°8 Prozent, des Stickſtoff⸗
2313 3073 3335 3120 gehaltes 0°119 Prozent, des Kali 0°219 Prozent, des
2312 3110 3336 3164 Natrons 0°075 Prozent und der Phosphorſäure 0°079
2312 3157 3336 3207 Prozent der friſchen Pflanzenſubſtanz. Zu der Arbeit von
2314 3199 3336 3250 Andrlik und Urban bemerkt v. Lippmann, daß er ſchon
2314 3244 3335 3293 im Jahre 1904 in einem Vortrags auf der General⸗
2315 3288 3337 3336 verſammlung des Vereines der deutſchen Zuckerinduſtrie
2316 3330 3335 3380 auf die große Wichtigkeit der Forſchungen de Vries',
2307 3373 3334 3421 Tſchermaks und anderer, ſpeziell auch für die Zuckerrübe,
2315 3419 3336 3466 aufmerkſam gemacht hat, deren beſonderes Mutations⸗
2316 3462 3338 3510 vermögen die Verſuche von v. Proskowetz längſt erwieſen
2312 3505 3334 3552 haben. „Es iſt merkwürdig,“ ſo fährt v. Lippmann fort,
2315 3549 3338 3597 „daß in dieſer Hinſicht noch ſo weniges gearbeitet oder
2315 3587 3338 3639 doch bekanntgegeben wurde, und die Verſuche von
2317 3634 3338 3682 Andrlik und Urban erwecken daher doppeltes Intereſſe;
2316 3677 3339 3726 gelingt es ihnen, die Lehre vom Nährſtoffbedarf weiter
2296 3722 3338 3770 auszubilden und mit den hochwichtigen Theorien
2313 3765 3338 3814 Strakoſch### — über die ungleiche Leiſtungsfähigkeit der
2316 3809 3338 3858 Kulturpflanzen — in Verbindung zu bringen, ſo eröffnen
2316 3852 3257 3900 ſich Ausſichten auf neue und ungeahnte Fortſchritte."
2393 3901 3340 3949 Das unter der Leitung von A. Herzfeld ſtehende
2313 3945 3341 3993 Inſtitut für Zuckerinduſtrie in Berlin hat ſeine Prüfung
2312 3988 3340 4036 der neuen Saftgewinnungsverfahren weiter fortgeſetzt und
2311 4031 3341 4078 zuletzt das Zſcheyeſche Verfahren der Rücknahme der ge⸗
2313 4074 3342 4121 ſamten Preß- und Diffuſionswäſſer, wie es in der Zucker⸗
2312 4117 3342 4168 fabrik Biendorf zur Durchführung gelangt, zu dieſem
2314 4160 3340 4207 Zwecke herangezogen. Wie früher an anderen Orten, ſo
2314 4203 3341 4250 wurde auch in Biendorf der Betrieb des Rücknahme⸗
2313 4247 3340 4294 verfahrens der Zuckerfabrik eine volle Woche hindurch,
2314 4290 3342 4336 vom 27. November bis 4. Dezember 1910, ſeitens der
2314 4334 3341 4380 Beamten des genannten Inſtituts eingehend kontrolliert
2315 4377 3342 4424 und ſtreng darauf geachtet, daß in dieſem Zeitraum
2314 4420 3342 4466 niemals etwas von dem für die Rücknahme beſtimmten
2315 4463 3341 4511 Waſſer aus der Fabrik gelangen konnte. Herzfeld faßt
2314 4507 3343 4552 nun das Reſultat der Prüfung dahin zuſammen, daß es
2316 4550 3341 4595 in Biendorf tatſächlich mittelſt des Zſcheveſchen Ver⸗
2313 4591 3340 4639 fahrens in einwandfreter Weiſe gelungen iſt, ſämtliches
2316 4636 3343 4682 Diffuſion- und Ablaufwaſſer in die Batterie zurück⸗
2315 4679 3343 4769 zunehmen, daß die Säfte dabei keine Verschlechterung er⸗
2315 4720 3342 4768 fahren haben, daß aber, trotz 120 Prozent Saftabzug, der
2318 4765 3343 4812 Zuckergehalt der Preßlinge, wie auch anderenorts, bei
2315 4809 3342 4855 Rücknahme der Abwäſſer verhältnismäßig hoch war, und
2318 4851 3345 4899 daß deshalb ein derartiges Verfahren nur da am Platze
2318 4895 3344 4941 iſt, wo es ſich als durchführbar erweiſt, den größten
2318 4938 3344 4986 Teil der Schnitzel zu trocknen. (Das Verfahren hat näm⸗
2318 4981 3343 5028 lich an anderen Orten zeitweilig verſagt und war dies
2314 5024 3342 5072 mit eine Anregung zu ſeiner Prüfung.) Ob ein ſolches
2317 5065 3343 5113 Verfahren überall anwendbar iſt, ob ſich insbeſondere
347 1334 517 1363 Von und nach
696 1332 863 1361 Nach und von
918 1316 1073 1345 Für Eilgüter
931 1343 1058 1372 bis 50 Kg.
1091 1309 1228 1337 Für Fracht⸗
1104 1335 1215 1362 güter bis
1120 1361 1197 1389 50 Kg.
1247 1308 1402 1336 Für Eilgüter
1260 1335 1387 1362 über 50 Kg.
1259 1360 1387 1388 bis 100 Kg.
1419 1290 1559 1319 Für Fracht⸗
1424 1317 1554 1343 güter über
1423 1343 1554 1371 50 Kg. bis
1443 1368 1534 1398 100 Kg.
1578 1256 1734 1291 Für Eil= und
1586 1258 1724 1308 Frachtgüter
1579 1284 1733 1335 über 100 kg.
1589 1316 1738 1369 bis 500 kg.
1583 1361 1739 1391 für je ange⸗
1590 1384 1736 1423 fangene 50
1590 1412 1728 1443 Kilogramm
1734 1256 1895 1291 Für Eil= und
1740 1264 1888 1315 Frachtgüter
1739 1290 1898 1345 über 500 kg.
1738 1316 1896 1369 für je ange⸗
1739 1361 1886 1391 fangene 100
1736 1384 1883 1423 Kilogramm
348 1492 521 1524 der Station
343 1527 523 1572 Tetschen
227 1571 640 1606 der k. k. österr. Staatsbahn
255 1606 613 1643 (Nordwestbahndirektion)
1299 1464 1502 1488 Heller
662 1527 897 1557 allen Teilen der
668 1562 891 1598 Stadt Tetschen
987 1546 1021 1575 25
1142 1547 1178 1575 20
1306 1548 1340 1575 36
1469 1548 1505 1576 30
1634 1547 1668 1576 15
1798 1549 1832 1576 28
