3488 5345
240 218 379 255 Seite 16
875 216 1146 262 Wien, Samstag
1483 212 2055 250 Neue Freie Presse.
2462 212 2690 248 6. Juli 1895
3145 209 3327 245 Nr. 11085
826 315 1661 464 Kleine Anzeigen.
1789 313 2269 346 Nicht recommandirte Chiftredriefe wer⸗
1789 340 2269 370 den übernommen und gegen Vorweiſung
1788 364 2269 393 des Inſeratenſcheines ausgefolgt. Aus⸗
1789 390 2268 418 künfte werden von 8 bis 6 Uhr ertheilt.
1813 412 2236 445 Inſerate werden auf Wunſch verfaßt
237 300 723 350 Die „Kleinen Anzeigen“ können mit und
238 322 724 377 ohne Adresse erscheinen, und wird Aus⸗
236 350 724 400 kunft von uns in unserem Ankündigungs=
236 377 722 428 Bureau, Wollzeile Nr. 20, unentgeltlich
301 401 660 453 mündlich oder brieflich ertheilt.
219 539 680 597 Käufe und Verkäufe.
196 614 712 655 Von Cavalieren abgelegte
197 641 712 679 Herrenkleider im beſten Zu⸗
196 672 712 705 ſtande, elegant und ſehr billig, im
195 697 712 729 Kleidermagazin „zum Oeſterreicher“,
196 721 711 754 Stadt, Singerſtraße 4, im 1. Stock,
197 751 519 782 auch Kleiderleihanſtalt. 41081—5
197 789 711 829 Occasionsmöbel, meiſt von
196 822 711 853 hohen Herrſchaften ſtammend, be⸗
197 847 711 880 ſtehend aus Schlaf⸗, Speiſe⸗ u. Herren⸗
197 873 711 907 zimmern und Salons, ſind um dem halben
197 899 713 931 Preis zu verkaufen. I., Rothenthurmſtraße
196 926 712 958 Nr. 21, 1. Stock. 44333—5
730 537 1244 573 Reizend gelegenes landtäf⸗
734 564 1243 598 liches Gut an der Südbahn, ca.
735 595 1244 625 1½ Stunden v Graz. mit ca. 25 Joch,
730 621 1244 651 alterthümlichem Schlüßchen, 10 Zimmer,
731 648 1244 674 Capelle ꝛc., Garten, erforderlichen Wirth⸗
730 673 1244 701 ſchaftsgebäuden, Jagdpacht wird über⸗
729 686 1245 727 geben, ist um 24,000 fl. 4000 fl.
731 725 1244 753 Anzahlung, Reſt in Raten), zu verkaufen.
730 751 1243 778 Dr. R. v. Hohenblum, Wien, I.,
730 778 1244 804 Lothringerſtraße 15. 44369—5
2914 930 3061 1024 A.PROKSCH
197 962 711 1007 Schlaf⸗ und Speiſezimmer,
270 998 712 1029 reich mit Bronze eingelegt, ſommt
198 1023 711 1056 Stehuhr, Divan und echten Lederſtühlen
197 1050 712 1083 ſehr billig zu verkaufen. I., Singerſtraße
198 1077 712 1106 Nr. 2, Mezzanin. 44337—5
731 817 1243 857 Im Licitationswege wird bei
803 850 1243 878 dem Bezirksgerichte in Homonna
729 876 1245 903 (Zempliner Comitat, Ungarn) am 10. Juli
731 902 1244 929 1895 d. M., 9 Uhr, ein adeliges Gut von
730 927 1246 955 3000 Kat.⸗Joch (700 Joch Acker, 1800
730 954 1244 981 Joch ſchlagbarer Buchenwald, 200 Joch
730 980 1244 1006 Wieſe, 250 Joch Weide, 50 Joch Intravillau,
730 1005 1245 1031 Park ꝛc., ſolid gebautes Caſtell, Wirth⸗
730 1032 1245 1058 ſchaftsgebäude, Dampfſäge im Betriebe,
730 1057 1245 1083 Mühle 2c.) verkauft, Caution 5000 fl. 44381⸗5
197 1115 712 1180 Occasion. Echte Perser
408 1148 712 1160 Herrengarnitur sofort billigt abzu⸗
197 1149 716 1208 geben. I., Stephansplatz 2, Mezz. 44396—5
197 1222 713 1265 Möbelhaus Ignaz Kron,
199 1251 711 1287 I., Rothenthurmſtraße 21,
198 1279 712 1312 verkauft unter Garantie wegen De⸗
198 1307 713 1339 molirung des Hauſes das geſammte
198 1333 711 1363 Waarenlager von Holz⸗ u. Polſtermöbeln
198 1359 711 1392 zu tief herabgeſetzten Preiſen, Auch ſind da⸗
198 1384 711 1417 selbſt altdeutsche Schlafzimmer, complet,
198 1410 711 1443 fl. 180, altdeutsche Speiſezimmer, complet,
199 1435 711 1469 fl. 180, Teppich⸗Herrengarnituren, complet,
199 1462 711 1493 fl. 70, Decorations⸗Teppich⸗Divans, compl.,
199 1486 713 1520 fl. 55, ferner ſind zurückgeſetzte Möbel für
199 1513 711 1545 Hotels und Landhäuſer billig abzugeben,
200 1538 712 1567 100 Stück Rindsleder⸗Seſſel um den hal⸗
200 1565 713 1595 ben Preis, Illuſtrirte Preiscourante
199 1591 713 1623 gratis. 44332—5
198 1630 714 1695 Möbel, prachtvoll, von einer
295 1662 714 1693 Monacher⸗Dame, Solid gearbeitete
199 1689 716 1720 Sachen, ein ſchönes altdeutſches Schlaf⸗
199 1715 714 1749 zimmer, ein hochfeines Speiſezimmer, auch
200 1740 714 1772 Bettwäſche, Teppiche, Schreibtisch, Uhr,
200 1766 715 1797 Divan, Lampe, Matratzen, ſchöne Bilder,
201 1793 715 1822 auch ſchöner Brillantſchmuck, 1., Riemer⸗
202 1820 715 1851 gaſſe 9. 1. St., Th. 2. 44404—5
214 1859 713 1895 Jaques Wallis, Tiſchler⸗
200 1891 714 1925 u. Tapezierer⸗Möbel⸗Etabliſſe⸗
201 1918 715 1947 ment. Wien, Stadt, Singerſtraße Nr. 2.
202 1943 715 1974 Großes Lager von fertigen altdeutſchen
204 1970 717 2000 Schlafzimmern von 170 fl. aufwärts, alt⸗
203 1995 717 2026 deutſches Speiſezimmer von 180 fl. auf⸗
203 2021 716 2052 wärts, Tevpich⸗Garnitur von 55 fl. auf⸗
203 2047 717 2077 wärts, Rieſige Auswahl von franz. Boule⸗
203 2072 717 2102 möbeln, Marquetterie⸗, eingelegten Salon⸗
204 2097 716 2126 möbeln, Gold⸗Barock⸗Salon, Perſer⸗Tev⸗
204 2123 718 2155 pichen, Meſſing eingelegten Schlaf⸗ u. Speiſe⸗
204 2149 717 2182 zimmern, ſelten ſchöne Arbeit, dann Vor⸗
204 2175 717 2207 zimmer⸗, Diener⸗ u. Küchenmöbel billigſt.
204 2201 719 2231 Nur Wien, Stadt, Singerſtraße 2, 44336⸗5
204 2249 718 2286 Das erſte Wiener Möbelhaus
206 2281 717 2315 zu St. Stephan, Wien, I. Bez.,
206 2309 717 2339 Stephansplatz 2, im Hauſe d. Stephans⸗
205 2334 719 2363 kellers. verkauft wegen Demolirung des
205 2360 717 2392 Hauſes das geſammte Waarenlager von
205 2385 719 2417 Holz⸗ u. Polſtermöbeln zu tief herabgeſetzten
205 2409 720 2443 Preiſen, Auch ſind daſelbſt: Altd. Schlaf⸗
205 2436 720 2469 zimmer, compl. fl. 180; altd. Speiſe⸗
205 2462 720 2494 zimmer, compl. fl. 180; Teppich⸗
206 2487 718 2519 Herrengarnituren, compl. fl. 70;
205 2514 720 2543 Decorations⸗Teppichdivans, compl.
206 2539 720 2571 fl. 55; ferner ſind zurückgeſetzte Möbel für
205 2565 717 2620 Hotels und Landhäuser billig abzugeben.
228 2590 718 2622 Wien, I., Stephansplatz 2. 44393—5
2644 2620 2697 2902 A. Kunz,
2674 2439 2730 2952 Fabrik für Wasserleitungen, Pumpen und
2703 2523 2753 2867 Motore in M.-Weisskirchen.
1270 2577 1786 2658 Geld discret für Hausbesitzer,
1351 2604 1785 2654 Erbschaften 2c. Franz Förstl
1270 2630 1787 2680 I., Bellariastraße 4, Telephon 2473. 42267=1
255 2631 722 2667 Möbel wegen Abreiſe von
305 2663 721 2693 einem Künſtler bis am 9. Juli
205 2690 721 2721 billig zu verkaufen: 1 altd. Schlafzimmer,
205 2715 721 2744 Decorationsdivan, Speiſetiſch, Seſſel, Tep⸗
206 2741 721 2773 piche. feine Oelgewälde, Schreibtiſch und
206 2767 721 2798 Anderes. I., Herrengaſſe 12, 2. Stock,
207 2794 721 2824 Thür 10. 44358—5
208 2833 722 2871 2 Chiffonnières, 1 Schreib⸗
210 2863 723 2897 tisch, 1 Salontiſch, echt japaneſiſche
209 2893 720 2922 Arbeit, wegen Ueberfüllung billigſt zu ver⸗
207 2918 720 2948 kaufen, v. 1—½ 3 Uhr, Auskunft beim Por⸗
208 2946 722 2973 tier, I., Wollzeile 15. 44293—5
209 2978 720 3023 2 große Oelgemälde, Venedig⸗
211 3015 720 3046 Stücke, aber nicht Benedig in Wien,
210 3044 722 3072 u. noch zwei andere ſehr ſchöne Landſchaften.
210 3070 723 3099 I., Riemergaſſe 9, 1. Stock, Th. 2. 44403—5
2416 3078 2466 3208 Illustr.
2456 3054 2507 3241 Prospecte
2491 3046 2542 3249 gratis und
2529 3084 2582 3209 franco.
209 3104 724 3149 Aus dem Nachlaß eines
213 3142 724 3174 Malers ſind einige ſchöne Bilder zu
199 3166 723 3198 verkaufen, III., Haſengaſſe 15, 2. Stock,
210 3192 725 3222 Thür 17. 44387—5
210 3234 723 3271 Vorzügliche Schreibmaſchine
289 3267 725 3297 60 fl. Goeldner, Wien, 11, Vor⸗
210 3295 722 3325 gartenſtraße 180. 43967—5
212 3338 269 3396 Dampfmaschinen v. 4—50HP.
281 3367 713 3395 Cornwall⸗, Bonilleur⸗, Röhrenkeſſel
276 3393 713 3421 10—70 Qu.⸗Mtr. Heizfläche, diverſ
211 3419 726 3447 Motoren, gebraucht, unter vollkommener
212 3444 725 3474 Garantie erhältlich bei H. Fischer,
212 3469 726 3499 Wien, X., Simmeringerſtraße 150. 14336⸗5
2772 3363 2829 3414 8243
217 3510 726 3547 Hydrauliſche Preſſe m. Stahl⸗
291 3543 726 3573 chlinder, 400 Mnr. Diam., ſehr
211 3568 726 3598 mäſſiv gebaut, auf 500,000 Kg. Druck, um
211 3595 725 3625 die Hälfte des Anſchaffungspreiſes ſofort zu
211 3620 726 3648 verkaufen. Offerten an Preßfutterfabrik in
212 3648 726 3682 Pfaffſtätten (Nied.⸗Oeſt.). 44400—5
212 3680 726 3720 Locomobile in allen Größen,
211 3720 727 3749 beſte Marke, gebraucht, unter vollkom⸗
212 3743 725 3771 mener Garantie der Betriebsfähigkeit.
212 3770 725 3799 H. Fischer, Wien, X., Simmeringer⸗
213 3797 728 3826 ſtraße 150, Telephon 7808. 21683—5
213 3831 728 3874 Spezereigeſchäft, Prima, ſeit
286 3870 728 3897 ca. 30 Jahren beſtehend, iſt zu über⸗
214 3895 720 3925 nehmen; nöthiges Kapital ca. 5—6 Mille
214 3921 729 3948 Directe Käufer wollen ihre Offerten unter
213 3947 728 3976 „Prosperität“ poſtlagernd Seilerſtätt
212 3974 727 4004 (gegen Schein) ſenden. 44259—5
1263 533 1776 576 Sommerwohnung umſonſt
1263 564 1776 600 durch Zinserſparniß. Allgemeine
1263 593 1775 623 öſterr. Transport ⸗ Geſellſchaft in
1263 618 1775 649 Wien. Aufbewahrung von Möbeln, Tep⸗
1262 644 1775 673 pichen ꝛc. in eigenen trockenen, feuerſicheren
1263 668 1775 699 und elektriſch beleuchteten Lagerhäuſern.
1263 694 1776 726 Centrale: IX. Bez., Sobieskigaſſe
1263 720 1775 751 Nr. 20. Stadtburean: I., Wallfiſch⸗
1264 747 1775 775 gaſſe 15. 41322—7
1794 533 2308 574 Junger Lehrer würde mit
1786 567 2307 597 einer Familie über die Ferien aufs
1793 593 2307 622 Land gehen. Könnte auch Franzöſiſch und
1794 618 2305 647 Violine unterrichten. Adreſſe im Ank.⸗Bur.
1794 645 2307 669 d. Bl. 44136—1
1802 682 2309 720 Reiſebegleiterſtelle wünſcht
1802 714 2309 747 20jähr. Student. Gefl. Anträge unter
1792 720 2311 770 „Warens“ an das Ankündig.=Bureau
1793 745 2308 797 dieses Blattes. 44074—1
1262 786 1776 828 Sommerwohnung. In Weißen⸗
1335 822 1775 849 bach, ½ Wegſtunde von Liezen, iſt
1263 847 1776 875 eine vollſtändig möblirte Villa, 1 Stock
1264 871 1775 901 hoch, beſtehend aus 10 Zimmern, 1 Küche
1263 898 1775 926 (eventuell auch 2 Küchen), 1 Speiſe. Im
1263 923 1775 952 erſten Stock, Balcon nach Nord und Süd,
1265 949 1776 978 mit prachtvoller Ausſicht in das herrliche
1264 975 1775 1004 Ennsthal und zu dem ſehr romantiſchen
1264 999 1776 1028 Weißenbacher Wänden, für die Sommer⸗
1264 1026 1775 1057 ſaiſon billig zu vermiethen (eventuell zu ver⸗
1264 1051 1776 1081 kaufen. In nächſter Nähe ſind ſehr ſchöne
1265 1054 1777 1105 Spaziergänge und das Mineralbad Wolken⸗
1264 1080 1779 1130 stein. Nachfragen werden erbeten direct an
1264 1130 1777 1158 den Beſitzer Franz Weichbold,
1265 1131 1778 1182 Weißenbach, Post Liezen, Obersteiermark
1263 1156 1777 1210 (Eventuell wird der 1. Stock allein ver⸗
1264 1182 1779 1234 miethet.) 44240—7
1267 1957 1779 1993 Gassengewölbe m. eleg. Por⸗
1349 1991 1779 2018 tal, licht, mäßiger Zins, guter Poſten.
1268 2016 1779 2041 I., Tiefer Graben 27. 44376—7
745 3652 1260 3695 Brunn am Geb., Perchtolds⸗
824 3694 1259 3720 dorferſtraße 101, 3 Zimmer u. Küche,
746 3719 1259 3750 möblirt, 1. Stock, großer ſchattiger Garten,
748 3745 1259 3770 über Sommer zu vermiethen. Näheres IV.,
747 3770 1259 3798 Favoritenſtr. 22, Schuhgeschäft. 44400—7
746 3809 1260 3869 In Weidlingau⸗Hadersdorf,
819 3844 1260 3874 Mauerbachſtraße 30. iſt ein hübsch
770 3870 1259 3897 mödlirtes Cabinet mit Gartenbenützung zu
744 3870 1261 3923 vermiethen. 44231—7
216 4006 729 4048 Zinshaus, Wien, billig zu
285 4046 730 4073 verkaufen, event. zu vertauſchen. Unter
217 4071 730 4101 „Kleine Anzahlung“ hauptpoſt⸗
216 4098 730 4127 lagernd Wien. 44342—5
216 4137 729 4201 Eleg. Cottagehaus, Hietzing,
293 4170 729 4199 Neue Weltgaſſe 17, mit Gas, Hoch⸗
217 4196 729 4224 quellenwaſſer, Badezimmer und ſchönen:
219 4222 730 4250 Garten, um fl. 22,000 zu verkaufen. An⸗
217 4247 722 4278 zahlung fl. 5000, Neſt in Raten. Auskunft
219 4275 671 4301 bei Frankl. I., Eliſabethſtraße Nr. 6
219 4303 597 4337 Telephon 1370. 43223—5
217 4339 731 4381 Größeres herrſchaftliches
300 4373 732 4401 Landhaus, möblirt, ſchöne geſunde
217 4398 731 4429 Lage, nahe dem Liechtenſtein, großer ſchat⸗
219 4424 732 4452 tiger Garten, Glashäuſer, gedeckte Kegel⸗
218 4450 732 4479 bahn, billig zu verkaufen, Näheres eben⸗
218 4475 723 4505 daſelbſt: Brunn am Gebirge, Enzerddorfer
219 4505 631 4539 ſtraße 32. 44327—4
225 4540 732 4579 Hübſches Landhaus, Sommer
300 4574 733 4601 und Winter bewohnbar, 7 Piecen 2c,
218 4575 733 4630 schöner Garten, zu verkaufen. Ober=St.
219 4599 736 4656 Veit, Hauptstraße 158. 43803—5
748 3934 1259 3971 Sommer⸗Wohnungen, Perch⸗
820 3969 1262 3995 toldsdorf. ſchöne geſunde Lage, nächſt
749 3994 1259 4021 dem Föhrenwäldchen. elegant eingerichtet,
748 4020 1260 4046 Parquetten⸗Fußböden, engl. Aborte, Waſſer⸗
750 4046 1261 4072 leitung, zu vermiethen. Perchtoldsdorf,
750 4071 1261 4098 Anna⸗Villa, Hochſtraße 55, Eingang auch
752 4098 1262 4123 Sonnbergſtraße. 43634—7
749 4136 1262 4195 Baden, Helenenstraße 112,
828 4169 1261 4195 Villa Rauhenstein, anſtoßend am
783 4195 1263 4222 Walde vis-à-cis vom Etablissement
753 4221 1260 4246 Sacher, iſt eine elegant mödlirte Woh⸗
753 4248 1260 4274 nung, der ganze 1. Stock, an eine Herr⸗
752 4273 1264 4299 ſchaft zu vermiethen. Dieſelbe beſteht aus
753 4299 1263 4326 12 Piecen, 2 Veranden, 1 Terraſſe, 1 Loggia
778 4325 1262 4351 sammt Zügehär. Ansk. daſelbſt. 43577—7
751 4363 1264 4401 Baden, Welzergaſſe 13, zu
829 4398 1265 4424 vermiethen an eine alleinige Partei
753 4423 1264 4450 eine in nächſter Nähe des Stadtparkes ge⸗
752 4449 1265 4476 legene möbl. Villa, geſündeſte Lage. 44435—7
752 4488 1264 4523 Reichenan, ſchöne Wohnung,
832 4521 1263 4548 ganz möblirt und eingerichtet, in
754 4547 1263 4574 einer Villa mit großem Park zuvermiethen.
755 4573 1265 4600 I., Tuchlanben II, 2. Stiege, 4. Stock.
754 4599 1265 4625 Thür 24. 44343—7
223 4664 732 4703 Zu verkaufen kleinere Villa
221 4693 732 4726 mit größerem Garten, Graz, Villen⸗
221 4724 734 4753 viertel, Lechgaſſe, Nähe der Stadt, Tram⸗
222 4750 735 4779 wayhalteſtelle. Anfr.: Dr. Hiebler,
223 4776 735 4804 Stempfergaſſe 7. 44260—5
223 4816 734 4855 Velden. Villa, ſolid gebaut,
303 4847 735 4876 mit circa 4 Joch Grundarca,
224 4873 735 4902 ha t am Wörtherſee, von allen Seiten
223 4900 736 4930 vom Walde umgeben, ſchönſte Lage, herr⸗
223 4926 736 4954 licher Blick auf die Karawanken, iſt nebſt
225 4950 737 4981 Einrichtung wegen Familienverhält⸗
225 4978 736 5007 niſſen billig zu verkaufen. Dr. R. v.
225 5001 736 5031 Hohenblum, Wien, I., Lothringer⸗
225 5029 737 5065 ſtraße 15. 43692—5
232 5069 737 5105 Herrschaftlich. Landsitz nächst
226 5097 737 5130 der Weſtbahnſtation Amſtetten, in
226 5128 738 5158 herrlicher, bequemer Lage, mit Oekonomie
226 5154 737 5183 und Jagdgebiet, preiswürdig zu verkaufen:
227 5180 737 5211 Anfragen unter J. G. 65,000 hauptpoſt⸗
225 5206 746 5236 lagernd Wien. 44280—5
753 4638 1266 4696 In Seewalchen am Atterſee
826 4672 1264 4698 ſind 3 ſchöne möblirte Sommerwoh⸗
755 4697 1264 4724 nungen mit Garten und Bad zu ver⸗
754 4723 1264 4748 miethen. Auskunft ertheilt Loibl in See⸗
755 4749 1264 4777 wischen od. aus Gefälligkeit Herr Stein⸗
891 4775 1266 4800 bühler, Schottenhof, Wien. 41250—7
755 4813 1257 4853 Sommerwohnung zu ver
754 4848 1268 4875 miethen, mit herrlicher Fernſicht ins
756 4874 1268 4900 Gailthal, 5 Zimmer, Veranda, Küche,
757 4899 1268 4926 Dienſtbotenkammer, Garten hart am Walde,
756 4925 1268 4951 ¼ St. Gehzeit zur nächſten Bahnſtation,
757 4950 1269 4977 20 Min. ins Warmbad Villach zu gehen,
757 4978 1268 5004 vollkommen eingerichtet; Preis 200 fl.
758 5002 1270 5030 Anfragen: Gutsleitung Födraun, Poſt
758 5028 1269 5055 Fürnitz bei Villach. 44428—7
758 5068 1271 5107 Schönes großes Local mit
829 5102 1271 5129 Portal im Centrum der Stadt, Haupt⸗
759 5127 1270 5155 ſtraße, billiger Zins, iſt per November oder
758 5154 1270 5181 Mai 1896 gegen Ablöſe zu vermiethen,
758 5179 1272 5206 Nichtanonhme Anträge unter M. E. 6000
758 5205 1272 5229 an das Ank.⸗Bur, d. Bl. 44267—7
1794 816 2296 856 Privat⸗Detectiv⸗Commiſſio⸗
1802 847 2308 878 när, intelligenter, welterfahrener
1794 874 2305 903 Mann, offerirt ſeine Dienſte für discrete
1794 899 2303 929 und delicate Angelegenheiten, Perſonal⸗
1794 924 2308 956 Controlen, Ermittlungen aller Art für
1795 949 2303 980 Wien und Provinz. Unter Chiffre „Dis⸗
1795 977 2303 1005 cretion 4019“ an das Ankündigungs⸗
1795 1003 2304 1027 Bureau d. Bl. 44229—1
1296 1246 1776 1285 Velden am Wörtherſee. Zu
1296 1277 1777 1306 vermiethen für die Sommerſoiſon
1296 1306 1778 1335 und ſogleich zu beziehen in einer ſchön ge⸗
1264 1308 1779 1359 legenen Villa im 2. Stock 1 großes Balcon⸗
1264 1332 1780 1385 zimmer, 2 Betten, Preis 80 fl., ferner 1
1265 1360 1782 1411 kleineres Zimmer, 1 Bett, 50 fl. Beide
1265 1385 1780 1435 vollständig eingerichtet, ohne Küche. Aus⸗
1264 1411 1780 1464 kunft in Wien bei Josef T. Mayer,
1264 1436 1780 1488 1. Bez., Helferstorferstraße Nr. 13, im
1263 1463 1782 1516 Comploir. 44410—7
1794 1042 2305 1076 Gew. k. k. Detectiv, von dem
1796 1074 2309 1103 Wiener k. k. Polizeiagenten-Inſtitute
1795 1100 2308 1129 freiwillig geſchieden, offerirt ſich als Privat⸗
1795 1126 2309 1153 Detectiv. Briefe unter „Gew. k. k.
1796 1151 2309 1177 Detectiv“ an das Ank.⸗Bureau d. Bl.
1796 1176 2309 1205 Sprechſtunden von 2—4 Nachm. I., Köllner⸗
1797 1200 2308 1231 hofgaſſe 1, 2. Stock. Briefkaſten an der
1796 1229 2307 1262 Thüre. 42999—1
1265 1511 1781 1581 2 billige Sommerwohnungen,
1361 1560 1779 1587 eine beſtehend aus 4 Zimmern, Küche,
1268 1562 1780 1612 Bade= u. Schiffshütte sammt Bad u. Boot,
1263 1586 1781 1639 die andere bestehend aus 5 Zimmern, Küche.
1263 1613 1783 1665 Beide Wohnungen nahe am See gelegen,
1266 1639 1783 1690 mit sehr schöner Aussicht. Auskunft
1265 1664 1783 1716 ertheilt Zapf, Gemendebeamter in
1266 1690 1785 1742 Unterach. 44425—7
1797 1268 2310 1305 In einer großen Provinz iſt
1796 1303 2310 1340 wegen Todesfalls eine
1797 1337 2311 1374 vollſtändig eingerichtete Par⸗
1798 1372 2310 1408 quettenfabrik m. Dampfbetrieb,
1798 1406 2312 1443 Gatter, Holzverkleinerungs⸗
1798 1440 2312 1477 Maſchine, Trocken⸗ u. Dampf⸗
1799 1476 2311 1512 kammer, Beamtenwohnhaus
1799 1510 2312 1548 vom 1. Sept. billigſt zu pach⸗
1799 1544 2312 1579 ten. Näheres: J. Pinter,
1799 1577 2311 1614 Fünfkirchen, Landſtr. 40. 42540—1
1798 1624 2308 1666 Ehevermittlung erſten Ran⸗
1873 1660 2308 1688 ges ohne Vorauslagen. Unter „Ave“
1799 1685 2308 1713 hauptpoſtlagernd. 43647—1
1294 1753 1782 1795 In Trauukirchen am See ge⸗
1294 1784 1781 1816 legene, vollſtändig eingerichtete Villa
1266 1789 1782 1840 mit Park und Schiffshütte zu vermiethen
1264 1817 1783 1867 Selbe besteht aus 7 großen Piecen, Küche,
1266 1840 1783 1891 Warmbad, Dienstbotenzimmer sammt wei⸗
1264 1866 1785 1918 terem Zubehör Höchstcomfortabel. Anfragen:
1267 1893 1785 1944 Dr. C., Linz, Gärtnergasse 5. 44426—7
1798 1733 2313 1774 Ferienbeſchäftigung. Ueber
1802 1762 2313 1794 Sommer zu Schreibereien und Ver⸗
1800 1792 2312 1821 rechnungen gegen beſcheidene Anſprüche,
1799 1814 2312 1846 Koſt. Unterkunft Jemand geſucht, Anträge
1800 1845 2312 1870 unter „Sehr verlässlich und ver⸗
1800 1871 2312 1898 trauenswürdig“ poſtlag. Gſtatter:
1800 1893 2312 1927 boden, Steiermark. 44247—1
1326 2055 1781 2091 Große Fabrikslocale ſammt
1350 2089 1780 2118 Dampfkraft ſofort zu vermiethen.
1326 2115 1781 2142 Hernalſer Hauptſtraße 111. 42860—7
1800 1934 2311 1974 Unentbehrlich für Landaufent⸗
1870 1968 2304 1997 halt iſt der Streckſautenil „Liebling“
1801 1995 2314 2023 Carl Bayer, Opernring Nr. 15 und
1801 2020 2314 2049 Währingerſtraße 8, Fabrik verſtellbarer
1801 2046 2310 2072 Patent⸗Möbel. 42085—1
1298 2209 1771 2262 Allgemeiner Verkehr.
1288 2283 1782 2326 Patente aller Länder erwirkt
1288 2312 1782 2356 V. Tischler, Ingenieur,
1269 2336 1784 2388 Wien, Mariahilferstraße 37,
1268 2370 1784 2421 behördlich autorisirt. 40453—1
1800 2094 2313 2134 Für Opernauszüge u. Musi⸗
1803 2124 2315 2156 kalien aller Art beſte Preiſe bei
1801 2154 2314 2184 Rosé, Muſikhandlung, I., Kärntnerring
1800 2179 2313 2209 Nr. 11. 40223—1
2080 2220 2313 2256 Vorzüglichen Gebirgs⸗Him⸗
1813 2253 2314 2280 beer⸗Syrup zu Kila und Partien
1802 2276 2315 2308 offerirt Carl Franke, Wien, I., Stadion⸗
1802 2304 2314 2331 gaſſe Nr. 10. 42610—1
1306 2434 1783 2465 Patente aller Länder erwirkt
1306 2464 1783 2506 Ingenieur C. Paulitschky,
1271 2489 1786 2539 Wien, I., Kärntnerstraße 5,
1275 2522 1787 2573 behördlich autoriſirt. 35158—1
1806 2352 2314 2392 Himbeerſaft, garantirt echte
1881 2385 2315 2415 Gebirgswaare, ſowie Weineſſig,
1802 2410 2315 2440 garantirt echt, liefern In Boutaillen,
1796 2437 2314 2466 Korbflaſchen und Fäſſern M. Hochsin⸗
1803 2462 2314 2492 ger & Söhne in Eſakathurn, Ungarn,
1802 2484 2312 2517 Murinſel. Gegr. im Jahre 1834. 37476—1
1271 2674 1788 2757 Darlehen auf Häuser, erste
1287 2720 1784 2754 Sätze zu 4%—4¼%, zweite Sätze zu
1325 2750 1774 2778 5% bei Paul H. Plöch, VII /1, Ma⸗
1287 2778 1779 2804 riahilferſtraße 70, Telephon 3659. 48516—1
1322 2826 1785 2865 Mit 7% verzinſt werden
1371 2859 1786 2887 Oe. W. fl. 5000, 2. Hausſätze nach
1271 2861 1789 2914 Hypothekenbank auf 2 Provinzzinshäuser
1273 2888 1788 2939 aufgenommen. Offerten unter „Ang###⸗
1271 2912 1788 2966 nehm, sicher“ an das Ankünd = Bur
1271 2939 1792 2992 d. Bl. 44294—1
1539 3002 1778 3037 60.—70,000 fl. auf 2. Haus⸗
1288 3032 1784 3065 satz geſucht. Offerten unter „Spar⸗
1288 3062 1784 3086 kasse I. österr. 70“ an das Ank.⸗
1288 3086 1784 3125 Bureau d. Bl. 44374—1
1288 3120 1785 3168 Compagnon. Zur Ausdeh⸗
1289 3156 1785 3189 nung eines gut eingeführten Eugros⸗
1289 3186 1789 3215 geſchäftes mit ausgezeichnetem Kundenkreiſe
1289 3212 1789 3240 wird ein Kompagnon mit 15—20 Mille
1273 3212 1791 3266 gesucht Gefl. Zuschriften unter Chiffre
1267 3239 1792 3296 „Lucrativ 311“ an das Ank.=Bureau
1276 3264 1793 3318 d. Blattes. 44311—1
1301 3330 1789 3371 Compagnon wird von 24⸗
1301 3363 1787 3391 jährigem jungen Mann, mit beider⸗
1307 3390 1787 3417 seniger Einlage von ca. 1000—2000 fl., zur
1276 3391 1791 3445 Gründung eines Tapeziererzugehör. Ge⸗
1276 3416 1794 3471 schäftes gesucht. Die jenigen Herren aus der
1275 3441 1793 3496 Brauche oder Manufacturbranche erhalten
1276 3467 1792 3521 den Vorzug. Briefe unter A. Z. 1000
1275 3493 1792 3547 postl. Hauptpost. 44010—1
1528 3566 1791 3602 geſucht zur Be⸗
1514 3601 1789 3626 theiligung an einem größeren, im beſten
1278 3602 1793 3654 Betriebe stehenden Speditionsgeschäft, wel⸗
1292 3652 1786 3679 ches noch sehr entwicklungsfähig iſt. Er⸗
1279 3677 1786 3706 forderliches Kapital 10⸗—15.000 fl. Gefällige
1279 3704 1785 3731 Anträge unter „Vorwärts 100“ an
1279 3729 1787 3756 das Ank.⸗Bur. d. Bl. erbeten. 44328—1
1279 3768 1782 3830 Conserven⸗ u. Kaffeesurrogat⸗
1350 3801 1793 3830 fabrik, Dampfbetrieb, mit großer guter
1280 3828 1787 3855 Kundſchaft, wegen Kränklichkeit des Be⸗
1279 3853 1787 3883 ſitzers zu coulauteſten Bedingungen ver⸗
1281 3879 1787 3906 lauft. Anfragen unter C. C. 100 an das
1280 3900 1787 3929 Ank.⸗Bureau d. Bl. 43802—1
1280 3953 1793 3994 An Spielwerke⸗Fabriken oder
1357 3986 1792 4013 Feinmechaniker! Von dem öſterr.
1280 4011 1793 4040 Patent einer ſehr belobten Neuheit will
1281 4037 1792 4065 ich die „Ausnützung“ ſofort übergeben.
1280 4063 1794 4091 Hoher Gewinn-Antheil wird zugeſichert und
1282 4087 1794 4116 kein Kapital erforderlich. Aufragen mit
1282 4115 1794 4144 Geſchäftsproſpecten unter F. C. 123
1282 4141 1793 4167 poſtl. Pettau, Unterſteiermark. 44245—1
1281 4181 1794 4222 Mit 20,000 fl. wird ein
1284 4208 1796 4242 Theilnehmer gegen 15 Percent fix
1283 4240 1796 4267 gegen reelle Sicherſtellung geſucht. Näheres
1283 4266 1796 4293 unter „Mitwirkend mehr“ an das
1282 4292 1796 4316 Ank.⸗Bur. d. Bl. 44272—1
1283 4331 1795 4372 Kleine Induſtrie kann in allen
1282 4360 1795 4392 Localitaten gegründet werden, um einen
1284 4391 1797 4417 Artikel erſten Bedarfes zu fabriefren. Keine
1284 4416 1795 4444 ſpecielle Werkſtätte. Unbedeutendes Kapital,
1284 4441 1795 4468 großer Gewinn. Vollſte Garantie. Off. an
1284 4467 1797 4496 C. Magrini & Cie., 145, Avenue
1284 4493 1783 4520 Malakoff, Paris. 42786—1
1283 4532 1797 4572 Rentabler Verdienſt. Ein
1287 4565 1796 4593 reichfondirtes, altrenommirtes, chriſt⸗
1284 4591 1798 4618 liches Bank⸗ und Wechsierhaus ſucht für
1285 4616 1797 4643 Wien und die Provinz Vertreter, welche in
1285 4642 1797 4671 Kreiſen, die ſich für die Börſe intereſſiren,
1285 4668 1796 4696 Bekanntſchaften beſitzen. Nur mit guten
1285 4692 1798 4722 Referenzen verſehene Offerten finden Be⸗
1286 4720 1798 4747 rückſichtigung und ſind dieſelben unter der
1285 4744 1797 4773 Chiffre Z. M. an das Ank.⸗Bureau d. Bl.
1286 4772 1796 4798 zu richten. 44058—1
1285 4803 1798 4871 Weit ⸗ Privatdetectiv, Wien,
1382 4844 1737 4870 V. poſtlagernd. Erfahrenſter Wiener
1287 4870 1799 4898 Univerſal⸗Inſerent; Verfaſſer preisgekrön⸗
1287 4895 1799 4924 ter Criminal⸗Novellen; bewieſen gewand⸗
1286 4921 1799 4948 teſte, erfolgreichſte Ausführung aller De⸗
1289 4946 1797 4975 tectiv⸗Aufgeben, internſter Privat-Ange⸗
1290 4972 1797 5000 legenheiten für Ariſtokratie, Standesper⸗
1290 4998 1797 5026 sonen, Beamte, Kaufmannſchaft ꝛc. Ver⸗
1290 5021 1797 5051 treter renommirteſter ausländiſcher De⸗
1290 5050 1800 5078 tectiv⸗Inſtitute, beſorgt allerorts: Ernirung
1327 5075 1797 5101 nymer Briefſchreiber, Vertrauens⸗Miſſio⸗
1349 5101 1797 5128 nen, Informationen, Nachforſchungen, Per⸗
1290 5127 1797 5154 ſonal-Controlen, Adoptionen, Interventio⸗
1291 5152 1797 5182 nen, Protectionen, Reiſeaufträge ꝛc. An⸗
1289 5178 1803 5208 fragen koſtenfrei. Retourporto, Erfolge
1290 5204 1802 5234 garantirt unter Honorarverzicht. 43995—1
2385 322 2811 360 Ueber Anſuchen der Mit⸗
2350 357 2810 393 eigenthümer wird das im Be⸗
2349 394 2641 429 zirke Eger gelegene
2429 446 2741 533 Maiergut
2361 529 2801 615 Scheibenreuth
2351 631 2811 667 ſammt allem Zugehör und
2352 665 2813 702 Grundſtücken erbtheilungs⸗
2352 703 2459 736 halber
2353 750 2811 799 am 15. Juli 1895,
2352 793 2812 840 Vormittags 10 Uhr,
2353 853 2812 889 an Ort und Stelle in Scheiben⸗
2352 882 2812 925 reuth freiwillig gerichtlich ver⸗
2353 922 2812 960 äußert. Das Object hat ein
2353 952 2813 993 Ausmaß von 446 Joch, dar⸗
2353 988 2815 1029 unter 166. Joch Wald, das
2354 1026 2814 1061 Andere Aecker und Wieſen. Der
2353 1061 2813 1098 ganze Beſitz iſt vollkommen
2354 1095 2810 1131 arrondirt, die Aecker drainirt,
2353 1128 2813 1165 ſämmtliche Wieſen bewäſſerbar
2355 1164 2814 1201 und kunſtgerecht planirt. Die
2354 1199 2814 1234 Gebäude sind in ausgezeich⸗
2355 1232 2815 1269 netem Zuſtande, nahezu gänz⸗
2355 1267 2815 1303 lich neu, ſelbſtverſtändlich feuer⸗
2356 1301 2817 1338 feſt; kleines Schlößchen als
2355 1330 2816 1371 Wohnhaus. Mitverkauft wird
2356 1370 2816 1407 das lebende und todte Inven⸗
2356 1405 2817 1442 tar, vollſtändig complet in
2357 1440 2732 1476 ausgezeichnetem Zuſtande.
2391 1473 2817 1510 Gut Scheibenreuth liegt
2357 1507 2817 1545 an der Aerarialſtraße, nahezu
2357 1543 2818 1579 in der Mitte zwiſchen Eger
2358 1577 2818 1614 und Marienbad, 40 Minuten
2356 1609 2818 1647 von der Bahnſtation Linden⸗
2359 1647 2754 1682 hau der k. k. Staatsbahn.
2392 1680 2820 1716 Die erbtheilungshalber erfolgte
2358 1714 2818 1751 niedrige Schätzung ergab einen
2358 1749 2818 1785 gerichtlich erhobenen Schätz⸗
2358 1778 2819 1820 werth von 175,917 fl. 30 kr.,
2359 1818 2819 1854 unter welchem Betrage das
2358 1852 2818 1888 Object nicht hintangegeben wird.
2359 1886 2819 1923 Das Vadium beträgt 18,000 fl.
2393 1921 2819 1958 Günſtige Zahlungsbedingniſſe
2359 1957 2706 1992 jederzeit zu vereinbaren.
2393 1989 2819 2026 Nähere Auskunft ertheilt
2360 2025 2819 2059 Dr. Lederer, Advocat
2360 2059 2819 2096 in Eger. Beſichtigung jeder⸗
2359 2094 2819 2129 zeit geſtattet. 10592
2360 3566 2838 3595 Die wiederholt preisgekrönten
2361 3602 2836 3654 Gandy's Baumwoll-
2416 3653 2781 3696 und Haarriemen
2471 3705 2716 3729 können nur durch
2487 3746 2837 3796 Persicaner & Co.
2510 3805 2837 3833 Wien, I., Liebenberg⸗
2510 3831 2839 3859 gasse 7, Budapest,
2510 3857 2838 3885 VI., Kemnitzerstr. 7,
2362 3890 2840 3918 unsere alleinigen Vertreter für
2362 3924 2840 3952 Oesterreich - Ungarn und die Balkan⸗
2447 3951 2762 3977 staaten, bezogen werden.
2387 3975 2839 4003 Seacombe, Cheshirs, im No⸗
2377 4003 2840 4026 vember 1893. 10528
2361 4034 2839 4071 The Gandy Belt Mfg. Co., Ltd.
2958 289 3257 342 Livréen,
2855 346 3367 374 neue und gebrauchte, ſtets vorräthig bei
2854 368 3366 400 Jacob Rothberger, Wien, Stephans⸗
2854 396 3370 435 platz Nr. 9. 10394
2854 442 3369 802 Die Wechselstube
2917 481 3369 558 Philip Fleischer,
3058 545 3369 593 WIEN, 10826
2917 589 3370 638 Univerſitätsſtraße 12,
2917 643 3370 676 effectuirt beſtens alle in dieſes
2917 665 3370 697 Fach einschlägigen Geſchäfte, Con⸗
2917 696 3371 724 von⸗Einlöſung ohne Abzug, be⸗
2917 717 3371 750 ſorgt gratis neue Couponbögen
2918 745 3372 772 für Renten und Donau⸗Regu⸗
3044 769 3371 804 lirungsloſe.
2905 824 3329 864 Proksch-Pianos.
2859 1183 3373 1218 Wien, I., Führichgasse Nr. 4.
2910 1218 3373 1240 Proksch-Pianos zu vermiethen. 10422
2982 1265 3257 1315 Warnung
2859 1316 3376 1343 an Kapitaliſten, die ſich bei der Fabrication
2859 1342 3375 1369 von. gelbem Blutlaugenſalz (Blauſaures
2860 1367 3375 1394 Kali) betheiligen wollen. Näheres unter
2861 1393 3373 1419 W. 101 an die Annoncen Expedition
2860 1418 3375 1446 M Dukes, I., Wollzeile 6. 10828
2939 1462 3303 1527 Edelkirschen
2863 1543 3375 1571 Koritſchaner und Breſſovitzer, fleiſchigſte
2862 1570 3374 1597 und ſaftigſte Sorte, bezieht man in 5⸗Kilo⸗
2862 1596 3376 1620 Körben franco per Nachnahme à fl. 1.30
2862 1622 3374 1649 vom „Kirschrnversandt in Korit⸗
2862 1647 3376 1674 schan“, Mähren. Größere Abnehmer
2862 1674 3373 1708 geſucht. 19671
2889 1981 3375 2008 Eines der älteſten und beſtempfohlenen
2864 2016 3378 2091 Agenturgeschäfte in Moskau
2863 2094 3377 2119 übernimmt weitere Vertretungen, Bevor⸗
2863 2119 3375 2147 zugt Droguen, Chemikalien, Metalle, Ar⸗
2864 2145 3377 2172 tikel der Textil⸗Branche ꝛc. Mitinhaber
2864 2171 3376 2198 der Firma iſt täglich bis Montag von
2876 2197 3378 2225 10—11 Uhr Vormittags im „Grand Hotel“
2872 2222 3378 2249 Nr. 103 zu ſprechen. Offerten unter
2864 2249 3376 2272 Z. W. 81 a. d. Ank.⸗Bur. d. Bl. 10817
2905 2338 3331 2463 Heirat.
2889 2469 3375 2496 Ein akademiſch u. kaufmänniſch gebild.
2863 2495 3377 2524 junger Mann von angenehmem Aeußern
2865 2521 3377 2548 u. ſolidem Charakter wünſcht ſich zu ver⸗
2864 2547 3376 2575 heiraten. Gewünſcht wird gute Familie,
2864 2572 3378 2600 sorgfältige Erziehung, ſanfter Charakter
2865 2598 3377 2625 u. freie unabhängige Anſichten; dagegen
2864 2624 3375 2649 wird auf Alter und Schönheit weniger
2864 2649 3378 2677 Rückſicht genommen. Vermögen erwünſcht
2865 2675 3130 2702 aber nicht Bedingung.
2890 2706 3375 2736 Offerten beliebe man mit Photographie,
2865 2734 3376 2761 Angabe der Vermögens⸗ u. der ſonſtigen
2865 2759 3377 2787 Familien⸗Verhältniſſe unter Chiffre X.
2865 2781 3378 2813 X. 5375 an Rudolf Moſſe in Karls⸗
2864 2813 3379 2840 ruhe einzureichen. 10798
2890 1731 3346 1773 Knaden - Pens. Baden
2906 1782 3328 1817 bei Wien, Bahngaſſe 21
2888 1823 3349 1851 übernimmt über die Ferien erholungs⸗
2889 1849 3348 1876 bedürftige Knaben. Gelegenheit zur
2888 1876 3350 1901 Barbereitung für Prüfungen. 10711
2893 1901 3322 1928 Director J. Johann Zwerger.
2876 2912 3378 2966 Kruſter Heirats-Antrag.
2893 2971 3378 3000 Ein feſcher intell. junger Herr, ſprachen⸗
2867 2997 3381 3025 kundig, muſikaliſch, ſehr ſolid, in überaus
2868 3022 3380 3052 angenehmer Vertrauensſtellung, Chriſt,
2868 3049 3378 3075 26 Jahre alt, mit ſchönem Einkommen,
2868 3074 3379 3101 wünſcht behufs Ehe mit feinem intell.,
2868 3099 3380 3129 aus ſehr guter Familie ſtammenden
2869 3126 3381 3154 Mädchen bis zu 20 Jahren mit entſpre⸗
2869 3152 3381 3179 chendem Vermögen in Correſpond. zu treten.
2868 3178 3380 3204 Nur ernſte und ausführliche Anträge unter
2869 3202 3381 3231 „Lebensglück 779“ an das Ank.⸗Bur.
2869 3230 3380 3257 d. Bl. Agenten u. Scherze verbeten. 10737
3031 3287 3224 3327 Ernster
2886 3342 3369 3459 Heirats - Antrag.
2899 3465 3384 3493 Suche auf dieſem nicht mehr ungewöhn⸗
2872 3493 3384 3520 lichen Wege ein Fräulein oder eine junge
2873 3518 3384 3545 Witwe (katholiſch oder proteſtantiſch) von
2874 3544 3384 3573 hübscher Figur, angenehmem Aeußern,
2874 3570 3385 3597 heiteren Temperaments und häuslichem
2875 3596 3384 3623 Sinn, mit einem Vermögen non minde⸗
2875 3621 3385 3649 ſtens 70 Mille Gulden, zu ehelichen. Bin
2876 3647 3386 3674 Witwer, 49 Jahre alt und Beſitzer einer
2875 3673 3386 3702 großen Firma. 10797
2900 3706 3387 3734 Ernſtgemeinte Anträge mit Beiſchluß der
2873 3732 3385 3760 Photographie ſind unter Chiffre „Ernst
2874 3755 3383 3786 u. Aufrichtig 1033“ an Rudolf
2875 3784 3198 3812 Moſſe, Prag, zu richten.
2901 3817 3386 3847 Strengſte Discretion Ehrenſache, Photo⸗
2875 3844 3387 3873 graphien werden auf Wunſch zurückgeſandt.
2350 4511 2861 4625 Slivovic und Cognac
2345 4616 2863 4667 feinster Qualität in Flaschen
2451 4670 2758 4699 und Gebinden liefert
2350 4719 2858 4776 Ant.Bartholovich'Sohn,
2387 4779 2825 4815 k. u. k. Hoflieferant, Essegg.
2349 4812 2865 4862 Commissionslager bei.: Franz
2348 4846 2863 4898 Tommasoni, Wien, 1., Woll⸗
2347 4882 2863 4933 zeile 12; August Gottschlig,
2347 4916 2864 4968 Budapest; N. Cuk, Agram;
2421 4968 2862 5004 Peter Töth, Szegedin. 6129
2876 3920 3387 4041 Pique-Dame.
2903 4054 3388 4082 Ihr Seelenzuſtand, in dem ich Sie
2877 4080 3389 4109 geſtern verließ, beunruhigt und quält mich
2877 4107 3390 4134 derart, dast es mich unwiderſtehlich drängt,
2877 4133 3390 4161 je eher einige Zeilen an Sie zu richten.
2877 4158 3390 4185 Wenn Sie bedenken, daß nur die grenzen⸗
2878 4184 3387 4211 loſe unauslöſchliche Liede die alleinige Ur⸗
2877 4210 3392 4239 ſache meiner Handlung war und gar keine
2878 4236 3391 4261 anderen Momente es waren, die mich ver⸗
2878 4261 3391 4290 anlaßten, das zu thun, was ich that, ſo
2878 4287 3392 4315 werden Sie ſich beruhigen und auch das
2877 4314 3392 4341 Geschehene gewiß nicht mehr verletzend
2880 4339 3392 4369 ſinde: Nie iſt der Beraubte, immer der
2878 4365 3391 4392 Räuber der Schuldige. Oh bitte, beruhigen
2879 4392 3390 4418 Sie auch mich und venachrichtigen Sie mich
2879 4417 3391 4446 je eher, daß die Verletzung ohne böſe Folgen
2879 4443 3394 4470 geheilt iſt. Ich büße gerne für die kurze
2879 4468 3392 4495 Secunde der genoſſenen Glückſeligkeit, wenn
2880 4493 3390 4521 ich nur Sie beruhigt weiß. Die herzlichſten
2880 4520 3391 4549 Grüße, wie immer. 10847
2983 4603 3290 4634 Taborstrasse?
2905 4636 3392 4665 Fr. v. Freitag Vormittag zweimal
2880 4662 3392 4690 geſprochen, bitte um eine einzige Beſpre⸗
2881 4687 3392 4716 chung unter J. F. 413 an das Ank.⸗
2880 4713 3394 4750 Bur. d. Bl. 10880
2937 4764 3362 4828 Weiße Camelie 1888.
2905 4838 3394 4865 Weßhalb das Stillſchweigen? Bereits
2881 4865 3393 4894 zwei Briefe poſtlagernd abgeſendet. 10849
3042 4915 3226 4961 M. J.
2906 4965 3393 5000 Biſt Du es? Bitte um Aufklärung. 10816
2370 5042 3373 5082 Herausgeber: Adolph Werthner, Dr. Eduard Bacher, Moriz Benedikt.
2371 5089 3069 5124 Verantwortlicher Redacteur: Karl Felix Kohler.
2371 5129 3187 5168 Druckerei der „Neuen Freien Preſſe“: Reinhold Geyer.
2514 5191 3244 5228 Papier: Pittener Papierfabriks⸗Actien⸗Geſellſchaft.
731 1104 1266 1138 Eine 1625 Quadratmeter
730 1134 1244 1166 große Umbaurcalität im XII. Bezirk,
731 1164 1272 1191 an der künftigen Wienzeile, sehr günstig
731 1190 1244 1217 gelegen, ist sofort zu verkaufen, Briefe unt.
731 1216 1244 1239 A. N. J. O. erbeten an das Ank.=Bur.
730 1243 1266 1273 d. Bl. 44027—5
789 1338 1192 1390 Zu miethen gesucht.
730 1413 1267 1448 Per November=Termin zu
815 1447 1246 1475 miethen gesucht Herrschaftshaus zum
731 1473 1246 1499 Alleinbewohnen, III. ober IV. Bezirk, circa
734 1499 1247 1525 12 Zimmer. Offerten an Maison Cog⸗
731 1524 1247 1551 nac, I., Köllnerhofgasse 2. 43730—6
731 1564 1246 1598 Gesucht zum Novembertermin
731 1592 1268 1624 von ruhiger Partei gut heizbare
732 1622 1268 1650 2 Zimmer, 2 Cabinette, dann Diener=,
732 1649 1274 1677 Vorzimmer, Badezimmer, im VIII. u.
733 1675 1248 1702 IX. Bezirk. Zuschriften mit Preisangabe
734 1699 1268 1726 unter G. W. 208 an das Ank.=Bureau
733 1727 1248 1750 d. Blattes. 44208-6
839 1823 1150 1875 Zu vermiethen.
737 1899 1249 1933 Zimmer mit Pension in feinem
734 1933 1248 1961 Hause. VIII., Lederergasse Nr. 5,
735 1960 1275 1987 Mezzanin. 43748—7
737 1999 1249 2033 Zimmer, elegant möblirt,
735 2031 1248 2058 separirt, sogleich, auch für Damen,
736 2058 1249 2085 1, Salzgries 9, 3. Stock, Thür 20, Ecke
736 2084 1249 2113 Fischerstiege. 43744—7
736 2124 1249 2158 Großes eleg. Gassenzimmer,
736 2152 1251 2184 separirt, mit Clavier, bei ruhiger
737 2184 1250 2211 Partei billigst zu vermiethen. II., Circus⸗
736 2209 1251 2236 gasse 34, 3. Stock, Th. 7. 44303—7
736 2248 1250 2287 Möblirtes Zimmer, Hietzing,
738 2276 1276 2309 Lainzersir. 99. Ausk. IX., Währinger⸗
737 2310 1276 2335 straße 19. 44299—7
737 2348 1250 2389 Schöne, separirte, möblirte
811 2382 1252 2408 Gassenzimmer bei guter Familie mit
739 2408 1251 2434 guter Pension, auch für Eheleute. IX.,
738 2434 1252 2461 Berggasse 20, 1. Stg., 2. St. 14. 44296=7
738 2480 1251 2515 Ein Zimmer in Purkersdorf,
738 2508 1252 2542 nahe der Bahn, an Herrn zu ver⸗
739 2539 1253 2566 vermrethen. Adresse im Ank.=Bureau dieses
740 2566 1253 2589 Blattes. 44367—7
739 2604 1253 2643 Vöslau, schönes großes Zim⸗
819 2638 1254 2664 mer mit Garten, Wr. Renstädter⸗
741 2665 1253 2689 straße 13. 44290—7
740 2703 1254 2745 Eleg. Wohnung, 4 Zimmer,
816 2737 1253 2764 Gabinet, Dienerz., Badez. 2c. II.,
741 2763 1254 2790 Circusgasse 50, per August zu vermie⸗
741 2790 1255 2815 then. 43987—7
740 2829 1256 2867 Wohnung zum November=
834 2862 1255 2889 Termin ist zu vermiethen VIII.,
742 2888 1254 2915 Wickenburggasse 17, im 1. Stock 3 Zimmer,
743 2914 1255 2941 1 Cabinet auf die Gasse, 1 großes Hof⸗
741 2940 1256 2968 zimmer, Vorzimmer, Küche, Dienstboten⸗
743 2966 1256 2993 zimmer und geschlossener Gang. Näheres
742 2992 1256 3019 beim Hausbesorger. Zu sehen von 12 bis
744 3018 1256 3043 1 Uhr. 43985—7
742 3057 1257 3095 Auerspergstrasse 2, 3. Stock,
819 3090 1255 3117 um 770 fl. elegante Wohnung, 3 Zim⸗
743 3116 1255 3143 mer. 1 Cabinet. großer Balcon, Vorzimmer,
743 3140 1257 3170 Küche, Dienerzimmer, von August oder
743 3168 1256 3190 November. 43586—7
743 3207 1256 3247 Eine neuhergerichtete Woh⸗
743 3236 1254 3269 nung (1. Stock) von 3 Zimmern, 1
745 3267 1258 3293 Cabinet und Nebenräumen mit Bad, Tele⸗
745 3293 1256 3320 graph. Gas, ist von der Partei wegen
745 3318 1256 3346 Uebersiedlung sofort abzugeben. IX. Bez..
745 3345 1258 3371 Währingerstr. 9, Hausbesorger. 44257—7
745 3384 1259 3419 Jahreswohnung in einer ele⸗
743 3412 1257 3446 ganten Villa, Hacking, Auhofstr. 221,
746 3444 1258 3470 im 1. Stock per August oder sofort zu ver⸗
746 3469 1259 3494 miethen. Auskunft ebendort oder bei
745 3494 1257 3522 Frankl, 1., Elisabethstraße G, Telephon
745 3522 1258 3544 Nr. 1370. 43222—7
745 3560 1258 3597 Sommerwohnung, 5 Piecen,
745 3588 1258 3621 250 fl. Ober=St, Veit, Firmlangass
746 3621 1260 3642 Nr. 29. 44353—7
1802 2527 2317 2570 Tüchtige Hausschneiderin em⸗
1874 2562 2317 2590 pfiehlt sich den geehrten Damen aufs
1803 2588 2317 2616 Land, IX,, Schwarzspanierstraße Nr. 15,
1804 2613 2316 2643 2. Stiege, 1. Stock 25. 44373—1
1804 2661 2317 2702 Masseuse, ärztlich geprüft.
1805 2696 2318 2724 Gumpendorferstraße 40, Mezzanin,
1805 2722 2317 2748 Thür 13. 44429—1
1805 2760 2320 2800 Masseuse, Witwe, tüchtig,
1806 2790 2320 2824 empfiehlt sich. III., Mohsgasse 10,
1806 2821 2319 2847 3. Stock, Th. 32. 44356—1
1812 2859 2320 2889 Madame Charlotte em⸗
1811 2886 2321 2921 pfiehlt sich als Masseurin und für
1807 2919 2319 2946 kalte Abreibungen, Getreidemarkt Nr. 17,
1807 2945 2316 2974 2. Stiege, Parterre, Thür 1. 43670—1
1814 2991 2321 3028 Masseuse distinguée. I.,
1813 3020 2322 3054 Grünangergasse Nr. 3—5, 3. étage.
1809 3053 2319 3079 porte 13, de 10—7 heures. 44279—1
1807 3098 2320 3138 Aerztl. Unterricht in Massage.
1884 3130 2322 3161 I., Bognergasse 15, 2. Stock
1809 3158 2319 3186 links, von 1—4 Uhr. 43548 - 1
1808 3198 2323 3238 Aeltere geprüfte Masseurin.
1812 3228 2321 3261 Rothenthurmstraße Nr. 37, 2. Stg.,
1809 3260 2319 3283 2. Stock. 44271—1
1808 3307 2321 3345 Disting. Masseuse. I., Dom⸗
1878 3341 2320 3369 gasse 6, 1. St., Thür rechts. 44175=1
1808 3379 2322 3415 Geprüfte Masseuse VIII.,
1808 3413 2323 3442 Lederergasse Nr. 14, Parterre links,
1809 3440 2321 3466 Thür 1. 43368—1
1809 3487 2322 3524 Geprüfte erfahrene Masseuse
1809 3520 2324 3548 wird empfohlen. I. Bezirk, Woll⸗
1810 3548 2321 3573 zeite 20. 44382—1
1810 3582 2324 3622 Gepr. Masseurin empfiehlt
1891 3620 2322 3649 sich. II. Bez., Lichtenauergasse 13,
1811 3647 2322 3670 2. St. 12. 44418—1
1810 3685 2324 3726 Gepr. praktische Masseuse
1810 3714 2324 3747 empfiehlt sich bestens, auch außer
1811 3744 2324 3773 Hause. I., Singerstraße Nr. 28, 1. Stock,
1810 3771 2323 3797 Thür 2. 44397—1
1812 3810 2325 3850 Junge, renommirte Masseuse,
1811 3838 2324 3873 ärztlich geprüft. I., Nibelungen⸗
1811 3869 2324 3897 gasse 7, 1. St., Th. 6, v. 10—7 Uhr. 37733=1
1813 3917 2325 3956 Junge intelligente Masseuse,
1885 3950 2326 3979 auch Badebenützung. VIII., Buchfeld⸗
1812 3977 2323 4005 gasse 19, Parterre 14. 44013—1
1812 4015 2326 4051 Junge schwedische Masseuse.
1812 4044 2323 4077 III., Schützengasse 3, 1, St 44025=1
1814 4097 2358 4134 Junge versirte, ärztlich ge⸗
1812 4131 2326 4159 prüfte Masseuse empfiehlt sich. IX.,
1815 4156 2326 4185 Turkenstraße 33, Part., Thür 9. 43835—1
1815 4196 2327 4234 Intelligente, ärztlich geprüfte
1887 4230 2328 4258 Masseuse empfiehlt sich. Baden. Anna⸗
1815 4257 2327 4283 gasse 15. 43959—1
1816 4292 2330 4333 Junge praktische Masseuse.
1890 4329 2328 4358 VII., Kirchberggasse 28, Hochparterre,
1816 4356 2326 4382 Thür 19. 44258—1
1816 4403 2329 4440 Junge schwedische geprüfte
1815 4432 2328 4464 Masseuse. III., Rennweg 32, 2. Stock.
1816 4462 2327 4489 Thür 17. 43791 — 1
1816 4494 2359 4542 Junge adelige Masseuse, ärztl.
1889 4530 2359 4562 gepr. I., Giselastraße 4, 2. Stock.
1816 4561 2359 4592 Th. 13 (Aufg. rechts). 44283—1
1810 4608 2360 4646 Nenommirte Masseuse empf.
1814 4638 2360 4671 sich bestens. Himmelpfortgasse 21,
1818 4668 2329 4695 1. St., Th. 3. 43674—1
1816 4708 2330 4746 Tücht. Masseurin u. Manicure
1818 4736 2360 4770 empfiehlt sich. IV. Bez., Hauptstraße
1817 4768 2327 4793 Nr. 26, 2. 43636—1
1817 4815 2355 4854 Bei Hebamme mit langjähr.
1821 4849 2330 4877 u. großer Praxis finden Damen liebe⸗
1818 4875 2360 4902 volle Aufnahme, Information in allen An⸗
1818 4900 2361 4930 gelegenheiten. Mme. Nagy, V., Kleine
1818 4927 2361 4958 Neugasse 9, 1. St. 44179—1
1817 4965 2331 5001 Bei Hebamme mit langjähr.
1819 4994 2331 5031 Praxis finden Damen Rath und
1818 5021 2361 5054 Hilfe in allen Angelegenheiten. Mad. I..,
1820 5049 2330 5079 IV., Große Neugasse 8, 1. Stiege, 2. St.,
1819 5074 2330 5103 Thür 20, 43661—1
1819 5114 2331 5153 Damen finden Rath u. Hilfe
1820 5146 2333 5179 (discret) in allen Fällen, freundliche
1821 5176 2333 5205 Aufnahme zur Entbindung, Mme. M. G.,
1821 5194 2349 5230 XVIII., Gürtel 11, Th. 6. 42895—1
