3345 5259
2695 29 3165 81 Abonnement für das Ausland:
2623 52 3242 106 Viertelj.: Für Preussen b. nächsten Postamte ### Thlr.
2624 72 3244 127 ###Sgr.###Pf., b.uns m.direct.Kreuzbandiendg.ohne preu###
2623 95 3241 150 Stempelzuschlag 10 fl. Oe. W.; f. Orte d. nordd.
2624 116 3237 172 Postbezirkes, exel.Preussen.d.nächsten Post¬
2621 140 3241 196 amte; 3 Thlr. 18 Sgr. (6 fl. 19 kr. 8. W.), b. uns 10 fl.; f.d.
2626 163 3248 218 Donaufürstenthünmer d. nächsten Postamte
2626 186 3250 238 ###fl. 20 kr., b. uns 10 fl.; f. Italien b. uns 10 fl. Oe. W.;
2625 207 3242 261 v. G. Edhard in Venedig, F. Münster in Verona u. E. E.
2624 231 3244 284 Oblieght i.Florenz & Fres.; b.S.Liechtl, Chef d.Zeitungs¬
2625 250 3243 307 bur. i. Born, 26 Fres.; f. Frankreich: b. uns ###.,
2628 274 3243 327 b. Postamte Köln 8 Thlr. 26 Sgr., b. Auguste Ammel,
2622 298 3244 351 Nachfolger von G. A. Alexandre in Paris u. Stressburg
2624 321 3243 374 u. b. Ch. u. A. Havas i. Paris: 30 Fres.; f. d. Schweiz###
2623 342 3246 397 b. d. Postämtern 18 Fres. 30 Cent., b. uns 10 fl.; f. Spa¬
2624 364 3246 421 nien & Portugal: b. uns 21 fl., b. Postamte Köln
2626 387 3244 441 9 Thlr. 18 Sgr., b. S. Liechtl, Chef d. Zeitungsbur. in
2625 409 3246 465 Born, 41 Fres.; f. England: b. uns 15 fl., b. Post¬
2626 432 3252 486 amte Köln 8 Thlr. 2### Sgr. 9 Pf., b. H. C. Panzer, 91. London-
2626 452 3250 508 Wall, B. C., u. A. Siegle, 110 Lendenhall-Street E. C., Lon¬
2626 478 3249 531 don: 80 Sb. 4 P., daselbst auch f. d. engl. Colonien
2626 497 3244 555 m. Zuschlag d. engl. Portos; f. Nordamerika: b.
2626 522 3251 577 uns 21 fl., b. Postamte Köln 6 Thlr. 25 Sgr., b. E. Steiger,
2626 543 3248 598 22 and 24 Frankfort Street in Newyork, 12 Doll. 1 Cent###.
2625 566 3249 622 (per German closed Mail); f. Brasilienos-
2628 584 3247 644 Ayres u. Mexico 11 Thlr. 17 Sgr. u. f. alle anderen
2625 610 3253 664 überseeischen Sianien: b. Postamte Köln 14
2625 633 3252 688 Thlr. 11 Sgr.; für die Türkei. Griechenlands
2657 652 3224 710 Egypten: b. Postamte in Wien: 5 fl. 20 kr. Süd.
24 35 646 91 Redaction, Administration & Druckerei:
132 61 547 113 Kolowrat-Ring, Fichtegasse Nr. 11.
62 81 616 136 Unfraukir### Briefe werden nicht angenommen.
120 123 540 175 Ankündigungs-Bureau:
213 145 450 196 Stadt, Wellzelle 20.
92 168 571 219 Insertionspreis nach aufliegendem Tarif.
24 192 643 248 Inserate übernehmen i. Auslande: Havas Laffite, Bul¬
24 214 640 271 ### & Co. in Paris: Herm.Ch.Panzer ### London-Wall,
24 236 644 293 in London; li###stein & Vogler in Hamburg,
24 260 643 312 Berlin. Frankf.a.M. u. Basel: Südd.Annon¬
24 280 643 336 ###.Nur. in Stuttgart; G.L. Daube & Co. in Ham¬
24 304 644 357 burg u. Frankf.a.M.; Jäger'sche Buchh. c. Chr¬
26 325 641 382 ###mann'sche Buchh. in Frankf.a.M.: ###chüss¬
23 348 643 403 teria Hannover; Stahel's Annone.-flur. i. Würz¬
26 372 644 429 burg; Eugen Fort u. H. Engler in Leipzig; P. W.
24 392 645 447 ### in Dresden; Jenke in Breslau: A. ###ete¬
26 415 643 470 wager's Central-Annoncen-Bur. und Rudolf M### in
101 440 565 493 Berlin; E. E. Oblieght in Florenz.
127 477 544 529 Abonnement für Wien:
27 499 640 553 Im Hauptverlage, Wallzelle 20, u. bei allen Zeitungs¬
25 520 642 576 verschleissern: Ganzjähr. fl. 18, monatl. fl. 1.50. Mit
27 543 640 596 Zustellung in's Haus: Viertelj. fl. 5.40, monatl. fl. 1.80.
63 565 607 619 Einzeln: Morgenblatt 6 kr., Abendblatt 3 kr.
81 600 593 656 Abonnement für das Inland:
22 620 639 679 Mit tägl. einmal. Portversendung Ganzj. fl. 24, halbj.
24 642 641 702 fl. 12, viertelj. fl. 6. Mit täglich zweimal Postver¬
54 667 617 723 sendung Ganzj. 28, halbj. fl. 14, viertelj. fl. 7.
1381 65 1844 160 Neue
735 184 2531 547 Freie Presse.
1441 593 1832 672 Abendblatt
147 788 538 850 Nr. 3184.
1295 773 2078 850 Wien, Samstag, den 5. Juli
2957 757 3193 816 1873.
326 907 824 982 Politische Aebersicht.
828 971 1076 1009 Wien, 5. Juli.
167 1009 1112 1066 „Die Noth führt uns zu seltsamen Schlafgesellen“ —
81 1054 1111 1109 meinte Trinculo, als er neben Caliban lagerte. Die Noth
81 1096 1112 1153 hat auch dem hiesigen Wahlcomité der „Jungen“ zu selt¬
81 1139 1112 1195 samen Bundesgenossen verholfen. Heute tritt das Wiener
83 1181 1112 1237 Organ der Altezechen mit Vehemenz gegen die Agitation auf,
81 1224 1112 1281 welche die Marburger Bürgerschaft zu Gunsten ihres
81 1266 1113 1323 bisherigen Abgeordneten Reuter entwickelt. Mit den Deutsch-
80 1308 1112 1366 Nationalen vereint, verdächtigen Zuaven, Feudale, Ultra¬
81 1355 1113 1410 montane und Nationale Herrn Reuter der allzu¬
81 1394 1113 1452 großen Hinneigung an das deutsche Reich. Noch
81 1438 1116 1495 interessantere Bundesgenossenschaft aber ist der Partei der
84 1480 1113 1537 „Jungen“ aus dem schon im heutigen Morgenblatte erwähn¬
81 1526 1116 1579 ten böhmischen Oertchen Ullersdorf geworden. Wir
58 1566 1114 1623 haben die „bedeutsame Kundgebung“, nämlich den aus Ullers¬
83 1610 1114 1667 dorf gekommenen Protest, einem hiesigen jungdeutschen
81 1650 1114 1710 Blatte entnommen. So wundersam der Jubel der Deutsch=
80 1695 1114 1753 Nationalen darüber war, daß den „Alten“ vorgeworfen
83 1739 1113 1796 wurde, das Deutschthum als Aushängeschild zu benützen
81 1783 1114 1839 und den Städten zu viele Abgeordnete zugewen¬
83 1824 1114 1882 det zu haben, so enthält doch der Protest der Ullersdorfer
82 1867 1115 1925 Jungen noch ganz andere Dinge. Die hiesigen deutsch¬
85 1911 1116 1968 nationalen Journale haben sich nämlich einige fromme —
83 1951 1116 2011 Kürzungen erlaubt. Nach der Teplitzer Zeitung, welcher der
82 1996 1113 2056 Wortlaut vorliegt, wollen nämlich die Ullersdorfer Herren
82 2039 1114 2094 auch, „daß die Vertreter im Parlamente
82 2082 1115 2140 nicht schweigen, wenn Schandblätter am
81 2125 1117 2183 Sitze des Reichsrathes auf Kosten ihrer
83 2168 1117 2225 Gläubigen die Religion verhöhnen“. Aber
82 2210 1116 2267 nicht nur für die Ultramontanen, auch für das berüchtigte
84 2250 1117 2308 „weiße Blatt“ Rieger's treten die Ullersdorfer ein,
81 2294 1116 2350 indem sie erklären: „Wir fürchten uns auch vor den bösen
84 2335 1116 2391 Czechen nicht, seitdem uns die Alten den Koth gezeigt haben,
82 2379 1117 2435 mit welchem sie zur Verkleisterung ihres Gründungsschwin¬
84 2423 1117 2481 dels das weiße Blatt zu verschmieren für zweckentspre¬
83 2472 479 2521 chend gefunden haben.“
172 2517 1119 2578 So also sieht die „bedeutsame Kundgebung“ zu Gunsten
85 2561 1117 2622 der hiesigen Parteitägler aus! Wir find fern davon, zu
84 2606 1119 2665 glauben, daß die Erkenntniß, in welche Gesellschaft sie ge¬
83 2650 1119 2706 rathen find, die hiesigen Dissidenten bewegen werde, zur Ver¬
84 2690 1119 2746 fassungspartei zurückzukehren. Wer mit den Schwärmern
84 2732 1118 2788 für Hohenwart und Belcredi Arm in Arm geht, wird sich
84 2773 1119 2829 auch nicht vor der Allianz mit Pfaffen- und Czechenfreunden
86 2813 1118 2874 scheuen. Die Hoffnung, der Verfassungspartei mit Hilfe
84 2851 1119 2917 solcher Bundesgenossen schaden zu können, reicht hin zur Be¬
86 2906 548 2960 schwichtigung der Gewissen.
170 2954 1120 3014 Die Worte, welche Kronprinz Rudolph bei der
86 2998 1122 3059 Enthüllung des Maria=Theresien=Denkmals in Klagenfurt
86 3042 1122 3102 gesprochen, zumal besten dankbare Anerkennung für die
86 3085 1118 3145 Loyalität der österreichischen Völker, geben dem „Vaterland“
86 3127 1121 3187 Anlaß zu ganz seltsamen Auslassungen, die wir in dem
85 3171 1120 3232 feudalen Organe zu allerletzt gesucht hätten. „Die Loyalität,“
85 3215 1123 3275 meint das „Vaterland", „ist keine mystische Empfindung,
1155 890 2187 944 sondern eine Pflicht, welcher Pflichten ergänzend gegenüber¬
1154 933 2188 987 stehen. Es wird also immer Mittel geben, die Loyalität
1157 975 2187 1029 der Völker zu kräftigen, aber auch Mittel, sie abzu¬
1156 1018 2188 1072 schwächen.“ Das ist ebenso richtig wie es unvorsichtig
1157 1061 2188 1115 vom „Vaterland“ ist, es auszusprechen. Gewiß legt
1158 1102 2189 1157 die Loyalität Pflichten auf, und will das „Vater¬
1158 1146 2188 1198 land“ wissen seit wann die österreichischen Völker
1157 1189 2188 1242 Grund haben, sich der vollen Erfüllung dieser Pflichten
1157 1231 2188 1284 zu freuen? Genau so lange, als Jene, welche — leider! —
1160 1274 2187 1328 „die Vorsehung einst dem Throne nahe geboren werden
1158 1317 2187 1371 ließ“, nicht mehr über die Auslegung dieser Pflichten zu
1158 1360 2185 1414 Rathe gezogen werden. Wenn es, wie das „Vaterland“
1159 1402 2187 1457 meint, ein Mittel gäbe, die Loyalität der Völker abzu¬
1158 1446 2187 1499 schwächen, dann wäre es sicherlich die Aufrichtung jener Zu¬
1159 1488 2188 1543 stände, welche von den Patronen des feudalen Blattes an¬
1160 1531 2189 1586 gestrebt werden und die den Absichten der großen Kaiserin,
1161 1572 2188 1629 deren Andenken in Klagenfurt gefeiert wurde, direct ent¬
1160 1615 2191 1672 gegengesetzt sind. Daß die Zeiten, wo solche Zustände
1159 1659 2190 1714 herrschten, vorüber sind, scheint das „Vaterland“ vergessen
1160 1702 2190 1757 zu haben; es hätte sonst nicht in so junkerhaft trotzigem
1161 1746 2098 1800 Tone, wie es heute geschieht, zu der Krone gesprochen.
1247 1788 2189 1843 Einer Berliner Correspondenz des „Vaterland“ zufolge
1161 1832 2192 1885 hat der junge Graf Goluchowski, dortiger österreichischer
1160 1875 2192 1930 Gesandtschafts=Attaché und Sohn des galizischen Statthalters,
1161 1917 2193 1972 seinen Posten verlassen müssen, angeblich, weil Fürst Bis¬
1161 1959 2192 2014 marck keinen Polen in der Diplomatie haben wolle. Die
1162 2004 2035 2058 Sache könnte auch etwas anders zusammenhängen.
1247 2045 2192 2099 Die deutschen Blätter berichten von einem herzlichen
1162 2088 2193 2143 Glückwunsch=Telegramme, welches Kaiser Wilhelm
1161 2130 2193 2187 dem Czar Alexander anläßlich der Einnahme Khiwas gesen¬
1161 2172 2194 2229 det hat. Eine politische Tragweite hat diese Kundgebung,
1162 2217 2193 2272 welche in den persönlichen Beziehungen der beiden Kaiser
1161 2257 2194 2316 ihre Quelle hat, keineswegs. Man meint zwar, daß John
1160 2300 2193 2358 Bull ob dieser kaiserlichen Manifestation einigermaßen ver¬
1161 2342 2195 2401 schnupft sein werde, gibt dabei aber zu verstehen, daß man
1160 2380 2195 2449 sich entwöhnt habe, den Londoner Affecten besonderes Gewicht
1162 2440 1334 2485 beizulegen.
1247 2473 2191 2529 Die Ultramontanen Preußens verlegen sich in
1162 2516 2196 2574 ihrer Desperation auf den Humor. Neulich prognosticirte
1163 2561 2197 2616 die Schlesische Volkszeitung ein Ministerium, in welchem
1161 2604 2198 2658 Windthorst und Lasker, Mallinckrodt und Sonnemann mit
1163 2647 2197 2701 Portefeuilles bedacht sein würden. Jetzt weissagt das näm¬
1163 2689 2197 2743 liche Blatt, daß Roon durch Arnim und Arnim durch Man¬
1162 2727 2197 2787 teuffel abgelöst werden würde. Bismarck kommt für diese
1163 2770 1983 2830 Clowns in der Kutte gar nicht mehr in Frage.
1248 2813 2197 2871 Jedem Telegramme, welches die italienische
1163 2857 2198 2917 Ministerkrise als ihrem Abschlusse nahe bezeichnet, folgt
1164 2902 2196 2956 ein anderes auf dem Fuße und redet von neuen unerwarte¬
1163 2945 2200 3002 ten Schwierigkeiten. Ein Candidat nach dem anderen schwankt
1167 2989 2199 3044 eine Weile und lehnt dann ab. Namentlich gehen auch die
1165 3032 2199 3089 eifrigsten Neider des demissionirenden Cabinets dem Ange¬
1166 3075 2200 3132 bot des in Italien ganz besonders unpopulären Finanz=
1165 3127 1663 3174 Portefeuilles aus dem Wege.
1253 3162 2199 3217 Die Majorität, mit welcher die Versailler Kammer den
1166 3204 2201 3261 Antrag Dufaure's auf Berathung der constitutionellen Gesetz¬
2231 876 3259 930 entwürfe ablehnte und die Ernennung einer Commission zur
2231 919 3260 971 Prüfung derselben erst für den ersten Monat nach den Ferien
2231 962 3259 1015 in Aussicht nahm, muß sehr gering gewesen sein, denn das
2231 1004 3261 1057 monarchisch gesinnte Bureau der Kammer hat das Stimmen¬
2232 1047 3260 1101 verhältniß noch immer nicht bekauntgemacht. Der Herzog
2232 1089 3262 1143 von Broglie hat der Regierung diesen Sieg mit dem Opfer
2233 1133 3261 1185 seiner eigenen Ueberzeugung erringen müssen. Während näm¬
2232 1175 3263 1228 lich der Vice=Präsident des Ministerrathes im Conseil gegen
2233 1217 3263 1270 die Vertagung gestimmt hatte, war er in der Kammersitzung,
2232 1261 3263 1313 um die Coalition nicht in die Brüche gehen zu lassen, gezwun¬
2233 1304 3263 1356 gen, für die Vertagung zu stimmen. Gewisse Allianzen wer¬
2232 1346 3263 1401 den Herrn v. Broglie täglich unbequemer, weßhalb er
2232 1388 3263 1442 auch hinter den Coulissen###theils persönlich, theils durch das
2230 1430 3264 1486 Organ des Duc d'Audiffret=Pasquier die Versuche fortsetzt,
2232 1473 3265 1528 die Partei Casimir Périer und womöglich auch die Fraction
2231 1516 3265 1571 Laboulaye=Christophle zu sich herüberzuziehen, um dann mit
2234 1559 3264 1615 den Bonapartisten und der äußersten Rechten rechnen zu
2232 1614 2352 1647 können.
2321 1644 3266 1697 Dem Journal de Marne zufolge soll die Räu¬
2233 1688 3267 1742 mung der noch occupirten vier französischen Departements=
2235 1729 3266 1785 Vogesen, Ardennen, Meuse und Meurthe=et=Moselle, so¬
2235 1773 3265 1826 wie des Arrondissements Belfort, welche laut Berliner
2235 1815 3266 1871 Nachtrags=Convention vom 15. März d. J. am 1. d. be¬
2235 1859 3266 1914 ginnen sollte, am 10. d. ihren Anfang nehmey. Die Räu¬
2236 1902 3266 1957 mung muß, dem Vertrage zufolge, innerhalb vier Wochen
2236 1946 3265 2001 vollendet sein; doch hoffen die Franzosen, bereits in vier¬
2235 1988 3266 2043 zehn Tagen die Departements Meuse und Ardennen be¬
2236 2032 3265 2086 setzen zu können. Verdun bleibt bekanntlich bis zum 5. Sep¬
2236 2074 3267 2129 tember als Pfand für die beiden letzten, bis zum 5. August,
2236 2117 3267 2171 respective 5. September noch erübrigenden Zahlungen von
2237 2168 2705 2214 deutschen Truppen occupirt.
2323 2202 3267 2256 Wie der bonapartistische Gaulois meldet, wird der dem¬
2237 2245 3268 2300 nächst erscheinende Band des Berichtes der September=
2239 2288 3266 2343 Commission Aussagen des römischen Grafen Chaudordy
2238 2330 3269 2384 enthalten, welche den bekannten Gramont=Schwin¬
2238 2379 2753 2426 del wieder aufwärmen sollen.
2322 2414 3271 2470 Die sogenannte „Unterrichtsbewegung“ nimmt
2237 2457 3268 2510 in England wachsende Proportionen an. Wie die Mor¬
2238 2500 3269 2556 ning Post erfährt, haben gewisse nichtparlamentarische Mit¬
2241 2545 3269 2599 glieder der nationalen Unterrichts=Liga und verschiedene Dissi¬
2240 2588 3271 2641 denten=Verbände eine Neue Bewegung angeregt, deren Zweck
2241 2630 3271 2685 es ist, jedem liberalen Candidaten, der zu Gunsten der als
2240 2670 3272 2729 sectirerisch verschrieenen ministeriellen Unterrichtspolitik in die
2241 2717 3271 2772 Schranken tritt, einen radicalen Candidaten entgegenzu¬
2240 2759 3272 2814 stellen, Zur Unterstützung dieser Operationen sollen bereits
2241 2808 2800 2857 beträchtliche Fonds zugesagt sein.
2326 2844 3271 2899 Die russische Presse — so schreibt ein preußisches
2240 2887 3270 2943 Blatt, die Schlesische Zeitung — „hatte sich nicht einmal
2241 2931 3272 2985 während des jüngsten Besuches des Czars bei dem Kaiser
2242 2970 3272 3029 Franz Joseph zu einer gänzlichen Cuspendirung ihrer feind¬
2242 3017 3272 3073 seligen Haltung gegen Oesterreich zu entschließen vermocht.
2244 3060 3273 3116 Sie hatte sich nur zu einer kühlen Höflichkeit verstehen kön¬
2243 3104 3274 3159 nen, und heute ist auch diese schon geschwunden. In jedem
2244 3147 3274 3201 Zeitungsartikel, in jeder Correspondenz und in den tenden¬
2243 3190 3274 3246 ziös ausgewählten Citaten aus österreichisch=slavischen Jour¬
2247 3292 3275 3342 Versammlung von der Tagesordnung abgesetzt wissen. Hierauf be¬
2247 3328 3276 3381 tritt ein Herr, dessen Namen wir leider nicht in Erfahrung bringen
2246 3363 3276 3410 konnten, die Tribüne und erklärt, er liebe es, Candidaten aus dem
2247 3398 3276 3445 einfachen Grunde oft zu interpelliren, weil er von ihnen lernen
2247 3431 3277 3479 wolle. Nachdem er diese seine Passion zur offenbaren Belustigung
2248 3465 3277 3514 der Versammlung zur Kenntniß gebracht und das Thema mehrfach
2248 3497 3278 3548 gewendet varürt hatte, wird er vom Vice=Präsidenten darauf auf¬
2248 3535 3277 3585 merksam gemacht, daß seine Ausführungen von der Tagesordnung
2248 3569 3275 3617 sich entfernen. Es handle sich jetzt um die Wahl eines Agitations¬
2248 3601 3280 3651 Comités Hierauf ergreift mit unverkennbarer Heftigkeit ein Herr
2248 3637 3279 3692 Heißler, aus dem Bezirke vor der Favoriten=Linie, das Wort:
2248 3672 3278 3721 „Wir brauchen gar kein Agitations=Comité; es ist ja bekannt, daß
2250 3705 3279 3755 die „Neue Freie Presse" ausgezeichnet für uns wirkt, indem sie den
2249 3741 3278 3789 Mann, den wir haben wollen, schmäht und zu verkleinern sucht.
2248 3775 3279 3822 Wir verlieren darum nichts, wenn wir zuwarten.“ Dies Argument,
2250 3811 3279 3858 unter normalen Verhältnissen weniger einleuchtend — hier leuchtet¬
2250 3845 3279 3891 es ein. Es wurde daher auch die Vertagung der Wahl des Agita¬
2250 3879 3280 3926 tions=Comités einstimmig acceptirt und bald darauf die Versamm¬
2251 3913 3228 3961 lung um 11½ Uhr geschlossen.
2336 3963 3279 4011 [Krankenbewegung.] Der Wiener Zeitung entnehmen wir
2252 3998 3279 4047 Folgendes: Die Civilspitäler Wiens zeigten vom 26. Juni bis
2250 4029 3280 4082 inclusive 2. Juli d. J. folgende Krankenbewegung: Vom 25. Juni
2252 4066 3280 4115 verblieben 3238 Individuen, bis 2. Juli kanten hinzu 842 Indi¬
2252 4101 3282 4149 viduen; es wurden sonach behandelt 4080 Individuen. Von
2253 4136 3280 4184 diesen wurden 747 entlassen, 89 starben und 3244 blieben in Be¬
2255 4171 3283 4219 handlung. Das Sterblichkeitsverhältniß berechnet sich hieraus mit
2254 4204 3281 4253 10.### Vercent des Abganges. In der abgelaufenen Woche sind in
2255 4239 3281 4288 ganz Wien 17 Fälle von Brechdurchfall zur amtlichen Kenntniß ge¬
2254 4275 3283 4322 kommen, von denen vier ein neugebautes Haus betrafen. — Die
2254 4307 3293 4355 Wiener Med. Wochenschrift bemerkt: „Im Laufe dieser Woche
2257 4342 3283 4390 sind in Wien einige Fälle von Brechruhr beobachtet worden. Bier
2256 4377 3281 4425 derselben ergaben sich fast gleichzeitig an einem Orte, und zwar in
2256 4410 3281 4459 einem großen, von Fremden aus den verschiedensten Ländern be¬
2255 4443 3282 4498 wohnten Hotel, die übrigen zeigten sich an verschiedenen Punkten
2257 4479 3283 4528 der Stadt. In Folge des Auftretens obiger vier Fälle wurden in
2256 4514 3283 4562 diesem Hotel alle Vorkehrungsmaßregeln, wie Sistirung der Auf¬
2256 4545 3282 4596 nahme, gründliche Desinfection und Isolirung der Erkrankten schleu¬
2256 4579 3283 4631 nigst durchgeführt, und hatten diese Maßregeln auch den Erfolg,
2257 4618 3283 4664 daß dortselbst keine neuen Fälle sich ereigneten. Auf solche ver¬
2258 4651 3284 4699 einzelte, in dieser Jahreszeit alljährlich vorkommende Fälle sind die
2256 4687 3284 4733 in auswärtigen Blättern tendenziös verbreiteten, allarmire###den
2257 4730 2600 4769 Gerüchte zu reduciren.“
2334 4773 3285 4823 [Gemeindewahl in Schwechat.] Am 4. d. fand
2258 4812 3284 4865 die Wahl des Gemeindevorstandes von Schwechat statt. Es wur¬
2258 4851 3284 4905 den gewählt: zum Bitrgermeister der Hausbesitzer Leopold
2259 4889 3286 4942 Berger, zu Gemeinderäthen der Kaufmann Franz Freitag,
2258 4921 3286 4980 Realitäten=Besitzer Anton Dreher, Notar Franz Schranzhofer,
2258 4959 3285 5020 Kaufmann Franz Ullrich, Apotheker Johann Beran und Haus¬
2258 5013 2632 5057 besitzer Lucas Hickmann.
392 3335 817 3410 Kleine Chronik.
844 3399 1089 3439 Wien, 5. Juli.
214 3446 1124 3503 [Hof= und Personal=Nachrichten.] Dem Nürnb.
162 3486 1126 3542 Corr. zufolge wird der König von Baiern nach den jetzt
111 3521 1125 3582 getroffenen Bestimmungen die Wiener Weltausstellung nicht be¬
112 3563 1127 3622 fuchen. — Minister Lasser ist gestern von Marienbad in Salz¬
90 3603 1126 3659 burg angekommen. — Aus Troppau telegraphirt man uns: Der
88 3639 1125 3699 Landespräsident Ritter v. Summer hat einen vierwöchentlichen
86 3678 1127 3738 Urlaub angetreten und ist sammt Familie nach Wien abgereist.
87 3716 1127 3776 Statthaltereirath Ritter Stellwag übernimmt einstweilen die Lei¬
87 3758 672 3814 tung der schlesischen Landesregierung.
167 3811 1128 3870 [Tugendpreife.] Der Statthalter von Niederösterreich
90 3852 1130 3911 hat die Häckl v. Rosenstein'schen Stiftungsbeträge für tugend¬
89 3889 1130 3949 hafte Mädchen im Betrage von je 117 fl. für dieses Jahr nach
90 3928 1132 3987 den Bestimmungen des Stiftbriefes und mit Rücksicht auf die
548 3972 1131 4021 beigebrachten Zeugnisse der Ernestine Kasper, Statthalterei¬
673 4011 1132 4059 Ingenieurs=Assistentenwaise in der Pfarre St. Elisabeth, und
276 4052 1133 4105 der Maria Scholz, Handarbeiterin in der Pfarre zu Maria
92 4083 1133 4143 Treu in der Josephstadt, verliehen. Die Uebergabe der Stiftungs¬
90 4119 1134 4182 beträge hat am 24. Juni d. J. durch eine Statthalterei=Com¬
91 4161 1133 4221 mission in den obgenannten Pfarren in feierlicher Weise statt¬
91 4212 229 4250 gesunden.
97 4246 1136 4307 [Verein zur Wahrung der Menschenrechte.]
93 4285 1136 4341 Der Verein, der den vorstehenden Titel führt, hielt gestern Abends
91 4319 1134 4377 im Saale beim „grünen Jäger“ in Margarethen wieder eine Ver¬
92 4357 1137 4411 sammlung ab. Es ist wol begreiflich und entschuldbar, wenn man auch
92 4389 1137 4445 in Margarethen bei der herrschenden Hitze Menschenrechte zu wahren
289 4431 1137 4481 für kein „Los der Sehnsucht werth“ erachtet, und es ist darum auch
90 4457 1138 4514 erklärlich, daß sich gestern außer den unermüdlichen Kämpfern für
91 4491 1139 4547 der Menschen Rechte, den Herren Umlauft und Stendel, nur
90 4525 1140 4589 ein kleines Häuflein ihrer Jünger, die auch in diesen heißen Zeiten
162 4559 1139 4622 das erhebende Wort ihrer Meister nicht missen und aus dem uner¬
91 4595 1143 4654 schöpflichen Born ihrer Weisheit Kühlung schöpfen wollten, einge¬
90 4629 1141 4686 funden hatte. Der Präsident, Gemeinderath Umlauft, e###öffne###e
91 4664 1139 4721 die Versammlung um 9 Uhr und ließ ganz ordnungsmäß ig d###
91 4699 1140 4754 Protocoll der letzten Sitzung des Vereines verlesen. Außer der That¬
92 4733 1026 4769 sache, daß Herr Umlauft in dieser Sitzung vor dem conser### tiven
90 4756 1148 4816 Wahlcomité „warnte“ und Herr Professor Held einen Vortrag über
94 4814 1048 4856 die Wohnungsnoth hielt, worin er, wie das Protocoll mitt heilt,
93 4834 1145 4892 die Wohnungsnoth als Folge der Wohnungstheuerung und der
93 4870 1146 4926 Weltausstellung erklärt und bedauect, daß die Hoffnungen, die er
93 4902 1146 4958 und die „Demokraten“ auf die Börsenkrise gesetzt, vernichtet wor###en
94 4938 1147 4991 seien, enthielt das Protocoll für uns nichts Interessantes. ###
93 4973 1103 5027 wurde nach der Genehmigung des Protocolles zur Tagesor###
94 5007 1146 5065 nung geschritten. Ruch einem Vortrage des Schuldirectors Erns###
92 5041 1122 5093 über die Bedeutung und Einrichtung der Kindergärten ergreift
1169 3310 2205 3357 Gemeinderath Umlauft das Wort, um die Besprechung der
1167 3344 2205 3393 Wahl=Angelegenheiten einzuleiten. Es sei seit dem bedeutungsvollen
1170 3376 2206 3428 Ereignisse, der Versammlung der demokratischen Gesellschaft beim
1170 3410 2206 3461 „Schwender“, nichts Großes vorgefallen. Dieses Ereigniß habe
1169 3447 2205 3495 darum eine so hervorragende Wichtigkeit, weil an jenem Tage die
1169 3482 2206 3531 Lehrer zur Fahne der Demokratie übergetreten seien. „Mit fliegenden
1171 3515 2205 3565 Fahnen und klingendem Spiele sind sie in unsere Reihen eingetre¬
1170 3548 2206 3599 ten; denn nur bei uns können sie hoffen, jene Freiheit zu finden,
1171 3582 2205 3633 deren der Lehrer bedarf. Wir waren es ja immer, welche die
1171 3616 2206 3668 Schule frei zu machen suchten; und auch heute wollen wir dieses
1170 3652 2206 3702 Princip bei dem Wahlkampfe vortragen, es wird uns die Herzen
1170 3686 2208 3734 aller Eltern und namentlich der Mütter gewinnen. In unseren
1170 3721 2207 3771 Wahl=Agitationen sind wir sehr rührig; die demokratische Gesellschaft
1172 3754 2208 3806 hält reichliche und reifliche Sitzungen. Sie werden bald von einem
1170 3790 2208 3841 vollbrachten Werke hören, das heute noch unvollendet ist, und dann
1172 3822 2209 3875 wollen wir sehen, ob es begründet ist, wenn man uns vorwirft,
1172 3859 2209 3908 daß wir blos Schreihälse sind und nichts zu thun vermögen.“ (Leb¬
1173 3892 2208 3943 hafter Beifall.) — Ein Herr Faschinski eröffnet nun der Ver¬
1174 3926 2209 3978 sammlung, daß gestern in der Versammlung des vom Vereine ge¬
1173 3960 2208 4011 wählten Wahlcomites einstimmig beschlossen wurde, für den IV. Be¬
1174 3994 2210 4048 zirk die Candidatur des langjährig bewährten Volksmannes, des
1175 4030 2212 4081 Herrn Gemeinderathes Umlaust, offieiell aufzustellen, und daß Herr
1176 4062 2209 4115 Umlauft diesen Antrag im Bewußtsein seiner Verantwortlichkeit
1177 4099 2212 4150 auch angenommen habe. Es möge sich nun auch der Verein als
1178 4134 2210 4186 solcher für diese Candidatur aussprechen. — Ein Herr Heißler
1179 4168 2211 4219 kennt Herrn Umlauft seit dem Jahre 1848 als ehrenwerthen Mann,
1179 4203 2212 4253 der nichts wolle als das Volkswohl. Sämmtliche (?) Wähler vor
1180 4238 2211 4289 der Favoriten=Linie hätten darum ihr Wort mit Handschlag ver¬
1179 4272 2211 4324 pfändet, für Umlauft einzutreten. Gerührt nimmt nun der offi¬
1182 4307 2211 4354 cielle Candidat Umlauft das Wort. Er sagt: „Meine Herren!
1183 4338 2213 4390 Sie können überzeugt sein, daß dieser Moment für mich ein äußerst
1181 4375 2213 4427 wichtiger ist. Ich will Ihnen keine Candidatenrede halten; es
1182 4406 2214 4458 wäre eine Beleidigung für Sie, wollte ich annehmen, daß Sie meinem
1181 4444 2213 4492 Lebenswandel nicht schon seit lange mit Aufmerksamkeit gefolgt seien.
1184 4478 2214 4527 Seit dem Jahre 1848 bin ich der Fahne der Demokratie treu ge¬
1184 4512 2215 4562 blieben, das kann ich Ihnen mit Handschlag versichern. Es sind
1184 4546 2214 4597 aber Zweifel an meiner Gesinnung aus Kreisen laut geworden, die
1185 4582 2214 4629 aber nur das verleumden, was sie nicht schlechter machen können.
1185 4615 2223 4666 Darum muß ich Ihnen vorlesen, was Hanns Kudlich über mich
1186 4649 2216 4702 sagt.“ Und Kudlich sagt nun freilich, Umlauft, sei sich seit 1848
1185 4683 2216 4735 consequent geblieben; darum glaubt Herr Umlauft nichts weiter sagen
1185 4717 2216 4770 zu müssen und tritt unter lebhaftem Beifall ab. Seine Candidatur
1187 4753 2213 4803 wird hierauf einstimmig als die des Vereines anerkannt. Herr Um¬
1185 4784 2215 4837 lauft dankt und empfiehlt sich zugleich vorsorglich für künftige Zeiten
1188 4822 2217 4870 als Candidaten für den fünften Bezirk. „Wenn Sie, meine Herren,
1188 4855 2216 4907 mich einmal wählen werden, so werde ich auch Ihnen in dem höchsten
1189 4890 2216 4942 Vertretungskörper des Reiches meine Dienste zur Verfügung stellen.“
1190 4924 2216 4973 Den dritten Punkt der Tagesordnung, die Wahl eines „Aschitations=
1190 4958 2215 5007 Comités“, wie der Herr Vice=Präsident des Vereins zur Wahrung
1190 4993 2205 5043 der Menschenrechte mit bewunderungswürdiger puritanischer Con¬
1160 5024 2218 5079 secuem sagte, will Herr Umlauft bei dem geringen Besuche der
