3488 5345
150 191 337 230 Nr. 11085
777 197 1046 242 Wien, Samstag
1387 201 1854 242 Neue Freie Pre
2343 211 2565 250 6. Juli 1895
3091 217 3244 253 Seite 15
112 265 1154 435 Curort Mittewald
424 441 831 482 (697 Meter Seehöhe).
181 487 1148 530 In der waldreichſten Gegend Kärntens am Fuße des Dobratſch (berühmt durch
104 513 1150 556 ſeine unübertroffene Fernſicht), eine Fahrſtunde von Villach, 40 Gehminuten von der
102 538 1149 583 Eiſenbahnſtation Gummern⸗Mittewald der k. k. priv. Südbahn, 10½ Stunden
103 565 1147 610 Fahrzeit von Wien, 11½ Stunden von München, 12 Stunden von Budapeſt entfernt
104 590 1147 633 und auf der directen Route nach Venedig (gegenwärtig dort die I. internationale
102 615 1146 661 Kunſtausſtellung, ab Villach 4,25 Nachm., an Venedig 11.05 Abends, ab Venedig
103 641 1146 686 2,20 Nachm., an Villach 8.58 Abends) gelegen. Umgeben von wohlgepflegten Park⸗
103 668 1146 713 anlagen und ausgedehnten Nadelholzwaldungen, bietet Mittewald von Mai bis
101 693 1147 736 October Kranken und Geſunden einen heilſamen und reizvollen Aufenthalt. Voll⸗
102 718 1146 763 ſtändig windgeſchützte Lage. Angenehmes mildes Höhenklima mit ozonreicher
102 743 1147 788 Waldluft. Die ſämmtlichen geſchmackvoll und architektoniſch ausgeführten Gebäude
100 770 1144 815 des Curortes haben den Anforderungen der Neuzeit, der Hygiene und Bequemlich⸗
102 796 1143 839 keit entſprechend und comfortabel eingerichtete heizbare Wohnzimmer (Centralheizung),
102 820 1135 867 elektriſches Licht, Telephon, Trinkwaſſerleitung in den Etagen. Reich ausge⸗
101 846 1143 893 ſtattete Speiſeſäle, Veranden, Leſe⸗, Converſations⸗ und Muſikſalons,
101 874 1142 916 Wandelbahn, Tennisplatz, Reſtaurationsgarten. Fichtenadel⸗, Mineral⸗
100 900 1142 942 und Moorſalzbäder in Porcelanwannen mit Douche und Güſſe⸗Vorrichtung. In
101 925 1136 966 der Sommer-Saison Curmusik. Terrain⸗Curwege nach Syſtem Prof.
99 949 1145 994 Dr. Oertel. K. k. Poſt⸗ und Telegraphen⸗Jahresſtation im Hotel. Omnibusdienſt
100 977 1144 1023 zwiſchen dem Curort und Villach, Knotenpunkt des fünfarmigen Eiſenbahnnetzes
99 1003 1145 1046 nach Wien, Budapeſt, Trieſt, Venedig, Tirol und dem Salzkammergute und der
100 1029 1143 1073 neueröffneten Gailthalbahn. Beſtes Standquartier für Beſuch der Kärntner Seen und
99 1055 1140 1099 für zahlreiche Berg⸗ und Hochtouren (Dobratſch, Großglockner, Mangart ꝛc.). Cur⸗
100 1081 1139 1122 ſtation der öſterreichiſchen Geſellſchaft vom Weißen Kreuze. Abſteighaus des deut⸗
100 1107 995 1153 ſchen Beamtenvereines und für Mitglieder alpiner Vereine. Pension.
178 1151 593 1186 Anfragen und Beſtellungen an die
320 1186 1106 1230 Baronin Lang'ſche Verwaltung Mittewald bei Villach.
285 1260 953 1301 In gleicher Verwaltung und in nächſter Nähe:
100 1302 1142 1381 Gaſthof „Mohren“, Bleiberg (922 Meter).
174 1379 1142 1423 Billiger Sommerfriſchplatz, berühmter Erzbau, unterirdiſche elektriſche Eiſen⸗
97 1406 1079 1450 bahn d. B. B. U., kath. u. evang. Kirchen.
175 1430 568 1475 Unterkunftshäuser
568 1430 1137 1475 des D. u. Oe. Alpenvereines am Dobratſch,
568 1452 1142 1496 2154 M. (hervorragendſter Ausſichtsberg der
92 1482 1141 1527 Oſtalpen), Fahr⸗ und Reitgelegenheit dorthin nach feſter Taxe, Unterkunftskarten
93 1510 647 1544 und beſte Aufſtiegſtation von Mittewald aus.
173 1538 533 1587 Jausenrestaurant
173 1585 451 1649 Waldschänke
553 1516 1144 1573 u. Ausſichtswarte Heiligengeiſt, Station für Ter⸗
550 1542 1141 1602 rain⸗, Milch⸗ u. Molken⸗Curen (eigene Maierei)
466 1570 1142 1627 mit Kegelbahn, Stallungen (Wagenſtandplatz) am Ein⸗
468 1597 673 1647 gang zum Park.
97 1645 1141 1698 Telegramm⸗Adreſſe: Verwaltung Mittewald bei Villach. 10795
96 1691 608 1737 Billige Lectüre für Reiſe und
208 1728 490 1768 Landaufenthalt.
122 1767 605 1801 Berthold Auerbach, Deutſche
95 1793 607 1829 illuſtr. Volksbücher, 3 Bde. M. 400 Illuſtr.,
95 1818 606 1857 eleg. geb. ſtatt fl. 6 nur fl. 2.70. —
96 1846 606 1878 Schwarzwälder Dorfgeschich-
95 1871 608 1904 ten. 10 Bde. in 5 hocheleg. Lwdbn. ſtatt
94 1897 608 1933 fl. 9 nur fl. 6.80 (antiqu.). — Ebers.
95 1924 605 1957 Romane, in eleg. Lwd. Homo sum
94 1946 605 1986 fl. 2.10. — Uarda, 3 Bde., fl. 6.30.
94 1972 554 2007 — Ein Wort (antiqu.) fl. 1.50.
94 1999 606 2036 Der Kaiſer, 3 Bde. (antiqu.) fl. 4.50.
93 2026 606 2061 — Fliegende Blätter (Münchner)
93 2051 605 2088 per Band nur fl. 1.50. — Schalk,
93 2077 606 2113 illuſtr. Witzblatt, geb. per Band nur
93 2104 604 2140 fl. 1.50. — Engelhorn's Roman⸗
93 2129 606 2164 bibliothek, geb. per Band 45 kr.;
92 2155 604 2191 antiqu. 30 kr. — Französische Ro-
92 2180 604 2216 mane, vorzügl. Autoren, per Band
92 2207 604 2240 36 kr. — Edition Garnier (illuſtr.,
148 2232 573 2267 neu fl. 3) per Band nur fl. 1.20.
659 1699 1102 1791 Nebenverdienst.
653 1789 1134 1823 Kaufleuten, Beamten, welche über freie
626 1816 1139 1850 Stunden verfügen können, iſt ein ebenſo
626 1842 1139 1876 ehrenwerther als höchſt lohnender Erwerb
626 1867 1139 1901 nachzuweiſen. Anfragen unter Chiffre
624 1894 1133 1923 T. W. 3223 befördert die Annonce⸗
625 1918 1130 1954 Exped. von Haaſenſtein & Vogler,
624 1945 1138 1977 Wien, I. 10814
184 2237 606 2289 Reisehandbücher (Baedeker,
88 2265 609 2316 Meyer, Wörl, Grieben ꝛc.) ſtets complet
92 2305 604 2346 auf Lager. Moderne Litera⸗
90 2334 593 2370 tur (deutſch u. franzöſ.) in größter Aus⸗
91 2362 602 2397 wahl ſofort nach Erſcheinen vorräthig.
92 2387 602 2419 Gilhofer & Ranschburg, Buch⸗
90 2411 602 2448 handlung und Antiquariat, I., Bogner⸗
91 2440 604 2481 gaſſe 2, Telephon 4520. 10782
658 1986 1138 2027 Kinderl. geb. Ehepaar ſucht
623 2020 1135 2061 Kind discr. Geburt ſofort zu
676 2070 1079 2183 adoptiren.
657 2184 1135 2222 Beanſprucht wird eine einm.
623 2215 1134 2256 Abfind.⸗Summe von fl. 2000.
658 2252 1135 2292 Off. unter S. 9088 haupt⸗
622 2287 1129 2335 poſtlagernd München. 10796
157 2485 554 2580 „Die Modiſtin“,
89 2588 606 2624 Geſchäftlicher Rathgeber für die
264 2617 435 2648 Putzbranche,
115 2650 567 2683 Berlin SW. 19, Beuthstr. 10,
87 2684 602 2720 ſucht geeigneten Vertreter für Abonnements
87 2708 601 2743 und Inſerate, ſowie Berichterſtatter für
165 2736 600 2772 alle Zweige der Putzinduſtrie. 10756
156 2776 536 2864 Das Wetter
62 2784 112 2858 10642
86 2868 600 2901 der Monate Juli—December d. J. erſieht
86 2893 600 2928 man ſchnell und richtig aus Falb's
85 2919 600 2956 Wetterprognoſen und Kalender der
84 2947 597 2981 krit. Tage. Preis 60 kr., mit Poſt 65 kr.
85 2972 594 3008 R. Lechner (Wilh. Müller), k. u. k.
84 2997 601 3036 Hof⸗ u. Univ.⸗Buchh., Wien, Graben 31.
202 3069 481 3100 Der homöopathiſche
125 3103 600 3169 Selbstarzt
115 3164 581 3202 (9. Aufl. 1894) für geheime Krankheiten,
117 3190 579 3223 Nervenſchwäche und Frauenleiden,
118 3211 579 3249 populär gehalten, mit Angabe der ent⸗
116 3239 579 3276 ſprechenden Medicamente u. Diätvor⸗
117 3266 578 3302 ſchriften. Preis fl. 1.20, per Poſt in
181 3288 578 3326 Couvert discret fl. 1.40. 10460
118 3315 597 3364 Erſte homöopath. Ordinations⸗
138 3353 597 3388 Anſtalt, Wien, I., Freiung 1.
167 3427 509 3458 Gesucht wird ein junger
74 3564 591 3623 (Chriſt) mit ſchöner Handſchrift, guter
77 3591 590 3648 Correspondent u. im Buchfach bewandert.
104 3650 593 3683 Anträge mit Angabe von Referenzen
79 3676 592 3709 unter „Comptoirist M. G.“ an das
78 3702 593 3733 Ank.⸗Bur. d. Bl. 10812
1672 3695 2189 3771 Geprüfter Maſchinenwärter,
1753 3719 2190 3775 der zugleich Maschinenschlosser und
1672 3745 2194 3802 Keſſelheizer iſt, wünſcht einen Poſten. Adreſſe
1673 3772 2191 3829 im Ank.=Bur. d. Bl. 43767—3
117 3765 553 3825 Agentur Hamburg.
2740 3762 3258 3820 Clavier⸗Gelegenheitskäufe!
2809 3790 3259 3846 Bösendorfer Concertflügel u. einige
2736 3815 3259 3874 kreuzſaitige Mignonflügel ſind ganz be⸗
2737 3841 3255 3899 ſonders billig zu verkaufen. Saphir,
2740 3868 3256 3923 Praterſtraße 23. 44372—5
124 3801 573 3858 Leiſtungsfähige Fabrik vorge⸗
100 3829 570 3887 zeichneter Stickereien ſucht tüch⸗
101 3882 564 3911 tigen Vertreter mit nur Prima⸗
132 3906 565 3936 Referenzen.  10792
131 3931 564 3963 Offerten erbeten unter Z. 7854
131 3956 505 3989 an Heinr. Eisler, Hamburg.
1797 303 2657 462 Kleine Anzeigen.
2763 313 3245 348 Nicht recommandirte Chiffrebriefe wer⸗
2760 339 3245 373 den übernommen und gegen Vorweiſung
2761 365 3244 398 des Inſeratenſcheines ausgefolgt, Aus⸗
2760 388 3242 424 künfte werden von 8 bis 6 Uhr ertheilt.
2785 416 3216 449 Inſerate werden auf Wunſch verfaßt.
1793 525 2123 583 Stellen-Geſuche.
1697 601 2213 645 Die Stellenvermittlungs⸗Ab⸗
1698 630 2213 668 theilung des Wiener Kaufm. Vereines,
1699 654 2212 694 l., Johannesgaſſe 4, 1. Stock, empfiehlt ſich
1698 684 2212 719 den geehrten Chefs Wiens und der Provinz
1698 712 2212 746 zurunentgeltl. Beſetzung von Poſten 43218⸗3
1690 742 2210 799 Junger Maſchinentechniker.
1696 778 2213 826 in größten Maſchinen⸗
1698 817 2213 860 Fabriken Böhmens thätig ge⸗
1697 854 2211 895 weſen, zuletzt in Deutſchland,
1697 888 2210 928 ſucht Anſtellung in einer Ma⸗
1696 922 2209 963 ſchinenfabrik oder in einem
1698 957 2209 998 gr. Geſchäfte von techniſchen
1695 992 2210 1032 Artikeln. Anträge unter
1696 1026 2210 1067 „Maschinen-Techniker
1696 1060 2208 1097 Nr. 774“ an das Ank.⸗Bur.
1697 1096 2209 1134 d. Blattes. 44427-3
2234 528 2748 576 Eine gebildete, ſprachenkund.
2307 564 2749 596 Tochter aus guter Familie wünſcht
2234 589 2747 621 Stelle als Geſellſchafterin, event. als
2233 614 2745 649 Pflegerin von kranken Mädchen oder Frl.
2233 641 2748 674 Kleine Gehaltsanſprüche. Unter M. K. 37
2233 668 2746 696 an das Ank.⸗Bur. d. Bl. 44171-3
1693 1142 2208 1209 Ein Maſchinen⸗Techniker mit
1768 1176 2209 1209 4jähriger Werkſtatt⸗ und 8jähriger
1695 1202 2207 1235 Bureaupraxis im allgem. Maſchinenbau,
1694 1227 2209 1260 Specialiſt für Turbinen u. Waſſerräder
1694 1252 2208 1287 wünſcht Stellung zu verändern. Gefl. Off.
1693 1279 2203 1308 unter A. B. Z. 1001 an das Ankünd.⸗
1693 1306 2203 1335 Bur. d. Bl. 44423—3
1164 1405 1673 1479 Concipient, J. U. Dr. mit
1232 1428 1678 1483 einiger Praxis, wird für eine grö⸗
1160 1476 1674 1508 ßere Kanzlei in einer größeren Stadt
1159 1501 1671 1534 Deutſchböhmens per 15. Juli auſgenommen.
1158 1527 1673 1561 Offerten mit Gehaltsanſprüchen unter
1159 1553 1672 1585 „Substitionsfähig“ an das Ank.⸗
1161 1580 1672 1608 Bur d. Bl. 44315—2
1159 1619 1673 1664 Junger Comptoiriſt mit ſehr
1231 1628 1672 1688 hübſcher Schrift, guter Stenograph,
1157 1656 1671 1710 per ſofort geſucht. Unter A. L. 444 an
1158 1681 1673 1736 das Ank.=Bureau d. Bl. 44031—2
1689 1582 2193 1623 Vor⸗ oder Nachmittagsbe⸗
1690 1616 2205 1649 ſchäftigung ſucht bilanzt. Buchhalter
1691 1642 2198 1674 und ſprachenkund Correſpondent. Anträge
1691 1663 2198 1697 unter „Bescheiden 5“ an das Ank.⸗
1691 1694 2204 1723 Bur. d. Blattes. 44308—3
1157 1742 1671 1783 Geſucht Comptoiriſt f. tech⸗
1158 1773 1670 1810 niſches Bureau, guter Gehalt; jun⸗
1158 1802 1670 1837 ger Mann, guter Rechner, für Confect.;
1157 1828 1672 1862 Kutſcher z. leicht. Zeug in Geſchäftshaus;
1158 1854 1670 1887 Parker, gelernt. Tiſchler, f. Exportgeſchäft;
1158 1879 1671 1914 2 Hausknechte für Spezereigeſch. Inſt.
1156 1907 1671 1940 North, l., Naglergaſſe 21. 44371—2
1155 1954 1496 1993 Comptoiriſt, ſerb. Sprache
1226 1989 1671 2019 (Cyrillſchrift), ſchöne Schrift, ferner
1155 2013 1669 2047 junger Comptoiriſt, Stenograph, ſchöne
1155 2040 1669 2073 Schrift, geſucht. Offerten an Em. Pola⸗
1157 2065 1663 2099 cek, VI., Dürergaſſe 22. 44384—2
1153 2104 1664 2144 Comptoiriſt mit ſchöner Hand⸗
1152 2133 1664 2171 ſchrift wird für das Comptoir einer
1155 2164 1670 2198 großen Fabriks⸗Niederlage auſgenommen.
1154 2189 1663 2224 Offerten mit Angabe der bisherigen Thätig⸗
1152 2215 1669 2247 keit und Gehaltsanſprüche unter C. A. 100
1154 2242 1666 2271 an das Ank.⸗Bur. d. Bl. 44413—2
623 2335 1135 2400 Nordseebad Norderney.
706 2397 1053 2433 Hotel Falk.
621 2444 1126 2479 Renommirtes Familienhotel. Mäßige Preiſe
800 2512 1110 2561 Dampf- 10824
653 2565 1104 2635 Molkerei - Einrichtung,
646 2636 1108 2671 circa 1 Jahr in Betrieb geſtanden, iſt
646 2664 1106 2696 Familienverhältniſſe halber um den
646 2690 1106 2722 halben Anſchaffungspreis abzugeben.
644 2716 1105 2748 Offerten ſind unter Chiffre D. M. X.
646 2742 1106 2774 an das Ank.⸗Bur. d. Bl. zu richten.
620 2807 1130 2908 Meidinger Oefen
795 2910 1127 2964 Regulir-Füllöfen
643 2967 1109 3032 Centralheizungen
638 3016 1116 3121 Ventilationen
893 3106 1127 3160 Spar- 10446
796 3179 1126 3235 Koch-Herde
614 3269 1128 3319 ALEXANDER HERZOG,
670 3332 1066 3389 Wien, VII/3, Neustiftgasse 78.
614 3389 1126 3421 Illuſtrirte Preisliſten gratis u. franco
603 3460 1127 3592 Dr. A. Policzer
612 3580 1118 3616 Specialarzt für geheime und Haut-
611 3605 1122 3638 Krankheiten, Nervenſchwäche und
611 3632 1125 3666 Frauenleiden. Ordin. täglich von 9 bis
644 3657 1085 3689 5 Uhr in ſeiner Ordinationsanſtalt:
614 3683 1117 3715 Wien, I., Kärntnerstrasse 13.
669 3754 1072 3822 Tafel⸗Aprikoſen
610 3798 1122 3858 oder Marillen 5 Kilo fl. 2; für Marmelade
607 3828 1125 3884 5 Kilo fl. 1.80; Zucker⸗Marillen für Dunſt
609 3876 1122 3909 5 Kilo fl. 1 50; gemiſcht für Marmelade
609 3902 1121 3935 und Dunſt 5 Kilo fl. 1.65 verſendet ſpeſen⸗
608 3929 1120 3962 frei gegen Voreinſendung oder Poſtnach⸗
609 3956 1119 3988 nahme J. Suttner in Görz, Küſtenland.
612 4041 1117 4112 Dr. S. Réti
2729 4068 3252 4122 Compl. Heiratsausſtattung,
2787 4090 3252 4149 Schlaf=, Speisezimmer und Salon, um
2730 4113 3255 4177 460 fl. Stadt, Stephansplatz Nr. 2,
2733 4143 3256 4199 Mezzanin. 44395—5
608 4121 1118 4155 Specialarzt für Nervenſchwäche, geheime
606 4146 1118 4179 u. Frauen⸗Krankheiten. Täglich von 9 bis
634 4174 1118 4204 5 u. 7 bis 8 Uhr. Auch brieflich. Honorar
606 4198 1117 4232 mäßig. I. Bez., Bauernmarkt 14,
693 4227 1120 4259 nächſt dem Stephansplatze. 10562
671 4307 1047 4351 Einsiede-Obst!
630 4355 1115 4388 Einen 5⸗Kilo⸗Korb Herzkirſchen, einen
603 4381 1116 4413 5⸗Kilo⸗Korb Stachelbeeren oder Ribis,
605 4407 1116 4438 1 fl. 50 kr., verſendet portofrei Wilhelm
604 4430 1115 4467 Jelinek, Weinbergbeſitzer in Böſing,
603 4457 1117 4490 Ungarn. 10616
640 4497 1115 4538 Erbtheilungshalber wird ein
605 4533 1030 4572 werthvolles landtäfliches
671 4577 1053 4722 GUT
602 4719 1111 4761 in Böhmen, Eilzugsſtation,
602 4754 1113 4795 1½ Stunden von Prag, 5 Stunden
603 4788 1111 4832 von Wien entfernt, mit 216 Joch
601 4823 1111 4866 nur Aecker (Zuckerrübenböden),
603 4857 1110 4900 Wieſen, Teiche, um 110,000 fl.
601 4891 1112 4935 verkauft. Fundus und Vieh ſeparat
601 4926 1110 4974 abzulöſen. Hübſches Herrenhaus,
601 4961 1111 5004 Maierhof mit gewölbten Stallungen,
602 4994 1111 5038 Alles in gutem Stand. Wirthſchaft
601 5030 1109 5074 in rationellſter Eigenregie, reich
601 5064 1111 5107 inſtruirt. Nur an Käufer direct
601 5094 1108 5140 ertheilt Auskunft Richard
602 5133 1111 5178 Patz, Wien, IV/1, Marga⸗
601 5168 1109 5214 rethenſtraße 12. 10748
1214 294 1700 331 Die „Kleinen Anzeige“ können mit und
1213 329 1699 357 ohne Adreſſe erſcheinen, und wird Aus⸗
1212 354 1695 385 kunft von uns in unſerem Ankündigungs⸗
1213 379 1695 414 Bureau, Wollzeile Nr. 20, unentgeltlich
1273 406 1635 438 mündlich oder brieflich ertheilt.
1268 521 1582 578 Offene Stellen.
1165 595 1680 635 Die Stellenvermittlungs⸗Ab⸗
1231 627 1680 663 theilung des Wiener kaufmän⸗
1165 652 1682 688 niſchen Vereins. I., Johannesgaſſe 4,
1165 677 1680 715 verfügt jederzeit über eine große Anzahl
1164 704 1680 739 vacanter Poſten aller Kategorien. Bisher
1167 732 1678 762 über 7000 Bewerber placirt. 43219—2
1152 2281 1667 2326 Tüchtiger Manipulant aus
1154 2309 1663 2350 der Schuhbranche, welcher dieſe Stel⸗
1154 2341 1663 2375 lung nachweisbar in größeren Schuh⸗Fa⸗
1154 2367 1666 2400 briken oder Schuh⸗Exporthäuſern bekleidete
1153 2392 1666 2423 und mit der Expedition vollkommen ver⸗
1153 2418 1665 2451 traut iſt, wird für ein größeres Schuh⸗
1154 2444 1663 2477 waaren⸗Exportgeſchäft ſofort acceptirt.
1153 2470 1663 2503 Offerten unter Chiffre P. L. 100 an das
1151 2496 1665 2529 Ank.⸗Bur. d. Bl. zu richten. 44317—2
1152 2542 1666 2585 Ein tüchtiger Commis, der
1225 2578 1665 2611 bereits in einer Wäſchefabrik ſervirte,
1152 2603 1664 2634 wird ſofort aufgenommen bei M. F.
1152 2629 1664 2664 Rainer & Co., Wien, I., Salzgries
1150 2655 1666 2684 Nr. 16. 44401—2
1164 779 1679 824 Ingenieur für Maſchinen⸗
1151 2694 1663 2740 Für das techniſche Bureau
1237 813 1679 846 fach, tüchtiger Zeichner und Conſtruc⸗
1164 837 1677 871 teur, für Wien geſucht. Ausführl. Offerten
1164 863 1678 897 mit Gehaltsanſpruch per M. M. Nr. 70
1165 889 1678 919 an das Ank.⸗Bur. d. Bl. 43970—2
1153 2728 1664 2761 einer größeren Maſchinenfabrik wird
1151 2753 1663 2787 ein junger Mann, Gewerbeſchüler, fleißig
1152 2779 1663 2813 und willig, per ſofort geſucht, Uebung im
1149 2801 1663 2839 Stenographiren, ſowie gute Handſchrift
1150 2830 1663 2863 Bedingung. Schriftliche Offerten unter
1149 2856 1663 2890 Z. Z. Z. 25 an das Ank.⸗Bureau dieſes
1149 2883 1663 2913 Blattes. 44405—2
1215 930 1679 971 Buchhalter (Chriſt) für eine
83 3460 603 3592 Comptoiriſt
1209 960 1677 1000 Liqueurfabrik u. Importgeſchäft in
1160 988 1677 1023 Weinen für die Provinz zum Eintritt bis
1177 1014 1679 1048 15. September a. c. geſucht. Nur erſte
1163 1040 1677 1075 Kraft; jene mit Kenntniß der Branche wird
1162 1067 1677 1098 dauernd acceptirt. Offerten unter J. H.
1162 1093 1677 1122 A. 100 an das Ank.⸗Bur. d. Bl. 44067⸗2
116 4024 537 4146 Zur Leitung
1160 1132 1675 1178 Trieſter Kaffee⸗Importfirma
74 4157 588 4197 eines Unternehmens wird ein in
74 4192 588 4234 der Beleuchtungsbranche vollkom⸗
75 4227 264 4263 men verſirter
1163 1161 1676 1199 ſucht eingeführten, vertrauenswür⸗
1161 1191 1674 1222 digen Vertreter für Wien und Vororte.
115 4276 552 4344 Kaufmann
1160 1216 1688 1254 Offerten unter „Kaffee“ an M. Dukes,
1163 1220 1687 1279 Wien, I., Wollzeile 6. 44409—2
72 4356 585 4398 geſucht. Anträge unter R. R.
73 4390 585 4433 Nr. 1000 an Robert Weiß,
87 4425 585 4466 Journal⸗Expedition Wien, I.,
86 4458 585 4501 Wollzeile 15. 10848
117 4544 532 4628 Dr. Stein,
1159 1291 1678 1325 Routinirter Weinreiſender
92 4622 582 4655 gewes. Secundar⸗Arzt der Klinik u. Abth.
92 4645 582 4681 für geheime Krankheiten des k. k. allg.
70 4673 584 4708 Krankenhauſes, Specialarzt für geheime
71 4700 582 4733 Haut⸗ und Frauen⸗Krankheiten, Nerven⸗
70 4724 582 4758 ſchwäche. Ordinirt von 8 Uhr Vorm. bis
70 4751 582 4783 7 Uhr Abends in ſeiner Ordinations. An⸗
71 4776 579 4809 ſtalt, Wien, I., Wollzeile Nr. 16.
70 4803 582 4836 Briefl. Anfragen discret. 10430
122 4875 541 4920 Frisches Obst.
1160 1329 1672 1357 für Böhmen, Mähren ꝛc. geſucht.
1161 1350 1672 1383 Unter „Discretion“ an das Ank.⸗
1161 1378 1674 1406 Bur. d. Bl. 44345—2
95 4924 446 4952 5 Kilo Pfirſiche
94 4950 441 4982 5 „ Aprikoſen (Marillen)
93 4976 451 5008 5 „ Butterbirnen
94 5000 446 5033 5 „ Orangen
95 5027 449 5059 5 „ Paradeisäpfel
95 5053 449 5084 5 „ Gurken
94 5079 446 5110 5 „ Kopfkraut
66 5106 446 5137 100 „ „
481 4908 587 4960 fl. 3.60
486 4936 585 4987 „ 2.40
487 4963 586 5013 „ 2.70
482 4986 583 5039 „ 1.90
487 5015 584 5065 „ 1.40
483 5038 587 5093 „ 1.40
486 5065 586 5119 „ 1.20
484 5091 585 5146 „ 17.—
94 5138 587 5171 Alles franco gegen Nachnahme. Gio⸗
67 5166 457 5201 vanni Spanghero, Trieſt.
518 5176 583 5198 10768
1153 2921 1661 2968 Herr oder Dame zur Caſſa
1151 2956 1661 2993 mit kleiner Caution (hier), Commis
1147 2981 1660 3015 für Modewaaren u. Wäſche (hier) dringend
1147 3008 1656 3042 geſucht. I. Special⸗Bureau Mariahilfer⸗
1145 3033 1656 3065 ſtraße 8. 44368 - 2
2230 706 2746 770 Fräulein, Iſrael., mit mehr⸗
2303 740 2746 774 jähriger Praxis, dis zur VIII. Claſſe
2232 766 2744 798 unterrichtend, mit franz. Sprachkenntn.,
2230 791 2744 824 ſucht Stelle in einem Dorfe. Zuſchriften
2231 817 2744 849 erbeten unter „Erzieherin“ III. Bez.,
2230 843 2744 878 Obere Biaductgaſſe 26, Thür 17. 44273—3
2229 889 2744 956 Eine Dame, geborene Fran⸗
2304 924 2744 957 zöſin, ſucht Stelle als Geſellſchafterin,
2229 950 2743 983 Repräſentantin oder Erzieherin bei 1—2
2230 975 2743 1008 Kindern. Beſte Referenzen. Offerten an
2228 1001 2743 1034 Mlle. Marie de Lapotery, Darm⸗
2230 1028 2743 1059 ſtadt, Nieder⸗Ramſtädterſtr. 30. 44379—3
1700 1344 2208 1386 Stelle geſucht in der Stadt
1699 1374 2207 1410 oder am Lande als Buchhalter,
1699 1403 2207 1437 Caſſier, Correſpondent, wo in
1699 1429 2205 1462 freien Stunden nebſtbei Muſik⸗ und
1698 1456 2207 1489 Geſangs⸗Unterricht ertheilt werden
1696 1458 2206 1516 kann. Gefl. Offerten unter Chiffre
1693 1486 2209 1543 „Musiklehrer 306“ an das Ank.=
1695 1513 2211 1569 Bureau d. Bl. 44306—3
1688 1733 2205 1781 Für Buchhalter, bilanztüch⸗
1771 1763 2204 1807 tig, ſehr pedanter, ver⸗
1691 1802 2198 1843 läßlicher Arbeiter, wird ge⸗
1690 1837 2204 1879 eignete Stellung Per ſofort
1689 1871 2203 1912 in chriſtlichem Hauſe geſucht.
1688 1905 2202 1947 Beſte Empfehlungen. Unter
1691 1940 2202 1981 Chiffre R. J. W. 1000 an
1687 1974 2202 2013 das Ank.⸗Bur. d. Bl. 44323—3
1687 2022 2197 2067 Techniſcher Beamter, Ma⸗
1757 2056 2200 2088 terialverwalter, auch im Rechnungs⸗,
1688 2082 2200 2115 Caſſa⸗ und Adminiſtrativdienſte vollkom⸗
1687 2107 2201 2140 men verſirt, tüchtiger, flinker, verläßlicher
1685 2133 2200 2165 Arbeiter, mit beſten Zeugniſſen, ſucht Stel⸗
1686 2159 2200 2191 lung zu verändern. Anträge erbeten unter
1686 2184 2200 2216 B. K. 99 an das Ankünd.⸗Bar. dieſes
1685 2212 2200 2240 Blattes. 44166—3
1684 2251 2199 2295 Für Hotels, Reſtaurants od.
1685 2280 2199 2316 Caſés! Geſchäftsführer, jung,
1685 2310 2198 2344 tüchtig, mit Prima⸗Referenzen, ſucht Stelle
1684 2335 2196 2368 in Wien, öſterr. Provinz oder Deutſchland.
1683 2362 2196 2396 Anträge unter „Zukunft“ an die
1684 2385 2192 2421 Annoncen⸗Exped. M. Dukes, Wien, Woll⸗
1684 2414 2196 2446 zeile 6 . 44280—3
1685 2452 2197 2497 Junger, kaufmänniſch ge⸗
1683 2482 2194 2519 bildeter Mann, 27 Jahre, der deutſch
1683 2512 2197 2545 und böhm. Sprache mächtig, bittet um
1684 2538 2197 2570 Stelle als Comptoiriſt, event. Vertreter
1684 2563 2195 2596 oder Reiſender. Gefl. Anträge unter H.
1684 2589 2196 2619 196 an das Ank.⸗Bur. d. Bl. 44196—3
1792 2640 2195 2678 Ein junger Mann, der in
1710 2671 2192 2704 einem der erſten Hamburger Fabriks⸗
1710 2698 2192 2729 geſchäfte als Incaſſator lange Jahre mit
1682 2723 2194 2754 Erfolg thätig war, mit dem deutſchen
1682 2748 2155 2780 und öſterreichiſchen Rechte hinlänglich ver⸗
1682 2774 2141 2805 traut iſt, ſowie in der Buchhaltung er⸗
1681 2799 2155 2832 fahren, ſucht, geſtützt auf Prima⸗Referenzen,
1682 2825 2194 2858 ähnliche Stellung am hieſigen Platz. An⸗
1681 2851 2192 2884 träge unter A. W. 56 an das Ank⸗Bur.
1679 2878 2194 2906 d. Blattes. 43756—3
2227 1067 2739 1132 Gepr. Lehrerin, Franzöſ.
2309 1101 2741 1134 (Paris), Engl. (London), 10jähr.
2228 1126 2741 1160 Praxis, vorz. Zeug., ſ. Sommerſt. F. K.,
2228 1151 2743 1186 Berlin, Friedrichſtraße Nr. 224, 4. Etage
2228 1179 2742 1207 links. 44424—3
2766 525 3288 598 Doctorand der Medicin, Abi⸗
2822 547 3284 603 turient des k. k. Franz⸗Joſephs⸗Gymn.
2856 606 3282 626 in Wien, der 5 Jahre in einem vornehmen
2767 616 3283 653 Wiener Hauſe thätig geweſen, mit ausge⸗
2766 645 3284 678 zeichneten Referenzen, ſucht Correpetitor⸗
2766 671 3282 704 ſtelle in Wien oder Umgebung. Gefl. An⸗
2765 697 3281 730 träge unter „Streng und gewissen-
2764 723 3281 752 haft 4035“ an das Ankünd.⸗Bureau d.
2765 749 3282 790 Blattes. 44388—4
2762 787 3282 833 Univerſitätshörer, der ſchon
2764 818 3281 855 ſeit mehreren Jahren in ſeinen Wiener
2763 847 3281 882 Häuſern mit nachweisbar glänzendem
2763 873 3282 907 Erfolge unterrichtet, ſucht Lectionen für
2763 899 3280 932 Wien und Umgebung. Adreſſe: Zeller⸗
2763 924 3280 958 mayer, IX., Hahngaſſe Nr. 34, 3. St.,
2762 951 3280 993 Th. 21. 44341—4
2763 990 3279 1031 In Baden und Umgebung
2761 1020 3280 1057 unterrichtet Dr. phil. gründl. in allen
2762 1049 3279 1084 Fächern (auch Franz., Engl. und Hebr.).
2761 1076 3279 1109 Honorar mäßig. Unter „Dr. phil. 438“
2762 1101 3277 1131 an das Ank.-Bur. d. Bl. 44438—4
2761 1141 3279 1182 Ferial⸗Unterricht für Mittel⸗
2763 1170 3279 1209 ſchüler durch tüchtige Fachleute bei
2761 1201 3276 1233 Prof. Klein, Praterſtraße 56. 44301—4
2764 1226 3283 1282 Handelsakademikern tüchtige
2839 1253 3283 1308 Nachhilfe von ausgezeichneten Absol⸗
2761 1276 3280 1335 venten der Anſtalt. Unter „Vorzügl.
2761 1302 3286 1362 Referenzen 19“ an das Ankündig.=
2756 1327 3280 1386 Bureau d. Bl. 44319—4
2762 1376 3274 1431 Gegen Verpflegung auf dem
2840 1401 3276 1459 Lande möchte ein vorzüglich quali⸗
2762 1451 3274 1484 ficirter Student Volks⸗ und Mittelſchülern
2226 1217 2741 1262 Erzieherin, Deutſche, welche
2303 1252 2742 1284 im Franzöſiſchen, Engl. u. in Clavier
2228 1277 2740 1309 unterrichtet, ſucht ſofort Stelle. Offerten
2257 1303 2742 1336 unt. „Erzieherin“, Mariahilf, Brauer⸗
2254 1330 2741 1362 gaſſe 4, 1. Stock, Th. 6. 44159—3
2225 1366 2740 1408 Kindergärtnerin, welche ein
2225 1397 2740 1434 wenig Ungariſch ſpricht, ſucht Stelle.
2227 1407 2739 1460 Hermine M., VIII., Piaristengasse 23,
2225 1454 2740 1487 2. St., Th. 23. 44169—3
2225 1501 2739 1550 Erzieherin, Iſraelitin, Nord⸗
2223 1531 2740 1577 deutſche, geprüfte Lehrerin
2225 1571 2738 1612 mit vorzüglichen Zeugniſſen,
2223 1604 2737 1645 tüchtig in Sprachen, Muſik,
2223 1639 2738 1681 Handarbeiten, empfiehlt Frau
2223 1674 2739 1715 Sophie Schreiber, Prater⸗
2224 1708 2737 1749 ſtraße 41, Teleph. 655. 44389—3
2760 1477 3274 1509 Unterricht ertheilen. Unter „Schule 56“
2759 1503 3275 1544 an das Ank.⸗Bur. d. Bl. 44256—4
2757 1541 3275 1582 Realſchüler (VII.) bereitet für
2761 1570 3272 1609 Nachtrags⸗ und Aufnahmsprüfungen
2757 1602 3274 1638 vor; übernimmt auch Hofmeiſterſtelle auf
2757 1627 3273 1660 dem Lande. Gefällige Zuſchriften erbeken
2759 1653 3274 1686 an M. Burger, IX., Porcelangaſſe
2757 1680 3274 1709 Nr. 60. 44312—4
2222 1755 2738 1798 Geprüfte Erzieherin, perfect
2221 1785 2737 1822 in Sprachen, gut muſikaliſch; Gou⸗
2222 1816 2737 1850 vernante française, muſikaliſch, Pa⸗
2221 1841 2732 1875 riſerin, empfiehlt Mme. Weil, Fleiſch⸗
2222 1868 2731 1900 markt 7, Telephon 5343. 44340—3
2221 1901 2737 1954 Junge Pariſerin, heiter und
2220 1935 2736 1974 geſprächig, ſehr geſchickten allen Hand⸗
2221 1966 2736 1998 arbeiten, empf. auch für Sommer⸗Engage⸗
2220 1991 2734 2025 ment Inſtitut Janda, Annagaſſe 1,
2220 2019 2735 2051 Ecke Kärntnerſtraße. 44329—3
2757 1718 3271 1765 Buchhaltung (Pauſchalbetrag
2824 1753 3270 1785 fl. 12), Stenographie, Correſpondenz,
2757 1778 3270 1811 kaufmänniſches Rechnen, Kalligraphie ꝛc.,
2756 1803 3271 1838 gründliche Ausbildung zum ſelbſtſtändigen
2755 1830 3272 1863 perfecten Buchhalter garantirt. Nachweisbare
2756 1855 3271 1889 ausgezeichnete Referenzen. Unterrichts⸗
2756 1881 3270 1915 Bureau für Herren und Damen, beſtehend
2759 1884 3274 1942 ſeit 1878. Handelsfach⸗Lehrer Victor
2756 1911 3272 1967 Deutsch, Bauernmarkt 3. 44324—4
2218 2056 2734 2123 Kinderfrau und Bonnen, gut
2288 2092 2734 2125 empfohlen, ſind in großer Auswahl
2215 2094 2736 2154 im Inſtitut Wieden, Hauptſtraße Nr. 39,
2219 2122 2735 2177 1 Stock. 44378—3
2217 2181 2730 2248 Eine Frau ſucht Stelle als
2306 2216 2724 2253 Kindsfrau zu größeren Kindern.
2218 2217 2735 2277 XIII. Bez., Hietzing, Fenzelgasse Nr. 29,
2218 2245 2734 2300 Thür 1. 44355—3
2217 2306 2729 2347 Beſſeres Stubenmädchen
2295 2341 2732 2374 ginge wegen Abreiſe ihrer Herrſchaft
2217 2366 2729 2398 1 Monat als Aushilfe, auch auswärts. Ge⸗
2217 2392 2728 2425 ehrte Zuſchriften erbeten bis 10. d. M.
2217 2418 2729 2452 unter B., Meidling, Rothe Mühlgaſſe 12,
2215 2444 2731 2477 Thür 1. 44276—3
2215 2483 2727 2526 Einfaches Stubenmädchen
2214 2513 2730 2553 bittet um Stelle, auch für Alles, in
2216 2544 2730 2577 beſſeres Haus. III., Blattgaſſe 11, Haus⸗
2215 2570 2730 2608 beſorger. 44150—3
2214 2607 2717 2649 Beſſere Köchin mit Jahres⸗
2292 2643 2729 2674 zeugniß bittet um Stelle. L. P.,
2213 2667 2714 2701 XIX., Gatterburggaſſe 15, 1. Stock, Thür
2219 2672 2730 2727 Nr. 5. 44295—3
2213 2732 2726 2799 Eine Köchin ſucht Stelle für
2290 2768 2715 2799 Alles zu 2 Perſonen. XIII., Hietzing,
2214 2793 2483 2823 Fenzelgaſſe 29, Thür 1. 44354—3
2213 2832 2728 2874 Gute Bürgersköchin ſucht
2213 2861 2728 2899 Stelle aufs Land. Himmelpfortgaſſe
1144 3074 1659 3139 Engagement findet in einer
1226 3108 1660 3151 Wechſelſtube ein gut em⸗
1148 3141 1659 3184 pfohlener junger Mann, der
1144 3176 1661 3218 neben Buchhaltung u. Corre⸗
1145 3211 1659 3254 ſpondenz entſprechende Fach⸗
1143 3246 1659 3287 kenntniſſe beſitzt. Offerten unter
1145 3279 1659 3323 G. K. 504 an M. Dukes,
1144 3314 1659 3358 Annoncen⸗Expedition, Wien,
1145 3348 1658 3390 Wollzeile 6. 44407—2
1679 2916 2194 2961 Abſolv. höh. Staatsgewerbe⸗
1682 2949 2194 2983 ſchüler mit Praxis, flinker Zeichner,
1679 2976 2193 3010 ſucht für Nachmittagsſtunden Nebenbeſchäf⸗
1680 3003 2193 3035 tigung. Gen. Zuſchriften unter „Bau⸗
1678 3029 2194 3058 techniker 77“ an das Ank.⸗Bureau
1677 3055 2192 3087 dieſes Blattes. 44277—3
2211 2893 2731 2921 Nr. 3, 4. Stock links. 44145—3
2211 2932 2725 2976 Perfecte Köchin bittet um
2295 2967 2726 2999 Stelle. A. L., I., Kumpfgaſſe 3,
1676 3101 2193 3147 Tüchtiger Reiſender (Chriſt),
1748 3136 2191 3168 durch mehrere Jahre in den Alpen⸗
1677 3161 2190 3195 ländern gut eingeführt, repräſentationsfähig,
1677 3187 2191 3220 ſucht Stelle per ſofort, jedoch nur für ein
1685 3212 2190 3246 gutes Wienes Haus, Branche einerlei. Gef.
1680 3239 2190 3271 Anträge unter „Erfahren 68“ an das
1676 3265 2192 3293 Ank.⸗Bur. d. Bl. 44278—3
1143 3405 1658 3452 Portier für ein Herrſchafts⸗
1153 3439 1658 3476 haus geſucht. Offerten mit Zeugniß⸗
1144 3465 1657 3498 abſchriften unter „Portier 1“ an das
1143 3491 1656 3522 Ank.⸗Bur. d. Bl. 44072—2
1141 3530 1656 3576 Praktikant mit ſchöner Hand⸗
1162 3561 1655 3600 ſchrift wird für eine große Fabriks⸗
1143 3590 1655 3625 niederlage in Wien geſucht. Offerten unter
1142 3616 1655 3649 A. G. 74 an das Ankünd.⸗Bureau dieſes
1142 3642 1655 3673 Blattes. 43574—2
1675 3303 2191 3369 Wirk⸗ oder Wollwaaren⸗
1769 3338 2192 3369 Commis, 22 J. alt, beider Landes⸗
1677 3363 2190 3396 ſprachen mächtig, auch zum Reiſen verwend⸗
1677 3389 2189 3421 bar, der 8 Jahre hindurch in den erſten
1676 3415 2190 3447 Häuſern dieſer 2 Branchen thätig war und
1676 3441 2189 3474 ſich mit Prima⸗Zeugniſſen und ⸗Referenzen
1684 3467 2187 3500 ausmeiſen kann, ſucht ab :. Auguſt Poſten.
1683 3492 2190 3525 Gefl. Antr. unt. Chiff. „Tüchtig 670“
1683 3519 2188 3547 an das Ank.⸗Bur. d. Bl. 44165—3
1673 3558 2189 3599 Rechnungs⸗Diurniſt mit ſehr
1676 3592 2144 3624 guten Zeugniſſen, abſolvirter-Han⸗
1674 3618 2191 3652 delsſchüler, bittet um eine Stelle. J. S.,
1673 3644 2193 3675 III., Hauptſtraße 126, 1. Stock, Thür
1673 3647 2194 3703 Nr. 26. 44437—3
1145 3683 1653 3728 Geſucht Haushälterin nach
1226 3716 1653 3751 Karlsbad zu mutterloſem Knaben,
1151 3740 1653 3776 1 Wirthſchafterin zu 2 Herren in Wien
1141 3768 1652 3802 durch Bertha Feldman, Wien, I.,
1141 3793 1653 3825 Wollzeile 24, 2. Stock. 44254—2
1140 3831 1654 3875 Geſucht Reiſebegleiterin, mit
1221 3868 1652 3900 Italieniſch bevorzugt (Sommer⸗En⸗
1140 3893 1652 3927 gagement). Näh. Bertha Feldman,
1139 3918 1652 3951 Wien, I., Wollzeile 24, 2. Stock. 44255⸗2
1672 3833 2183 3890 I Wiener Gärtner⸗Heim,
1704 3868 2186 3899 Stubenbaſtei 10, empfiehlt hohem
1671 3892 2178 3926 Adel und Herrſchaften tüchtigſten Gärtner
1671 3919 2178 3952 unentgeltlich. Nechwatal. 44386—3
1139 3967 1651 4011 Geſucht Erzieherin, gut
1220 4002 1652 4036 Franzöſiſch, Muſik, für katholiſche
1139 4026 1652 4061 Familie, Nähe Wiens; Erzieherinnen
1138 4052 1650 4084 zu mutterloſen Kindern nach Italien und
1137 4077 1652 4112 Braſilien. Mme Mathilde Reisner,
1137 4102 1650 4137 I., Goldſchmiedgaſſe 9. 44313—2
1135 4141 1647 4188 Erzieherin geſucht für ein gr.
1138 4176 1646 4210 Mädchen, kath. Familie. 600 fl. Ge⸗
1137 4202 1649 4236 halt. Mme. Weil. Fleiſchmarkt 7.44339⸗2
1668 4082 2183 4123 Geſchäfts⸗Diener, tüchtig und
1668 4110 2182 4149 gediegen, empfiehlt Mme. D'Este,
1668 4142 2181 4174 Wieden, Hauptſtraße 39, 1. Stock. 44377⸗3
1135 4250 1649 4298 Dringend geſucht Erzieherin⸗
1135 4281 1648 4321 nen, Kindergärtnerinnen, Bonnen,
1135 4307 1650 4346 Kinderfrauen in vorzügliche Häuſer für
1136 4336 1649 4371 Wien u. ausw. durch Inſtitut North,
1135 4362 1648 4394 I., Naglergaſſe 21, 1. St. 44370—2
1131 4411 1647 4454 Kindsmädchen zu 1jährigem
1136 4445 1647 4477 Kinde wird für Rodaun aufgenommen.
1135 4470 1647 4503 Vorſtellung zwiſchen ½1 u. ½2 Uhr, Sechs⸗
1135 4496 1646 4530 haus, Gürtelſtraße Nr. 1, 3. Stock, bei
1134 4521 1640 4554 Frau Friedländer. 44344—2
1133 4548 1648 4623 Geſucht ſogleich für ein feines
1211 4571 1644 4631 Haus eine tüchtige, erfahrene jüngere
1132 4596 1644 4657 Kindsfrau für ein 3 Monate altes Kind,
1133 4645 1642 4679 welches mit der Flaſche aufgezogen wird. Vor⸗
1130 4671 1642 4705 zuſtellen: Vormittags von 8—10 Uhr, Nach⸗
1132 4698 1644 4732 mittags von 2—4 Uhr. Lothringerſtraße 15,
1132 4723 1644 4755 1. Stiege, 2. Stock, Thür 15. 44298—2
1136 4772 1642 4820 Française sachant bien
1135 4805 1643 4841 l'allemand ou un peu jouer du piano
1130 4832 1642 4865 auprès des grandes enfan's, 25 fl., cher-
1130 4858 1643 4892 chée par Mme. W. Seidel, I., Tiefer
1134 4883 1642 4915 Graben 10. 1. St. 44406—2
1130 4924 1641 4980 On demande une Fran⸗
1198 4960 1642 4991 çaise pour accompagner une dame
1129 4984 1643 5019 et une bonne française près d'une petite
1131 5009 1639 5043 Baronnesse de 5 ans. Point d'inscription.
1130 5030 1641 5069 Mme. Caroline Stein, I., Wollzeile
1129 5061 1640 5091 Nr. 14. 44274—2
1129 5100 1641 5148 On demande bonne française
1128 5129 1640 5168 pour la Styrie. Présentation Vienne.
1127 5136 1644 5198 Mme. Mathilde Reisner, I.,
1127 5165 1643 5225 Goldschmiedgasse 9. 44314—2
2217 3032 2725 3080 Une dame née Fran⸗
2217 3059 2717 3099 çaise cherche place comme dame de
2211 3093 2725 3124 compagnie, représentante ou bien comme
2211 3117 2723 3148 institutrice auprès d'un ou deux enfants.
2212 3143 2722 3174 Meilleurs certificats sont à présentés.
2211 3170 2724 3201 Offree à Mlle. Marie de Lapotery,
2211 3195 2725 3227 Darmstadt, Nieder-Ramstädterstr. 30.380-3
2356 3292 2580 3347 Unterricht.
2207 3367 2721 3433 Schön⸗Schnellſchreib⸗Unter⸗
2278 3402 2719 3434 richt ertheilt nach ſeiner anerkannt
2208 3427 2719 3459 beſten Methode, auch brieflichen Unterricht,
2208 3453 2716 3486 Prof. C. A. Füchsel, Inhaber einer
2207 3479 2716 3512 vom hohen k. k. Landesſchulrathe conceſſio⸗
2208 3505 2720 3537 nirten Privat⸗Kalligraphie⸗Schule und
2207 3530 2717 3564 ſtändig beeid. Sachverſtändiger im Schreib⸗
2206 3556 2711 3588 fache bei den k. k. Gerichten in Wien
2206 3580 2717 3615 I., Kohlmarkt Nr. 9. 39890—4
1670 3958 2185 4005 Als Geſchäftsdiener oder
1746 3993 2184 4025 Kanzleidiener wünſcht ein junger
1670 4018 2185 4051 anſtändiger Mann unterzukommen. Unter
1669 4044 2183 4075 P. J. poſtl. IX., Porcelangaſſe. 44253—3
1667 4181 2183 4229 Rüſtige u. ordentliche Haus⸗
1670 4213 2182 4248 beſorgersleute, mit Zeugniſſen, ohne
1668 4241 2180 4274 Kind, ſuchen ihren Poſten zu verändern.
1668 4268 2179 4300 Stephan Thallinger, VII., Band⸗
1667 4293 2181 4326 gaſſe 35, Hausbeſorger. 44288—3
1667 4326 2179 4379 Comptoiriſtin aus gutem
1750 4367 2179 4401 Hauſe, die perfect ſtenographiren
1666 4392 2180 4426 kann, bittet um Stellung. Geehrte Anträge
1666 4394 2183 4453 unter E. R. 70 an das Ank.=Bureau
1664 4420 2180 4476 d. Blattes. 44270—3
1665 4483 2178 4527 Anſtändiges Fräulein ſucht
1669 4512 2179 4550 als Wirthſchafterin einen Poſten hier
1666 4543 2176 4576 oder für die Provinz bei einer gutſituirten
1665 4569 2176 4601 Perſon; ſelbes war in dieſer Eigenſchaft
1665 4594 2176 4628 ſchon thätig. N. N., XVIII., Anaſtaſius⸗
1664 4619 2176 4653 Grüngaſſe 29, 2. St., Th. 9. 44174—3
1662 4659 2174 4701 Fräulein von angenehmem
1735 4693 2176 4726 Aeußern, 30 Jahre alt, ſolid, fleißig,
1662 4718 2174 4751 in allen häuslichen Arbeiten bewandert,
1663 4740 2175 4777 ſucht Stelle als Haushälterin in einfachem
1662 4770 2174 4805 Hauſe. Auch in der Provinz. Gefl. Anträge
1662 4795 2174 4828 erbeten unter Anständig 75“ an das
1662 4820 2175 4851 Ank.⸗Bur. d. Bl. 44375—3
1660 4861 2170 4907 Fräulein, Deutſch, perfect
1662 4890 2174 4929 Franzöſiſch, Clavier, ſucht Stelle
1661 4921 2172 4955 aufs Land (Baden bevorzugt). J. Z., II.,
1660 4947 2173 4980 Scholzgaſſe 11, 1. St. 44251—3
1659 4985 2174 5028 Erzieherin, Deutſch, Fran⸗
1734 5021 2172 5054 zöſiſch, Clavier, ſucht Stelle. Leng⸗
1659 5046 2171 5079 f. Id, VIII., Strozzigaſſe 36, Th. 4. 44309⸗3
1660 5085 2166 5131 Junge ſehr intelligente Leh⸗
1657 5119 2160 5154 rerin wünſcht ohne Gehaltsan⸗
1656 5145 2171 5180 ſprüche als Reiſebegleiterin Engagement.
1657 5147 2175 5208 Auskunft: VIII., Lammgaſſe 10, 1. Stock,
1659 5176 2174 5234 Thür 7. 44182—3
2212 2992 2397 3020 3. St., Th. 11.
2622 3000 2726 3020 44349—3
2205 3621 2720 3661 Die ſchönſte Schrift in fünf
2207 3651 2717 3688 Lectionen. C. Feldmann, Specialiſt,
2207 3681 2715 3716 I. (Graben), Seilergaſſe 7, 44357—4
2207 3720 2717 3768 Knaben⸗Penſionat (v. k. k.
2207 3754 2715 3787 u.⸗ö. Landesſchulrathe conc. Lehr.⸗ u.
2204 3781 2718 3813 Erziehungs⸗Anſtalt) Camillo Wolf,
2205 3806 2716 3840 Wien, Währinger Cottage⸗Anlagen, Cot⸗
2205 3833 2716 3864 tagegaſſe 30. 41307—4
2210 3871 2717 3928 B. Nassan's vom h. k. k.
2255 3905 2716 3937 Landesſchulrathe conceſſ. Knaben⸗
2203 3931 2716 3964 Penſionat, Wien, II., Untere Donauſtraße
2203 3957 2715 3990 Nr. 29, für Zöglinge öffentl. Realſchulen,
2204 3983 2715 4016 Gymnaſien und Handelsakademie. Corre⸗
2202 4008 2717 4042 petition von tüchtigen Lehrern und ſtrenge
2203 4034 2714 4067 Aufſicht während jeder ſchulfreien Zeit.
2202 4059 2715 4093 Halbpenſionäre bis 8 Uhr Abends. Während
2201 4083 2713 4118 der Ferien in Vöslau. 44281—4
2198 4123 2714 4170 Studirende erhalten bei einem
2272 4159 2714 4191 Fachmann Penſion, gründliche Stu⸗
2201 4184 2714 4218 diennachhilfe, Muſikunterricht, Vorbereitung
2202 4210 2713 4243 zu Prüfungen. Briefliche Anfragen unter
2200 4236 2713 4269 „Director“ XVIII., Karl⸗Beckſtraße 9,
2200 4262 2716 4294 Thür 8. 44282—4
2198 4302 2712 4346 Preisgekrönter Pianiſt, mit
2284 4334 2712 4369 höchſter Auszeichnung aus dem
2199 4361 2713 4394 Conſervatorium hervorgegangen, ertheilt
2199 4386 2711 4418 Südbahnſtrecke oder Weſtbahnſtrecke Unter⸗
2199 4412 2711 4444 richt. Briefe unter „Künstlerische
2198 4438 2711 4470 Reife“ poſtlagernd Wien, V/1. 44275—4
2197 4486 2708 4530 Violin⸗Profeſſor Adolph
2197 4519 2706 4553 Günsberger, III/2, Stamm⸗
2198 4521 2716 4579 gasse 15. 44302—4
2197 4585 2710 4630 Italiener unterrichtet gründl.
2195 4613 2707 4651 Grammatik, Converſation und Corre⸗
2195 4621 2715 4680 ſpondenz in ſeiner Mutterſprache. E. C.,
2197 4647 2714 4706 IX., Harmoniegaſſe 9, 3., 19. 44433—4
2194 4717 2701 4762 Privatſchule mit Oeffentlich⸗
2202 4750 2708 4783 keitsrecht ſucht Volksſchullehrer für
2195 4777 2708 4812 20—24 Stunden wöchentlich und Bürger⸗
2194 4803 2705 4835 ſchullehrer, 3. Gruppe, für 8 Stunden
2193 4828 2710 4862 wöchentlich. Zuſchriften unter C. W. 100
2194 4854 2707 4888 mit Angabe der Studien und der prak⸗
2193 4880 2706 4913 tiſchen Verwendung an das Ank.⸗Bureau
2191 4904 2713 4937 dieſes Blattes. 44398—4
2192 4939 2694 4990 Correpetitor, abſolv. Philo⸗
2192 4980 2702 5013 loge, mit beſten Ref. u. nachweisb.
2192 5005 2701 5039 Erfolgen unterr. Ober⸗ und Untergymna⸗
2191 5030 2704 5064 ſiaſten in Latein u. Griechiſch. Auswärtige
2192 5056 2701 5089 brieflich Anträge erbeten unter P. S.
2191 5082 2696 5114 hauptpoſtlagernd Wien, I. 44204—4
2188 5121 2484 5165 Techniker mit großer Unter⸗
2259 5132 2706 5193 richtspraxis ſucht Hofmeiſterpoſten.
2190 5157 2709 5219 Abr.: R. Mayer, IX., Pramergaſſe
2189 5187 2710 5249 Nr. 5. 44289—4
2757 1972 3264 2019 50 kr. par heure. Le⸗
2849 2008 3268 2039 çons de français et d'italien chez
2771 2033 3267 2064 une Française. Système rapide et agréable.
2754 2057 3270 2087 S'adr. sous „Sans difficulté“ à la
2754 2084 3269 2116 librairie Husbach, I., Kärntnerstrasse
2754 2111 3268 2139 Nr. 38. 44412-4
2827 2172 3163 2210 Technicum Mittweida
2869 2216 3088 2240 — Sachsen. —
2783 2401 3238 2459 Käufe und Verkäufe.
2810 2227 3186 2281 Maschinen-Ingenieur-Schule
2855 2255 3125 2306 Werkmeister-Schule.
2750 2477 3266 2519 Von Herrſchaften abgelegte
2748 2509 3266 2545 Herrenkleider elegant u. billig bei
2751 2535 3265 2569 Jacob Weinberger, I., Weihburg⸗
2751 2560 3264 2595 gaſſe 5, 1. St., neben „Hotel Eliſa⸗
2750 2586 3265 2621 beth“, auch Kleiderleihanſtalt. 41080 5
2749 2636 3264 2679 Gelegenheitskäufe! Tunis⸗
2748 2664 3265 2701 Portière 85 kr., Marokko⸗Portière
2750 2694 3264 2728 mit Seidenfranſe fl. 1.20, Renaiſſance⸗Por⸗
2749 2720 3262 2753 tière in eleganter Ausführung fl. 2.60,
2750 2745 3264 2779 moderne Schafwoll⸗Portière mit glattem
2750 2768 3261 2805 Fond und geknüpfter Seidenfranſe fl. 3.40,
2749 2797 3269 2831 feſte double gewebte Chenille⸗Portière fl. 3.75.
2748 2819 3270 2856 1 Garnitur: 2 Bett⸗ u. 1 Tiſchdecke fl. 2.90,
2750 2845 3270 2881 1 Garnitur: 2 Bett⸗ und 1 Tiſchdecke
2746 2873 3262 2908 (Bourette) fl. 5.50. Eigene Abtheilung
2748 2899 3261 2934 für fehlerhafte Teppiche, Decken und
2748 2925 3261 2960 Reſte. Teppich⸗Occaſion S. Schein,
2748 2951 3262 2983 Stadt, Landskrongaſſe 1. 44310—5
2745 2993 3260 3037 Feuerfeſte Kaſſen, gebrauchte
2748 3022 3261 3058 und neue, billiger als überall bei
2745 3051 3260 3085 Emil Weiner, Wien, I., Salzthor⸗
2745 3079 3259 3112 gaſſe 4. 36523—5
2741 3119 3261 3163 Mignonflügel v. Ehrbar, faſt
2744 3151 3259 3184 neu, billigſt zu verkaufen. I. Bez.,
2745 3172 3258 3208 Bellariaſtraße 4, Parterre. Th. 8. 44070⸗5
2742 3225 3257 3269 Stutzflügel, vorzüglich im Ton
2742 3258 3259 3292 und Ausſtattung, um 160 fl. zu ver⸗
2743 3284 3259 3317 kaufen. Kaufpreis könnte auch je nach Ver⸗
2743 3310 3259 3344 einbarung bezahlt werden. Fünfhaus, Löhr⸗
2742 3337 3259 3370 Michaelergaſſe 1, 2. Stock 13, gegenüber
2743 3362 3257 3405 dem Weſtbahnhofe. 44148—5
2742 3402 3256 3468 Claviere von 100 fl. auf⸗
2812 3437 3257 3468 wärts. Albin Förstl, I., Bellaria⸗
2742 3463 3256 3504 ſtraße 4.   44071—5
2814 3503 3256 3542 Bücher, einzelne Werke, wie
2753 3536 3255 3569 ganze Bücherſammlungen privat zu
2739 3562 3254 3594 kaufen geſucht. Angebote unter „Biblio⸗
2742 3586 3255 3620 thek 33“ an das Ank.⸗Bureau dieſes
2741 3615 3255 3657 Blattes. 44233—5
2738 3646 3255 3697 Streicher⸗Stutzflügel mit Me⸗
2808 3689 3253 3721 tallplatte, Patentmechanik, fl. 210,
2736 3691 3258 3751 in Mattnuß, elegantest, wie neu, billig.
2738 3716 3258 3772 Max Hamburger, Graben 29. 44322=5
2735 3930 3251 3971 Spiegelkaſten, Perlmutter
2806 3965 3250 3997 eingelegt, ſo auch ein Perlmutter⸗
2736 3990 3250 4022 Schlafzimmer und ein Spiegel mit Conſole
2735 4012 3250 4050 ſind billig zu verkaufen. I., Singerſtraße
2735 4040 3250 4081 Nr. 2, Mezzanin. 44338—5
2732 4203 3248 4270 Ein Zirbelholz⸗Speiſezimmer
2808 4239 3248 4271 mit Butzenſcheiben iſt um den halben
2734 4264 3248 4296 Preis zu verkaufen. I„ Rothenthurmſtraße
2732 4289 3247 4331 Nr. 21, 1, Stock. 44335-5
2732 4329 3246 4373 Möbel auf Raten und leih⸗
2732 4352 3246 4405 weiſe bei J. Pattak,
2732 4397 3247 4438 Tiſchlermeiſter, VII., Maria⸗
2733 4432 3245 4482 hilferſtraße 22. 43946—5
2730 4479 3245 4517 Aviſo für Brautleute. Alt⸗
2802 4513 3244 4545 deutſches Schlaf⸗ und Speiſezimmer,
2728 4538 3240 4567 dunkler Marmor, um 360 fl. zu verkaufen
2732 4541 3248 4596 Stadt, Stephansplatz Nr. 2, Mezza⸗
2729 4568 3249 4619 nin. 44394—5
2730 4627 3243 4671 50 Salongarnituren werden
2728 4658 3242 4693 um die Hälfte des Werthes verkauft.
2727 4686 3243 4719 Stadt, Rothenthurmſtr. 21, 1. St. 44334⸗5
2730 4726 3241 4782 1 prachtvoll geſchnitztes Her⸗
2786 4761 3241 4792 renzimmer, ital. Renaiſſance, beſteh.
2727 4786 3241 4818 aus 1 Bibliothek. Schreibtiſch ſammt Fau⸗
2727 4812 3240 4845 teuil, Doppelbett, dazu paſſende echt per⸗
2724 4838 3241 4870 ſiſche Polſtermöbel, iſt ſehr billig zu ver⸗
2726 4862 3239 4895 kaufen I., Singerſtr. 6, 1. St 44262⸗5
2723 4902 3238 4947 Möbel auf Theilzahlungen!
2724 4930 3239 4970 Möbelfabriksniederlage E. Soffer
2724 4963 3238 4996 verkauft complete Wohnungseinrichtungen,
2722 4988 3239 5021 ſowie einzelne Möbelſtücke in allen Styl⸗
2723 5014 3235 5047 arten unter ſehr günſtigen Bedingungen,
2724 5040 3234 5074 auch für die Provinz. I., Singerſtraße 6,
2726 5065 3236 5109 1. Stock. 44263—5
2721 5105 3235 5149 Reizendes Damenboudoir,
2798 5141 3236 5174 Louis XVI., braun mit Gold, France⸗
2721 5163 3233 5203 Seidenplüſche mit Handſtickerei, enorm billig
2719 5168 3236 5230 zu verkaufen. I., Singerſtraße Nr. 6,
2720 5197 3235 5257 1. Stock. 44264—5
