1536 2326
99 216 557 269 Innsbrucker
956 216 1408 269 Nachrichten.
507 408 984 469 Eilfter Jahrgang.
83 504 239 555 Samstag
607 489 896 579 No 148.
1135 489 1419 579 2. Juli 1864.
148 595 1417 641 Erscheint täglich mit Ausnahme der Sonn= und Festtage. — Der Preis ist vierteljährig 1 fl.
79 629 1418 673 35 kr. österr. W., per Post täglich expedirt 2 fl. 15 kr. österr. W., monatlich 45 kr. österr. W.,
80 663 1418 707 monatweise per Post bezogen 72 kr. österr. W. Einzelne Nummern werden zu 3 kr. österr. W. ab¬
78 697 1418 742 gegeben. — Bestellungen können gemacht werden in der Wagner'schen Universttäts=Buchhandlung in
78 728 1418 775 Innsbruck, Brixen (Nr. 14) und Feldkirch und für hier vierteljährig bei Hrn. Jeremias
77 764 1417 809 Federspiel, Zettelträger. — Inserate jeder Art werden angenommen und kostet die zweispaltige Petitzeile
76 798 1308 841 oder deren Raum für einmalige Einschaltung 3 kr. österr. W., für dreimalige 6 kr. österr. W.
77 838 1417 883 Im Auslande nehmen Annoncen entgegen Haasenstein & Vogler in Hamburg=Altona
143 872 1348 915 und Frankfurt am Main, dann die Jäger'sche Buchhandlung in Frankfurt am Main.
376 1032 1123 1094 Ziehung der Creditloose.
155 1093 1416 1152 Serie 1630 Nummer 34 gewinnt 250,000 fl., fernere
71 1141 1413 1198 gezogene Serien: 343, 4171, 1809, 1537, 780, 100, 1241,
72 1191 1254 1246 1378, 922, 1022, 2360, 968, 822, 3513, 3679.
150 1260 1412 1315 Aus Wien, 26. Juni, schreibt man der „K. Ztg.,“ daß in Kissingen kein
68 1306 1413 1361 Dokument irgend welcher Art unterzeichnet, dagegen in Karlsbad die Verbindung
68 1354 1412 1407 zwischen den deutschen Großmächten neu befestigt worden sei und daß aller Wahr¬
67 1402 1412 1456 scheinlichkeit nach diese letztere Verbindung nicht blos ad hoc und für die Dauer
68 1450 1411 1505 der dänischen Verwicklung abgeschlossen ist, sondern daß es sich jetzt um eine förmliche
67 1497 1408 1550 Allianz zwischen Oesterreich und Preußen, begründet auf dem Bundesverhällniß,
66 1544 1410 1599 handelt, genauer ausgedrückt, um ein Schutz= und Trutzbündniß zwischen Preußen,
66 1592 1410 1645 Rußland und Oesterreich, mit ganz concreten Verabredungen und Zielen. Eines
65 1639 1407 1696 dieser Ziele dürfte die endliche Ausführung des Züricher Vertrags in's Auge fassen.
64 1686 1407 1741 Jedenfalls aber werde man fürderhin der Politik des Grafen Rechberg und des
64 1734 1407 1788 Hrn. v. Bismark — deren beiderseitige Stellung neu befestigt aus der Karlsbader
63 1782 1365 1836 Zusammenkunft hervorgeht — nicht mehr in entgegengesetzten Lagern begegnen,
145 1829 1407 1882 Wien, 29. Juni. Die Beunruhigung über die letzten Pläne Preußens hat
62 1876 1406 1930 durch die von Petersburg und Berlin bez. Kissingen und Karlsbad aus poussirte
61 1923 1405 1976 Kandidatur des Großherzogs von Oldenburg neue Nahrung erhalten. In weiten
60 1972 1404 2024 Kreisen überzeugt man sich schwer, daß dies plötzliche Vorschieben eines neuen
60 2018 1406 2072 Prätendenten etwa aus dem Bestreben Preußens entspringe, ja nicht die rechtmäßige
60 2065 1403 2119 Thronfolge in den Herzogthümern zu stören. Gerade die offiziösen preußischen
60 2112 1403 2166 Organe haben über den Legitimitätspunkt mit einer geradezu demokratischen Frivolität
59 2161 1403 2216 gesprochen. Es müßte wahrlich mit seltsamen Dingen zugehen, wenn die olden¬
527 958 953 1008 Telegramm.
