3488 5372
204 200 361 238 -ßeite 6
780 195 1054 242 Wien, Samstag
1493 192 2071 240 Nene Preie, l*resse.
2526 193 2750 233 1. »191!
3118 191 3308 230 Nr. 16830
275 272 1207 319 [Repertoire des Wiener Bürgertheaters.]
187 309 1206 355 (Gastspiel des Tegernseer Bauerntheaters.) Montag den 3. und
186 344 1206 389 Dienstag den 4. Juli: „Die schöne Millibäuerin.“ Mittwoch
179 379 1207 425 den 5.: „Im Herbstmanöver“. Donnerstag den 6.: „Der Dorf⸗
159 408 1207 459 pfarrer.“ Freitag den 7.: „Die schöne Millibäuerin.“ Samstag
179 448 1207 495 den 8.: „Der Schnitzlerfranzl von Berchtesgaden.“ Sonntag
179 482 1207 530 den 9., nachmittags ½3 Uhr: „Der Dorfpfarrer.“ Abends 8 Uhr:
184 517 1208 564 „Der Schnitzlerfranzl von Berchtesgaden.“ Montag den 10.: „Der
178 557 721 597 Schnitzlerfranzl von Berchtesgaden.“
3257 511 3325 561 14680
266 622 1207 667 Wenn Sie maschinelle Einrichtungen oder einzelne Ma⸗
177 656 1207 709 schinen, Apparate, Werkzeuge und techn. Behelfe neuester Konstruktion
178 692 1207 737 für irgend welchen industriellen Betrieb brauchen, wenden Sie sich an
178 722 1204 771 das Ingenieur=Bureau Rud. Schwarz, Wien, III., Reisnerstr. 41.
282 792 1204 837 [Metallfadenlampen] 200% mehr Licht oder 70%
173 827 1205 872 Stromersparnis, billigst per Stück oder im Pauschale. Wiener
178 861 1203 912 Elektr. Glühlampenf. Sturm & Co., Wien, IX., Liechtensteinstr. 12
173 930 664 1060 Kompressoren
675 922 1205 955 bis 5 Kubikmeter per Minute hält am Lager
698 958 1184 1005 Maschinenfabrik LEANDER BECHER
677 1014 1205 1051 Wien, X., Trostg. 114. — Tel. interurb. 9841
252 1136 1139 1271 Kurhaus Semmering
1661 1239 2287 1292 Unerreichte Vorzüge. — Konkurrenzlos im Preise.
1753 1263 2190 1317 Die beste modernste und wirkliche
444 1286 950 1352 Phys.-diätetische Höhenkuranstalt
1048 1286 1110 1352 14957
319 1379 1070 1417 2 Stunden von Wien. Sommer- und Winterkuren.
252 1442 1136 1485 Kals. Rat Dr. Franz Hansy. Dr. Karl Kraus.
284 1567 1003 1617 EDUARD PABRITZ, Ingenieur
309 1618 979 1653 Wien, IX/3, Währingerstrasse 6 u. 8, Tel. 18203,
284 1648 1004 1686 projektiert Fabriksbauten und deren maschinelle Einrich⸗
283 1680 1004 1713 tung mit Rücksicht auf billigste Herstellung, auch in Eisen⸗
283 1707 1007 1738 beton. Verfaßt Kostenvoranschläge, überwacht den Bau und
400 1733 883 1764 besorgt die Abrechnung. Honorar billig.
313 1763 965 1799 Erste Referenzen über ausgeführte Anlagen.
263 2138 634 2192 Clichés
650 2059 1192 2114 KUNSTANSTALT FÜR PHOTOZINKOGRAFIE
656 2107 1179 2161 MAX PERLMUTTER
648 2156 1200 2193 WIEN III. LINKE BAHNG. 9 TELEFON 6012
181 2369 1214 2426 Priessnitz - Sanatorium
269 2471 1127 2575 in Gräfenberg [Oest.-Schlesien].
389 2569 995 2616 620 Meter über dem Meeresspiegel.
181 2618 1209 2665 Chefarzt: Sanitätsrat Dr. Rudolf Hatschek.
174 2736 1209 2776 [Fahrpreis der von verlässlichen Wagenführern gelenkten, veqneinen
355 2767 1030 2806 mit S2/40 PS. starken Motoren versehenen
352 2670 1028 2721 Physikalisch-diätetische Heilmethoden.
1143 2670 1211 2722 14926
767 2821 1003 2850 für die Fahrten
764 2855 1005 2896 im Stadtbereich
565 2900 780 2931 per Kilometer.
283 2927 1107 2969 Standplätze: Opernring, Café Heinrichshof. Telephon 925;
476 2954 939 2991 Maximiliankeller, Telephon 8365;
176 2817 739 2902 Deutz-Taxameter
403 2979 991 3021 Stephansplatz, Telephon Nr. 8464 oder 9982.
1158 2979 1215 3021 5273
1042 2809 1213 2889 80 H.
185 3208 1217 3275 Hotel National
185 3385 565 3439 Genf.
631 3281 1211 3347 Grösster Komfort der Neuzeit.
631 3352 1210 3424 Park. Tennis. Deutsche Leitung.
1252 268 1880 338 Waaas? ... Papa hat 's erlaubt!
1278 345 1621 390 Antinikotin
1278 406 1633 457 Zigaretten⸗
1277 468 1465 511 hülse!
1273 533 1646 565 Echt nur in Zigarettenkistchen
1273 570 1661 595 mit Namen 15177
1278 606 1647 650 JACOBI!
1908 273 2278 336 Es ist ja Jacobi —
2761 287 3012 327 Gummi- und
2775 334 2992 363 Fischblason
2452 372 3220 406 nur allererstes Original Pariser Fabrikat versendet diskret
2626 402 3046 431 per Dtzd. à K 2, 4, 6, 8 bis K 16
2457 436 3220 496 J. Reif, Spezialist, Wien 1/8
2666 492 3014 526 Brandstätte Nr. 3.
2666 525 3011 562 Gegr. 1881, Preislisten grat.
1253 707 1510 815 Baden
1250 828 1512 859 =bei Wien=
1553 699 2284 766 „Quisisana“ Pension ###. Ranges.
1550 767 2285 800 Anerkannt vorzügl. Küche. — Zivile Preise
1549 794 2289 828 Elisabethstrasse Nr. 63—65.
1800 806 2286 860 Telephon 144. 15158
1660 889 2283 931 für sämtliche Industriezweige, komplette
1661 925 2280 965 Elevatoren, Transportschnecken, Flaschen⸗
1742 960 2202 997 züge, Hebekrane und Winden.
1250 1012 2282 1064 Julius Fischl, Wien, II/2, Lichtenauergasse 1.
1252 896 1635 1005 KETTEN
1322 1094 2212 1163 Kameelhaar-Sweater
1248 1141 2283 1199 zu weissen und lichten Toiletten passend, in den zartesten Pastellfarben, chamois.
1250 1168 2288 1226 ciel, Flieder, erbsgrün und hochrot, bei Albert Matzner, I., Kohlmessergasse. 8.
1659 1325 1896 1451 Präzisions-
1771 1384 1891 1434 Uhr Ist
1663 1450 2291 1484 in Stahl, Silber und Gold, bei jedem Uhrmacher⸗
1909 1476 2281 1503 zu haben. 14955
1960 1323 2282 1446 „Intact“
1253 1657 2281 1718 Wetterkragen K 16.— Sportanzug K 34.—
1252 1734 2281 1794 Jacob Nothberger, k. u. k. Höflieferant
1450 1807 2281 1863 Wien, I., Stephansplatz 9. 14654
2515 738 3266 784 In tiefster Trauer geben wir hiedurch Nachricht
2414 782 3271 828 von dem Ableben unserer teuren Gattin, Mutter,
2413 824 3270 872 Schwester, Schwiegermutter und Großmutter, der Frau
2407 930 3274 1086 Luise Deutsch geb. Adler
2412 1122 3266 1166 welche uns nach einem nur dem Wohl ihrer Familie
2413 1166 3265 1211 gewidmeten Leben im 63. Lebensjahre Freitag den
2413 1210 3209 1252 30. Juni 1911, 3 Uhr nachmittags, entrissen wurde.
2513 1254 3265 1298 Die Beerdigung der uns teuren Verblichenen
2412 1297 3266 1341 findet Montag den 3. Juli, 11 Uhr vormittags, vom
2412 1342 3007 1383 Zentralfriedhof (israel. Abteilung) statt.
2480 1391 3265 1436 Wien, II., Kaiser Josefstraße 11, und Zwit###u.
2634 1462 3044 1503 Jacob Deutsch als Gatte.
2412 1505 3263 1551 Ludwig Deutsch, Alfred Deutsch, Ingenieur Ern###.
2687 1542 2991 1581 Deutsch als Söhne.
2509 1583 3168 1631 Katarina Wilhelm und Eduard Adler
2726 1618 2953 1660 als Geschwister.
2562 1663 3113 1706 Rosa Deutsch als Schwiegertochter.
2458 1707 3230 1750 Paul, Ewald und Gerhard Deutsch als Enkel.
1564 2028 3201 2093 Vom tiefsten Schmerze erfüllt, geben wir hiemit Nachricht von dem Hin⸗
1415 2084 2869 2149 scheiden unseres aliverehrten, unvergesslichen Seniorchefs, des Herrn
1560 2197 3038 2433 Jos. Wilhelm Meinl
1410 2449 3208 2505 k. k. Kommerzialrates, Direktors der I. Oesterr. Sparkasse, Ehrenbürgers der Stadt
2124 2493 2492 2531 Bärringen etc. etc.
1410 2579 3205 2649 welcher Freitag den 30. Juni 1911 nach schwerem Leiden im 74. Lebensjahre ent⸗
1412 2652 1653 2692 schlafen ist.
1564 2685 3206 2749 Wir betrauern in dem edlen Dahingeschiedenen den liebevollsten, gütigsten
1413 2736 3203 2808 Chef, dessen unendliche Fürsorge uns in steter dankbarer Erinnerung bleiben wird.
1566 2788 3207 2852 Die entseelte Hülle des teuren Verstorbenen wird Sonntag den 2. Juli
1411 2841 3206 2909 vom Trauerhause: XIX, Hohe Warte 23, in die Kirche zu St. Michael in Heiligen⸗
1413 2893 3205 2964 stadt überführt, daselbst um 3 Uhr feierlich eingesegnet und sodann auf dem Heiligen⸗
1413 2958 2374 3014 städter Friedhofe zur ewigen Ruhe bestattet.
1567 2997 3205 3060 Die heil. Seelenmessen werden Mittwoch den 5. d. M, um 9 Uhr vormittags
1415 3062 2086 3120 in obgenannter Kirche gelesen.
1569 3126 2021 3178 Wien, 1. Juli 1911.
2181 3183 3154 3281 Die Angestellten der Firma A. Meinl’s Erben.
624 3673 3119 3752 Vom tiefsten Schmerze gebeugt, geben wir hiemit die traurige Nachricht von dem Ableben unseres
424 3761 1372 3833 unvergesslichen Seniorchefs, des Herrn
728 3893 2818 4174 Josef Wilhelm Meinl
803 4186 2742 4244 k. k. Kommerzialrates, Direktors der I. Oesterr. Sparkasse, Ehrenbürgers der Stadt Bärringen etc. etc.
427 4299 2949 4384 welcher uns gestern nach 56jähriger rastloser, aufopfernder Tätigkeit durch den Tod entrissen wurde.
629 4379 3120 4453 Die entseelte Hülle des teuren Verstorbenen wird Sonntag den 2. Juli 1911 vom Trauerhause:
428 4447 3122 4528 XIX., Hohe Warte Nr. 23, in die Kirche zu St. Michael in Heiligenstadt überführt, daselbst um 3 Uhr
428 4521 2772 4601 feierlich eingesegnet und sodann auf dem Heiligenstädter Friedhofe zur ewigen Ruhe bestattet.
631 4596 3122 4678 Die heiligen Seelenmessen werden Mittwoch den 5. d. M. um 9 Uhr vormittags in obgenannter
429 4693 795 4751 Kirche gelesen.
634 4776 1146 4831 Wien, 1. Juli 1911.
2202 4813 2917 4899 A. Meinl’s Erben.
288 5158 3254 5228 Herausgeber: Moriz Benedikt. — In Abwesenheit K. F. Kohler's für die Redaktion verantwortlich: Dr. Julian Sternberg. — Druckerei der „Neuen Freien Presse“: Carl Herrmann.
