3168 4834
306 44 695 107 Seite 26. Nr. 148.
1376 75 1908 145 Innsbrücker Nachrichten
2451 109 2969 165 Samstag den 1. Juli 1911.
935 177 2346 372 Eröffnungs⸗Anzeige!
236 683 3012 793 Poſtkarten⸗Photographie
1302 801 1945 964 in 10 Minuten.
237 951 3001 1072 Endesgefertigter beehrt ſich ergebenſt bekannt zu geben, daß er wie im Vorjahre auch heuer und zwar ab Sonntag
1140 1034 2096 1114 den 2. Juli l. J. ſein beſtrenommiertes
231 1094 2998 1315 Porträt⸗Poſtkarten⸗Geſchäft im Garten des Hotel „Altwirt“ in Igls
332 1272 2882 1387 eröffnet und ſich wie bisher auch heuer bemühen wird, ſeine werten Kunden aufs Beſte zufrieden zu ſtellen.
1032 1351 2186 1434 Um gütigen Zuſpruch bittend, zeichnet hochachtend
828 1426 2990 1562 Karl Largajolli, Photograph, Igls. 867
776 1538 1121 1605 Große Auswahl
931 1616 962 1652 in
773 1671 1120 1730 billigſten u. feinſten
773 1741 1117 1833 Kinder -
799 1856 1085 1948 Betten
875 1975 1026 2023 empfiehlt
211 2031 1112 2143 Bernhard Weithas, Mariahilfſtr. 28.
269 2134 1048 2209 Societa Nazionale di Servizi
524 2204 795 2262 Marittimi.
558 2274 751 2309 Sitz in Rom.
304 2319 995 2369 Direkter wöchentlicher Dienst:
253 2370 1055 2479 Triest-Ancona
606 2500 685 2528 und
969 2511 1100 2541 238—0-7
217 2531 1069 2664 Triest-Venedig
261 2647 1033 2702 mit dem Eildampfer „Scilla“ von 1220 Tonnen.
240 2692 1098 2751 Abfahrt von Triest nach Venedig am Donnerstag um
196 2724 1102 2779 8 Uhr früh vom Molo della Sanità. Rückfahrt von
195 2756 1102 2819 Ancona nach Triest am Dienstag um 8 Uhr abends.
195 2798 1096 2855 Ueberfahrt in II Stunden. In Ancona, unmittelbar an der
192 2831 1094 2891 Landungstelle des Dampfers, Anschluss an den Schnell-
192 2869 1093 2924 zug nach und von Rom. Fahrtdauer Ancona - Rom 7 Stunden.
192 2903 1091 2963 Fahrpreise: (Einzige Klasse): Von Triest nach
190 2939 1090 2994 Venedig: Hinfahrt allein K 9.—; Hin- und Rückfahrt
190 2974 1089 3033 K 12.—. Gültigkeitsdauer 30 Tage. Gabelfrühstück um
189 3010 1088 3070 10½ Uhr zu K 3.60. 2 Vorspeisen, 2 Gänge, Käse,
189 3042 828 3094 Früchte, Brot und Wein nach Belieben.
1142 3092 2029 3159 Bad und Restauration
2051 3200 2920 3269 Lavierenbach
227 3083 1086 3139 Wegen Aufnahme von Passagieren und Waren wende
186 3117 1086 3177 man sich an R. Currò & Figlio, Triest, Via
194 3154 1085 3212 Vienna 12. Tel. Nr. 71. — Mit der Ausgabe von
183 3188 1083 3248 Fahrkarten ist auch betraut die Firma Papale & Gia-
186 3221 905 3276 copelli, Triest, Riva Carciotti 9.
219 3272 1082 3330 An diesen beiden Stellen werden auch Anweisungen auf
183 3307 1075 3366 Eisenbahn-Fahrkarten von Venedig und Ancona nach Rom,
182 3343 1080 3400 Florent und Turin zu bedeutend ermässigten Preisen aus-
180 3380 306 3414 egebgen.
176 3535 343 3586 ###
424 3440 990 3526 3—4 Kronen
361 3535 1055 3611 täglich ſtändiger Verdienſt!
177 3601 1077 3657 Sofort geſucht au allen Orten arbeitſame Perſonen zur
176 3637 1076 3691 Uebernahme einer Strumpſſtrickerei. Hoher, andauernder
177 3673 1074 3728 Verdienſt bei leichter Hausarbeit. Vorkenntniſſe unnötig.
175 3707 1074 3763 Erlernung einfach und koſtenlos. Entfernung tut nichts
174 3744 1073 3800 zur Sache. Fertige Arbeit wird von uns abgeſetzt. Ver
403 3785 842 3829 langen Sie Proſpekt von der
361 3829 1070 3881 eimarbeit-Unternehmung Wien VIII., Albert⸗
351 3864 900 3911 gaſſe 26 | (früher Hernalſergürtel 2).
390 3909 1069 3960 Beſtempfohlene, ſolide Firma! 75—10ʃ6
167 4022 1067 4132 Habtmann'ſches Detailgeſchäft
230 4130 996 4262 Heinrich Kunater
163 4256 1061 4320 verkauft einen Großteil ſeines Warenlagers, haupt⸗
151 4301 1060 4368 ſächlich Herren⸗ u. Damen⸗Modeſtoffe, zu
164 4346 1060 4410 bedeutend reduzierten Preiſen. J3801⸗5ʃ3
2191 1625 2891 1824 nach Grado!
1242 1611 2120 1721 Täglich regelmässige
1373 1717 2118 1827 Gepäck-Expedition
1637 1824 2487 1886 Schnellste Route über TRIEST.
1317 1877 2169 1932 Sendungen sind zur Reexpedition zu adressieren an:
1211 1921 2911 2050 Speditions-Bureau L. METZNER, TRIEST,
1579 2028 2887 2100 Via Nicolò Macchiavelli Nr. 26. 11296⸗4⸗4
1694 2092 2411 2158 Station: Triest, Südbahnhof.
1224 2146 2888 2231 Telegramm-Adresse: Metzner, Triest. Interurbanes Telephon Nr. 586.
1323 2336 2231 2388 Grand Prix Weltausstellung Paris 1900.
1323 2390 2249 2476 Kwizdas Korneuburger Viehpulver
1276 2452 2277 2516 diätet. Mittel für Pferde, Hornvieh und Schafe.
1384 2497 2172 2550 Preis 1 Schachtel K 1.40, ½ Schachtel K —.70.
1191 2537 2367 2596 Ueber 50 Jahre in den meisten Stallungen im Gebrauche bei Mangel an
1190 2568 2367 2639 Fresslust, schlechter Verdauung, zur Verbesserung der Milch und Ver-
1439 2613 2109 2663 mehrung der Milchergiebigkeit der Kühe.
1515 2659 2363 2706 Echt nur mit nebenstehender Schutzmarke. Zu be-
1513 2679 2364 2757 ziehen in Apotheken und Drogerien Illustrierte Kata-
1752 2736 2122 2777 loge gratis und franko.
1512 2776 2363 2836 Hauptdepot: FRANZ JOH. KWIZDA,
1217 2820 2334 2881 k. u. k. österr.-ung., königl. rumän. und königl. bulgar. Hoflieferant,
1283 2867 2259 2923 Kreisapotheker, KORNEUBURG, bei Wien.
2753 2358 2924 2404 756—20ʃ15
1145 3172 2021 3255 Penſion :: gegründet 1884
1384 3256 2662 3323 15 Minuten oberhalb Rinn inmitten eigener Privatwaldungen.
1424 3343 2611 3407 Geeignetſter Aufenthaltsort für Sommerfriſchler und Ausflügler. — Groß⸗
1422 3381 2610 3446 artige Spaziergänge in waldreicher Gegend. — Aerztlich anerkannte,
1423 3422 2609 3486 vorzügliche Heilbäder. Fremdenzimmer in genügender Anzahl.
1400 3464 2626 3539 Um geneigten Zuſpruch bittet, hochachtungsvoll: Der Beſitzer: Joſef Bächle.
1106 3558 2008 3614 Prämiiert Paris 1907 goldene Medaille. Internat.
1373 3601 1741 3643 Ausſtellung für Hygiene.
1196 3636 1905 3705 Japan. Busencrême
1104 3692 1797 3742 Einzig ſicher wirkendes und ärztlich empfoh⸗
1104 3728 1797 3778 lenes Mittel zur Wiedererlangung einer herr⸗
1102 3764 1796 3814 lichen Büſte. Aeußerlich zu gebrauchen, ga⸗
1100 3799 1796 3848 rantiert unſchädlich, für jedes Alter und
1099 3835 1794 3884 Konſtitution anwendbar. Ueberraſchender Er⸗
1100 3871 1794 3921 folg. Preis eines Tiegels ſamt Gebrauchs⸗
1099 3905 1794 3955 anweiſung K 7.—, Probetiegel K 4.—. Dis⸗
1152 3943 1739 3990 kreter Verſand gegen Nachnahme durch
1274 3981 1611 4025 Karolina Weil
1095 4021 1897 4084 642: 24ʃ6 Wien, XVI., Ottakringerſtraße
1094 4086 1204 4121 J2879
1259 4086 1830 4175 Vertrauenswürdige
1941 4105 1995 4148 0ſ3
1092 4178 1990 4337 Herren und Damen
1088 4344 1983 4407 welche gewillt find, von Haus zu Haus zu arbeiten
1085 4389 1988 4454 können viel Geld verdienen. Offerte unter „Ver⸗
1087 4433 1912 4497 trauenswürdig 600“ an Haaſenſtein u. Vogler.
2040 3598 2671 3796 Hotel Fuchs
2032 3819 2936 3874 Neu renoviert und mit modernstem Komfort ausgestattet;
2030 3846 2937 3912 Altrenommiertes Restaurant. Elektrische Beleuchtung und
2028 3892 2935 3944 Zentralheizung in allen Räumen. — Zimmer von 2 Kronen
2027 3926 2933 3982 aufwärts. — Wannen-, Dampf- und Schwimmbäder im
2026 3962 2930 4021 Hause, ebenso Wasserkuren unter ärztl. Leitung. —
2026 3988 2932 4053 Auto-Garage. Heinrich u. Karl Mayer. 91074-1218
2699 3614 2940 3670 Wien, XV.
2712 3666 2925 3703 Mariahilfer-
2710 3712 2915 3751 strasse 138
2694 3756 2935 3794 (2 Minuten vom
2711 3792 2920 3829 Westbahnhof).
2067 4076 2928 4139 Im Verlage der Wagner'ſchen Univerſitäts⸗
2023 4133 2925 4197 Buchhandlung in Innsbruck erſchien ſoeben:
2228 4192 2728 4277 Die Muren
2019 4284 2923 4347 Verſuch einer Monographie mit beſonderer Verück⸗
2017 4337 2921 4402 ſichtigung der Verhältniſſe in den Tiroler Alpen⸗
2279 4402 2654 4454 Von Dr. J. Stiny.
2015 4454 2908 4523 Mit 34 Abbildungen. 1910. Preis geh. K 2-50
