2763 3576
111 233 365 274 1. Juli 1911.
849 229 1367 272 Illustrierte Kronen=Zeitung.
1725 227 2129 267 Nr. 4130. Seite 11.
2317 235 2442 262 Sport.
164 301 1084 341 * Das 5. Heft der „Elternkonferenzen und
74 337 1084 378 Elternabende“ ist im Schulbücher=Verlage, Wien, er¬
73 371 1085 414 schienen. Preis 30 h. Es enthält den Bericht über die erste
74 408 1083 449 Elternkonferenz in Oesterreich mit A. Tluchors Vortrag:
76 443 1085 487 „Erziehung unter schwierigen sozialen Ver¬
74 482 349 521 hältnissen“.
162 514 1085 557 * Deutsche Rundschau für Geographie.
68 551 1085 596 Unter Mitwirkung hervorragender Fachmänner herausgegeben
74 589 1086 631 von Prof. Dr. Hugo Hassinger. 33. Jahrgang. A. Hart¬
77 626 1033 668 lebens Verlag in Wien, jährlich 12 Hefte zu 1 K 25 h.
146 662 1085 703 * „Die Depression auf dem Rentenmarkte“
1 696 1087 740 von Michael Fischl, emer. Vorstand des Parteienbureaus der
76 733 1087 774 k. k. priv. österr. Kreditanstalt für Handel und Gewerbe. Ver¬
77 769 1015 811 lag für Fachliteratur, G. m. b. H., Wien. Preis 1.20 K.
166 812 1088 854 * Reisen in Norwegen. Auskunft über die ver¬
76 848 1088 890 schiedenen Routen nach Skandinavien und die empfehlenswehr¬
79 884 1089 927 kesten Touren in Norwegen. Verlag von Tourist=Bureau
78 920 1026 962 F. Feyer, Bergen (Norwegen). Wird gratis zugesendet.
172 962 1089 1006 * J. F. Kleine. Die Heilung der gichtisch¬
79 998 1089 1041 rheumatischen Erkrankungen gemäß der erfolg¬
80 1034 1088 1078 reichst bewährten Methode des Dr. Med. M. J. Kittel in
80 1069 1088 1113 Franzensbad. Verlag von Kleine u. Stapf, Berlin W 15.
80 1107 465 1160 Preis geheftet 4.20 K.
119 1168 1061 1266 Städtische Angelegenheiten.
234 1279 935 1322 Verbot des Wanderhandels.
173 1335 1091 1381 In der gestrigen Sitzung des Stadtrates berichtete Stadt¬
82 1381 1092 1425 rat Fratz über die Verlängerung und Erweiterung
84 1425 1094 1467 des Verbotes des Wanderhandels in Wien.
83 1471 989 1515 Nach seinem Antrage wurde folgender Beschluß gefaßt:
171 1514 1093 1557 Der Gemeinderat wolle beschließen, es sei an die Statt¬
83 1562 677 1603 halterei folgender Antrag zu stellen:
175 1612 1097 1655 1. Das mit den Statthalterei=Kundmachungen vom Jahre
88 1648 1097 1691 1907 ausgesprochene Verbot des Umhertragens und Anbietens
84 1683 1099 1726 von Eiern, Milch, Butter und Brennholz, ferner
86 1720 1098 1761 von Molkereiprodukten (Topfen, Käse und Rahm), von Kraut
86 1753 1098 1796 und Rüben in gesäuertem Zustande und von Holzkohle, dessen
85 1789 1098 1831 Wirksamkeit mit Ende Juli 1911 abläuft, wird bis Ende Juli
89 1825 1097 1867 1917 für das ganze Gemeindegebiet von Wien erneuert.
162 1860 1097 1904 2. Es werde weiters das Umhertragen und Anbieten
88 1896 1099 1938 von Obst (einschließlich Dörrobst), Zwiebeln, Kar¬
87 1931 1099 1974 toffeln, Gemüse aller Art, Geflügel in lebendem
89 1967 1099 2009 und totem Zustande, Naturblumen und Honig für das ganze
88 2004 865 2045 Gemeindegebiet bis Ende Juli 1917 untersagt.
182 2037 1101 2080 3. Es wird der Anschauung Ausdruck gegeben, daß Stein=
89 2074 1101 2115 und Braunkohle, Briketts, Kaffee und Kaffeesurogate nicht als
91 2109 1101 2151 Erzeugnisse der Land= und Forstwirtschaft anzusehen sind,
90 2145 1102 2187 demnach das Feilbieten dieser Artikel im Umherziehen über¬
90 2184 581 2221 haupt nicht gestattet ist.
178 2215 1100 2257 4. An die Bezirkshauptmannschaften und an die übrigen
89 2251 1101 2292 politischen Behörden Niederösterreichs wäre seitens der Statt¬
89 2286 1101 2329 halterei die Weisung zu erlassen, daß die bisher hie und da
91 2321 1102 2364 noch geübte Ausfertigung von Gelverbescheinen zum Wander¬
91 2356 1101 2399 handel mit gewissen Naturprodukten „nach Wien“ hinsichtlich
92 2391 1100 2433 jener Artikel, für welche ein Verbot des Wanderhandels in
92 2425 1102 2469 Wien erlassen wurde, in Hinkunft mit Rücksicht auf dieses
93 2464 741 2506 Verbot nicht mehr zulässig sei.
188 2532 1102 2576 (Eine Aussichtsfahrt des Bürgermeisters.) Donnerstag
90 2569 1103 2613 unternahm Bürgermeister Dr. Neumayer eine Bereisung
93 2605 1100 2649 des Gebietes der ersten Hochquellenleitung, besichtigte ein¬
91 2642 1102 2689 gehend die städtischen Forsthäuser sowie einige Quellenstuben
97 2678 1096 2723 und orientierte sich durch Augenschein an Ort und Stelle
93 2715 1104 2761 über die dort in den letzten Jahren zutage getretenen Uebel¬
94 2760 193 2794 stände.
190 2787 1104 2830 (Bergnügungsfahrt nach München und Salzburg.) Die
97 2823 1102 2869 Wiener Straßenbahner fahren im Sonderzuge mit Musik¬
99 2860 1104 2906 kapelle und Gesangverein auf 4 Tage nach München und
99 2896 1103 2942 Salzburg. Abfahrt von Wien Westbahnhof am 22. Juli,
98 2933 1105 2979 6 Uhr 40 Min. abends. Fahrpreis 28 K. Anmeldungen an
95 2972 949 3015 Verkehrsmeister Josef Gruber, Favoritenstraße 9.
195 3015 1107 3058 (Eine Broschüre über das „Gänsehäufel“.) Die bekannte
97 3050 1108 3099 Schölersche Broschüre „Städtisches Strandbad Gänsehäufel in
100 3087 1107 3134 Wien“ ist soeben in neuer, den veränderten Verhältnissen ent¬
97 3123 1106 3171 sprechend ergänzter Auflage erschienen. Das Werkchen enthält
99 3161 1108 3207 eine große Anzahl reizender Illustrationen, welche das Leben
102 3200 888 3238 und Treiben in dem Strandbad veranschaulichen.
198 3234 1103 3278 (Die Zedlitzmarkthalle als gewerbliche Ausstellungshalle.)
101 3267 1109 3317 In der gestrigen Stadtratssitzung erstattete Vizebürgermeister
100 3305 1110 3353 Dr. Porzer Bericht wegen Ueberlassung der Markthalle in
103 3341 1109 3389 der Zedlitzgasse im 1. Bezirke an den deutsch=österreichischen
92 3379 920 3429 Geinerhebund zu gewerblichen Ausstellungszwecken.
1411 320 1836 411 Gerichtssaal.
1232 411 2042 480 Der Zwiespalt im hausbesorgerverein.
1143 490 2126 539 Bezirksrat Fragner zieht die Ehrenbeleidigungsklagen
1574 538 1690 580 zurück.
1217 596 2145 640 Infolge von Unregelmäßigkeiten im Ersten christlichen
1125 631 2146 675 Hausbesorger= und Portierverein kam es zu Beginn dieses
1125 669 2145 711 Jahres in Hausbesorgerversammlungen wiederholt zu heftigen
1125 704 2145 746 Angriffen gegen den Obmann des Vereins, Bezirksrat
1127 739 2144 783 Fragner, wobei gegen diesen überdies ehrenrührige An¬
1126 776 2144 818 würfe erhoben wurden. Diese Vorkommnisse führten zu
1126 811 2145 855 Ehrenbeleidigungsklagen gegen die Hausbesorger Franz
1127 848 2143 889 Schejnocha und Karl Grießler. Als Kläger traten auf:
1127 884 2144 927 Bezirksrat Fragner und der Hausbesorger Adolf Bessert.
1127 920 2144 962 Die Geklagten waren durch Dr. Liebmann, die Kläger
1128 958 1859 998 durch Gemeinderat Dr. Mataja vertreten.
1220 992 2145 1034 Den Geklagten wurde zur Last gelegt, sie hätten in
1128 1027 2144 1069 Versammlungen, so in einer in den Sophiensälen abgehaltenen
1128 1063 2145 1106 Versammlung der Hausbesorger, mit Bezug auf Fragner die
1127 1098 2148 1141 Aeußerungen: „Wüstling, Ehebrecher, Gauner und
1129 1134 2145 1177 moralischer Mörder seiner Frau“ gebraucht
1412 1190 1856 1226 Zu einem Ausgleich bereit.
1221 1238 2146 1282 Während Schejnocha leugnete, die Aeußerungen
1129 1276 2145 1318 getan zu haben, gab Grießler in der am 13. Februar
1132 1310 2145 1353 stattgehabten Verhandlung die beanständeten Worte unum¬
1130 1346 2143 1389 wunden zu und bot für jede dieser Aeußerungen den Wahr¬
1130 1383 2142 1425 heitsbeweis an, welchem Begehren stattgegeben wurde.
1227 1427 2146 1469 Gestern fand vor dem Strafrichter Dr. Heran
1138 1462 2145 1505 (Bezirksgericht Landstraße) die fortgesetzte Verhandlung statt.
1132 1498 2145 1540 Schejnocha leugnete auch gestern, die ihm zur Last
1133 1532 2147 1576 gelegten Ausdrücke gebraucht zu haben und führte eine Reihe
1135 1573 1677 1612 von Zeugen zum Beweise hiefür.
1227 1604 2147 1647 Grießler war zur Verhandlung nicht erschienen.
1135 1636 2148 1683 Sein Vertreter erklärte, sein Klient halte seine
1136 1673 2148 1719 früheren Aussagen aufrecht und sei zur Führung
1137 1710 2148 1755 des Wahrheitsbeweises bereit. Gleichzeitig machte Dr. Lieb¬
1138 1746 2148 1791 mann die Mitteilung, daß gegen Grießler beim Landesgericht
1137 1784 2149 1827 eine Strafsache anhängig sei und daß von einem Erkenntnis¬
1136 1817 2148 1862 senat die Untersuchung des Geisteszustandes Grießlers an¬
1136 1862 1391 1898 geordnet wurde.
1234 1898 2151 1941 Es wurden nun zwei Zeugen vernommen, die bestätigen,
1139 1935 2152 1977 daß Schejnocha die Aeußerungen über Fragner nicht getan
1139 1970 2151 2012 haben dürfte. Gemeinderat Dr. Mataja erklärte sich nun
1141 2005 2153 2047 bereit, da durch das Leugnen Schejnochas, sowie wegen des
1141 2040 2150 2084 Umstandes, daß Grießlers Geisteszustand untersucht wird, der
1140 2076 2151 2120 Prozeß eine neue Wendung erhalten habe, wodurch der Zweck
1140 2110 2151 2156 der Prozeßführung nicht erreicht werden könne, auf einen Aus¬
1141 2155 1420 2192 gleich einzugehen.
1381 2204 1906 2242 Die Aussagen der Stieftochter.
1230 2253 2154 2295 Ueber Fragners Ersuchen wurde noch dessen Stieftochter
1139 2287 2155 2330 Marie Kreiner einvernommen. Der Richter hielt ihr die
1141 2324 2154 2366 Wohltat des Gesetzes vor, wonach sie sich der Zeugenaussage
1139 2358 2153 2402 entschlagen könne. Die Zeugin erklärte hierauf, nicht aus¬
1140 2395 2153 2438 sagen zu wollen. — Fragner: Aber Marie, es hängt ja
1141 2429 2155 2473 meine Existenz von deiner Aussage ab! — Zeugin: Ich
1141 2464 2153 2508 werde doch aussagen. — Die Zeugin schilderte nun, wie
1142 2500 2153 2544 Fragner vor ihrer Mutter mit ihr einen Scherz machte.
1141 2532 2153 2587 Dieser Scherz wurde von ihrer Mutter, die eine sehreifer¬
1141 2565 2154 2615 süchtige Frau war, übel ausgelegt und durch ihre Tante
1142 2606 2155 2647 wurde ein Gerücht verbreitet, das aber der Wahrheit nicht
1142 2642 2155 2685 entsprach. Ueber das Familienleben Fragners befragt, erklärte
1142 2677 2155 2722 die Zeugin, es sei allerdings zwischen ihrer Mutter und ihrem
1143 2713 2158 2755 Stiefvater wiederholt zu Streitigkeiten gekommen. Ihre
1144 2748 2156 2791 Mutter sei eine sehr gebildete Frau gewesen, während Fragner
1145 2783 2159 2828 sehr roh war. Sie haben mit einem Worte nicht zusam¬
1145 2828 1395 2863 mengepaßt.
1236 2854 2159 2898 Ueber Antrag der beiden Vertreter unterbrach der Richter
1146 2891 2159 2934 die Verhandlung und als dieselbe wieder ausgenommen wurde,
1144 2924 2159 2969 erklärte Dr. Mataja im Namen seiner Klienten die
1146 2961 2161 3006 Klagen zurückzuziehen, nachdem Grießler und
1146 2997 2163 3042 Schejnocha entsprechende Erklärungen abgegeben hatten. —
1147 3032 2162 3076 Der Richter ging hierauf mit einem Freispruch beider
1145 3077 1411 3114 Angeklagten vor.
1408 3142 1901 3205 Der beleidigte „Fratz“.
1394 3212 1910 3251 Die „Ehre“ der Volksschülerin.
1242 3263 2165 3303 Einen interessanten Verkauf nahm gestern beim Straf¬
1151 3298 2165 3341 bezirksgerichte Josefstadt die Verhandlung über eine Ehren¬
1152 3334 2164 3377 beleidigungsklage, welche der Advokat Dr. Friedrich Weil im
1151 3369 2166 3413 Namen seiner elfjährigen Tochter, der Volksschülerin Marianne
1152 3404 2164 3449 Weil, gegen die Wirtschafterin Agnes Wiesmann ein¬
2204 296 2580 328 Fast neues Freilaufrad un
2180 323 2580 354 70 K zu verlaufen. 2. Bez.
2180 352 2580 381 Untere Donaustraße 23, Part
2179 380 2581 419 Tür 11. 13391
2194 425 2568 492 Fahrräder 1911
2176 503 2581 540 KleineTeilzahlung, Garantie
2177 539 2583 576 Karte genügt. Depot Pick, IX
2176 575 2584 606 Liechtensteinstrasse Nr. 25
2280 650 2485 685 Maschinen.
2180 693 2588 794 Nähmaschinen
2176 803 2582 841 ohne Angabe. Lager aller
2176 839 2579 879 Systeme. 10 Jahre Garantie
2219 876 2544 906 1 Krone wöchentlich.
2176 909 2588 947 Unterricht, Zustellunggratis.
2175 945 2585 984 Karte genügt. — Depot:
2178 989 2586 1056 Pick, Wien, IX/1
2176 1058 2588 1091 Liechtensteinstrasse Nr. 25,
2280 1097 2485 1123 Telephon 23.357.
2204 1144 2588 1171 Nähmaschinen, Fahrräder=
2176 1170 2589 1198 Grammophone u. Musikschall¬
2175 1197 2588 1226 platten auf Raten. Gebrauchte
2175 1225 2586 1253 nehme in Zahlung. Aberbach=
2174 1251 2589 1280 Wien, 6. Bez., Mariahilfer¬
2176 1280 2588 1308 straße 101. Vertreter werden
2174 1307 2588 1336 gut honoriert, Händler extra
2174 1334 2587 1360 Rabatt. 4487
2203 1405 2598 1477 Auskünfte.
2222 1490 2594 1531 H. H. Nein! Um auf
2187 1528 2591 1567 Staatskosten dienen zu
2188 1564 2594 1602 können, müssen Sie in
2188 1598 2595 1640 Ihrem Falle unbedingt
2188 1637 2506 1672 die Matura haben.
2228 1687 2594 1724 Transferierung. 1.
2189 1722 2593 1764 Jeder Soldat, bei wel¬
2189 1756 2593 1799 chem derart gewichtige
2190 1789 2593 1833 Gründe geltend gemacht
2190 1829 2597 1866 werden können, daß
2192 1865 2594 1905 dessen Transferierung
2193 1900 2594 1941 gerechtfertigt, ja sogar
2193 1934 2594 1976 geboten und im Interesse
2193 1973 2595 2010 des Dienstes geboten er¬
2193 2007 2594 2048 scheint. — 2. Wie gesagt,
2194 2040 2599 2081 bei ganz gewichtigen
2192 2077 2597 2116 Umständen, z. B. chroni¬
2195 2111 2595 2152 schen Leiden. Familien=
2196 2146 2597 2184 und Erwerbsverhältnisse.
2194 2183 2602 2222 — 3. Zur Durchführung
2195 2219 2597 2257 militärischer Angelegen¬
2193 2255 2596 2293 heiten behördlich kon¬
2197 2289 2598 2329 zessiönierter Privat¬
2196 2325 2597 2363 bureaux. — 4. Noch ein¬
2195 2362 2437 2397 mal einreichen.
2237 2412 2598 2450 Richtig, 1912. Kaufen
2194 2447 2597 2485 Sie sich um 40 Heller in
2195 2482 2596 2519 der k. u. k. Hofbuchhand¬
2196 2518 2597 2556 lung L. W. Seidel u.
2196 2553 2597 2591 Sohn (Graben 13) die
2198 2588 2600 2626 „Konkurs = Ausschreibung
2196 2624 2600 2662 für die Aufnahme in die
2207 2661 2600 2696 Militär=Unterrealschulen
2198 2695 2600 2732 u. s. w. Sie werden in
2197 2731 2598 2769 derselben alles finden,
2198 2766 2600 2801 was Sie brauchen. Wir
2201 2800 2601 2838 haben an Militär=Bil¬
2198 2838 2602 2875 dungsanstalten: Institut
2198 2873 2603 2909 für verwaiste Offiziers¬
2203 2908 2604 2945 söhne, 6 Militär=Unter¬
2201 2944 2606 2980 realschulen, 2 Militär=
2200 2977 2605 3017 Oberrealschulen, 2 Mili¬
2202 3015 2605 3057 tär=Akademien, 12 In¬
2203 3049 2606 3087 fanterie=, 1 Artillerie=,
2205 3085 2604 3123 1 Kavallerie=, 1 Pionier=
2204 3121 2605 3158 Kadettenschule. — In¬
2204 3156 2606 3193 genieure werden in der
2208 3190 2606 3228 technischen Militär=Aka¬
2207 3227 2606 3260 demie und nach ent¬
2209 3260 2608 3298 sprechender Absolvierung
2206 3296 2610 3334 derselben im technischen
2207 3333 2612 3368 Fachkurse für den
2206 3368 2611 3406 höheren Fachbaukurs
2208 3403 2416 3439 herangebildet
