3488 5349
242 138 432 174 Nr. 16830
778 136 1042 179 Wien, Samstag
196 212 1214 260 Albaneſenführer in Kraft treten, zu welchem Zwecke dem
199 256 1213 305 Vali von Skutari, dem Oberkommandierenden Torghut
199 301 1213 350 Schefket Paſcha und dem türkiſchen Geſandten in Cettinje
201 345 1213 395 weitgehende Vollmachten erteilt wurden. Ein Teil der zu
199 389 1213 439 gewährenden Konzeſſionen unterliegt allerdings dem Ein⸗
200 434 1209 484 fluſſe der Legislative, kann daher erſt in Kraft treten,
197 477 1213 526 wenn das Parlament ſeine Zuſtimmung gegeben
199 522 1212 573 haben wird. Doch wird die Pforte die Verpflichtung über⸗
199 565 1213 616 nehmen, Sorge zu tragen, daß die noch ausſtändig⸗
199 609 1214 660 bleibenden Reformen baldigſt auf den Weg der Geſetz⸗
197 657 845 709 gebung geführt und erledigt werden.
276 699 1210 750 Die türkiſche Regierung erbringt mit dieſem weit⸗
197 744 1211 796 geſteckten Programm den Beweis, daß ſie ernſtlich daran⸗
197 788 1209 840 geht, Albanien zu pazifizieren, die in der Eigenart des
197 832 1212 882 Landes begründeten Wünſche der Bevölkerung zu erfüllen
197 875 1209 925 und die Albaneſen ſomit wieder zu loyalen Gliedern des
198 919 1210 970 türkiſchen Staatsganzen zu machen. Die türkiſche Regie⸗
198 963 1212 1013 rung hat dem öſterreichiſch⸗ungariſchen Botſchafter in Kon⸗
198 1007 1212 1057 ſtantinopel, Markgrafen Pallavicini, der ſeit ſeiner
198 1050 1210 1099 Rückkehr nach der türkiſchen Hauptſtadt bereits mehrmals
198 1093 1211 1144 Gelegenheit fand, im Sinne der ihm von Wien erteilten
197 1137 1208 1188 Inſtruktionen in freundſchaftlichſter Weiſe auf die Not⸗
198 1181 1211 1232 wendigkeit eines baldigen Friedensſchluſſes in Albanien
198 1227 1211 1276 aufmerkſam zu machen, mitgeteilt, daß ſie von den neuen
199 1270 1211 1319 nach Skutari und Cettinje abgeſendeten Weiſungen an die
198 1314 1211 1362 mit den Verhandlungen betrauten türkiſchen Funktionäre
200 1357 1211 1406 eine baldige und zufriedenſtellende Erledigung der
199 1401 1211 1454 ſchwebenden Angelegenheit erhoffe, eine Mitteilung, die
199 1444 1212 1493 von öſterreichiſch⸗ungariſcher Seite mit Befriedigung zur
199 1492 700 1538 Kenntnis genommen wurde.
429 1567 995 1615 Die Miſſion Miuſchkovic'.
456 1618 972 1650 (Telegramm der „Neuen Freien Preſſe“.)
785 1646 1193 1685 Petersburg, 30. Juni.
281 1690 1221 1740 Einflußreiche ruſſiſche Staatsmänner, darunter Finanz⸗
199 1733 1220 1784 miniſter Kokowzow, ſehen die Verhandlungen Miuſch⸗
204 1778 1219 1827 kovic ſehr ungern, fürchten, daß Rußland in ein
202 1822 1220 1869 unliebſames Abenteuer verwickelt wird, und halten es für
202 1865 1221 1914 viel beſſer, wenn Rußland im Hintergrund bliebe und
201 1908 1221 1957 nur indirekt auf die Löſung der albaneſiſchen
199 1957 530 2003 Frage hinwirkte.
281 1995 1222 2044 Nach den Informationen der „Birſchewija Wjedo⸗
201 2039 1219 2089 moſti“ iſt Miuſchkovic vom König von Montenegro
204 2083 1222 2133 mit Handſchreiben an hohe Perſönlichkeiten ver⸗
201 2126 1222 2177 ſehen worden, in denen die Einmiſchung Ruß⸗
200 2173 902 2219 lands als notwendig hingeſtellt wird.
275 2249 1147 2299 Aeußerungen des Generals Miuſchkovic.
914 2300 1185 2335 Wien, 30. Juni.
277 2342 1217 2392 Der Petersburger Vertreter des „Rußkoje Slowo“
201 2385 1218 2435 hatte mit dem General Lazar Miuſchkovic eine
200 2431 1219 2479 Unterredung, in deren Verlauf dieſer unter anderm er⸗
200 2478 313 2515 klärte :
285 2515 1216 2567 „Der Sultan und ſeine Ratgeber haben geglaubt,
200 2561 1221 2611 durch leere Verſprechungen Beruhigung bringen zu
200 2605 1220 2653 können, aber ſie irrten ſich grauſam. Die albaneſiſchen
199 2649 1220 2698 Führer wollen dieſen Verſprechungen keinen Glauben
199 2681 1225 2742 ſchenken. Eine Beilegung des albaneſiſchen Aufſtandes
201 2735 1220 2784 kann daher nur dann erfolgen, wenn die Zuſagen
201 2779 1223 2827 der Türkei durch entſprechende Akte der
201 2822 1225 2871 intereſſierten europäiſchen Mächte be⸗
200 2864 1221 2915 kräftigt würden. Im entgegengeſetzten Falle wird
200 2910 1223 2958 der Aufſtand an Ausdehnung gewinnen und unerwünſchte
201 2952 1218 3001 Verwicklungen auf der Balkanhalbinſel herbeiführen.
200 2996 1221 3042 Einen Gewinn von derartigen Verwicklungen würden bloß
200 3038 1223 3090 zwei Mächte ziehen, welche hinter den Couliſſen der
201 3083 1222 3132 Ereigniſſe ſtehen : Oeſterreich⸗Ungarn und
200 3126 1221 3174 Italien. Die intereſſierten europäiſchen Mächte müſſen
202 3169 1224 3224 daher offen für Albanien, für die Verleihung einer
201 3214 1078 3256 Autonomie an Albanien eintreten.
280 3252 1223 3311 Die Türkei hat eine Truppenmacht von 55.000 Mann
201 3300 1223 3349 zuſammengezogen, ſo daß die Situation an der Grenze
202 3343 1223 3392 mehr als geſpannt iſt. Wir ſind bemüht, die Situation
201 3384 1241 3436 nicht zu verſchärfen, aber wir fürchten für den morgigen
202 3429 1223 3480 Tag. Wird die Türkei uns überfallen, werden wir die
201 3464 1224 3521 Antwort nicht ſchuldig bleiben. Daraus kann man den
202 3516 1222 3566 Ernſt der Lage deutlich erſehen. Und wir Montenegriner
202 3557 1223 3613 ſind davon überzeugt, daß Rußland uns nicht ver⸗
202 3599 424 3662 laſſen wird.“
294 3679 1124 3729 Meldungen Schefket Torghut Paſchas.
718 3729 1194 3766 Konſtantinopel, 30. Juni.
288 3769 1225 3821 Der türkiſche Geſandte in Cettinje hat ſich bereit
207 3814 1226 3864 erklärt, eventuell ſchriftlich unterbreitete, annehmbare Deſi⸗
209 3857 1227 3908 derata der Maliſſoren der Pforte zu übermitteln, lehnte
203 3896 1226 3954 dagegen die Uebernahme gewiſſer unannehmbarer Vor⸗
203 3949 389 3998 ſchläge ab.
290 3991 1229 4037 Der Oberkommandant wurde beauftragt, eine genaue
210 4032 1225 4084 Liſte der von den Truppen zerſtörten Häuſer und
208 4076 1228 4128 Kirchen zu überſenden und inzwiſchen ſofort mit der
204 4124 1020 4172 Wiederinſtandſetzung der Kirchen zu beginnen.
291 4164 1227 4212 Der Oberkommandant teilte mit, daß die Bewohner
204 4209 1226 4258 des Kaſtrati⸗ und des Srekeligebietes
204 4249 1227 4304 größtenteils treu geblieben und nur teil⸗
204 4295 1228 4346 weiſe nach Montenegro geflüchtet ſind; ein Teil kehrt
211 4339 1229 4390 bereits zurück. Dagegen flüchteten alle Angehörigen der
212 4380 1229 4432 Stämme Hoti, Gruda, Selce und Klementi
213 4424 1228 4476 und beläſtigten, durch Montenegriner
211 4471 1228 4519 unterſtützt, neuerdings die Truppen.
210 4511 1226 4563 Ueber tauſend Angehörige der Stämme Riul, Retz,
212 4550 1227 4608 Poſtripa ſeien in der Türkei geblieben. Ueber dreitauſend
212 4600 1228 4650 Angehörige des Schala⸗ und des Schuſchli⸗Stammes
213 4643 1228 4696 verſuchten nach Montenegro zu flüchten, wovon ſie durch
205 4686 1228 4737 Umzingelung ſeitens der Truppen abgehalten wurden.
205 4730 1229 4781 Nach Einlangen dieſer Mitteilungen ſollen der Kriegs⸗
205 4768 1232 4832 miniſter ſowie der Miniſter des Innern und des Aeußern
212 4820 961 4868 einige wichtige Beſchlüſſe vereinbart haben.
295 4858 1232 4910 Aus ſicherer Quelle verlautet, daß der hieſige monte⸗
205 4905 1231 4961 negriniſche Geſchäftsträger in ſeiner geſtrigen Unterredung
205 4948 1231 5004 mit dem Miniſter des Aeußern die Frage der Unter⸗
216 4991 1230 5040 werfung der Maliſſoren nicht beſprach, indem er erklärte,
205 5035 1233 5087 daß Montenegro infolge der direkten Unterhandlungen
204 5078 1234 5135 des türkiſchen Geſandten mit den Flüchtlingen daran nicht
205 5125 564 5178 mehr intereſſiert ſei.
1494 130 2061 168 Neue Freie Presse.
1334 208 2270 257 „Sia“ dementiert die Gerüchte über Meinungs⸗
1255 253 1829 299 verſchiedenheiten im Miniſterrate.
1333 296 2267 345 Der konſervative „Schehrah“ verzeichnet das Gerücht,
1255 339 2084 387 daß der Kriegsminiſter Großvezier werden ſoll.
1383 432 2147 499 Bulgariſche Nationalverſammlung.
1504 503 2021 534 (Telegramm der „Neuen Freien Preſſe“.)
1883 535 2239 570 Tirnowa, 30. Juni.
1339 575 2274 622 Der Entwurf der Verfaſſungsänderung
1253 618 2273 664 wurde in erſter Leſung angenommen und einer aus
1254 662 2270 710 33 Mitgliedern beſtehenden parlamentariſchen Kom⸗
1253 705 2270 753 miſſion zur Prüfung und eventuellen Aenderung
1253 750 1439 795 überwieſen.
1255 827 2274 891 Der Kampf um die Wehrvorlagen in Ungarn.
1507 903 2023 936 (Telegramm der „Neuen Freien Preſſe“.)
1886 938 2238 980 Budapeſt, 30. Juni.
1334 985 2266 1032 Der parlamentariſche Kampf um die Wehrvorlagen
1257 1029 2266 1075 hat mit dem heutigen Tage in aller Form begonnen. Noch
1258 1069 2268 1119 befinden ſich allerdings die Berichte der Ausſchüſſe über
1256 1115 2266 1163 die Wehrvorlagen nicht vor dem Abgeordnetenhauſe und
1258 1160 2267 1206 es wird vermutlich noch längere Zeit verſtreichen, bis die
1258 1203 2268 1251 Verhandlungen über dieſe Vorlagen ſelbſt beginnen
1257 1247 2269 1294 werden. Aber die Appropriationsdebatte ſteht
1257 1287 2268 1339 bereits ganz im Zeichen der militäriſchen
1258 1334 2268 1382 Fragen und wird ſich inhaltlich nicht von der Wehr⸗
1256 1379 1722 1424 reformdebatte unterſcheiden.
1337 1421 2264 1469 Die Gepflogenheit in der Verhandlung über das
1258 1465 2270 1513 Budgetgeſetz, die ganze Regierungspolitik einer Kritik zu
1260 1509 2271 1557 unterziehen, bietet der Oppoſition die willkommene Hand⸗
1259 1552 2267 1601 habe, die militäriſchen Fragen aufs Tapet zu bringen.
1260 1596 2268 1646 Auch der taktiſche Zweck, den ſie verfolgt, hängt mit den
1260 1640 2269 1694 Wehrvorlagen zuſammen, denn es ſoll dadurch erreicht
1258 1685 2266 1734 werden, daß die Wehrreformdebatte ſo ſpät als möglich
1260 1730 1394 1773 beginne.
1336 1771 2274 1820 Nach den Reden, welche heute die Abgeordneten
1259 1814 2273 1867 Zoltan Deſy und Ludwig Hollo gehalten haben,
1261 1857 2276 1906 muß man ſich auf ſcharfe Kämpfe gefaßt machen. Aus
1259 1900 2276 1950 den Worten der beiden Redner klang unverhüllt
1257 1943 2278 1993 die Obſtruktionsdrohung heraus. Der Abge⸗
1261 1986 2276 2036 ordnete Deſy war der deutlichere. Er ſprach es offen
1260 2030 2275 2080 aus, daß die Koſſuth⸗Partei die Annahm der Wehr⸗
1260 2073 2277 2122 vorlagen mit allen geſetzlichen parlamentariſchen Mitteln
1261 2116 2274 2163 verhindern und die extremſten Waffen anwenden werde.
1259 2160 2279 2203 Hollo begnügte ſich, zu konſtatieren, daß ſich die Juſth⸗
1259 2201 2277 2252 Partei zum hartnäckigſten Widerſtand rüſte und ihre Kräfte
1259 2247 2279 2299 zum ſchärfſten Kampf organiſiere. Wenn dieſe Aeußerungen
1259 2286 2276 2340 die wirklichen Abſichten der Oppoſition kennzeichnen, ſo
1260 2332 2277 2388 ergibt ſich daraus unleugbar eine ernſte Situation, denn
1261 2370 2278 2425 alle großen Obſtruktionen ſind in ähnlicher Weiſe ange⸗
1261 2419 2276 2468 kündigt worden. Es unterliegt auch keinem Zweifel, daß
1260 2462 2278 2514 die heutige Geſchäftsordnung die Möglichkeit bietet, eine
1262 2505 2012 2554 ſolche Obſtruktion erfolgreich durchzuführen.
1343 2548 2275 2598 Daran ändert auch der Umſtand nichts, daß die
1263 2593 2274 2646 beiden oppoſitionellen Wortführer eigentlich nur in der
1262 2637 2276 2685 Negation übereinſtimmen, daß die Annahme der Wehr⸗
1263 2679 2278 2727 vorlagen verhindert werden müſſe. Sonſt ſchlagen ſie
1264 2724 2276 2771 weſentlich verſchiedene Richtungen ein. Deſy verlangte
1266 2764 2276 2813 eine Umänderung der Wehrvorlagen unter Berück⸗
1264 2810 2276 2862 ſichtigung der nationalen Forderungen, Hollo aber
1265 2855 2276 2900 forderte, daß der Wahlreform die Priorität vor der
1266 2896 2275 2947 Wehrreform eingeräumt werde. Darin kommt der große
1264 2932 2276 2986 Unterſchied zwiſchen den politiſchen Zielen der beiden
1265 2983 2275 3032 Parteien klar zum Ausdrucke und es ergibt ſich die
1266 3026 2275 3072 Lage, daß eine jede der beiden Parteien in der Gefahr
1263 3070 2276 3116 ſchwebt, durch eine Obſtruktion ihrer Rivalin die Kaſtanien
1265 3115 2275 3159 aus dem Feuer zu holen. Aber die Uebereinſtimmung in
1263 3156 2274 3203 der entſchiedenen Ablehnung der Wehrvorlagen ſchafft doch
1266 3200 2275 3246 eine gewiſſe Verbindung zwiſchen ihnen, die von ſelbſt
1265 3243 2049 3289 zu einer taktiſchen Kooperation führen kann.
1341 3286 2275 3333 Man will es in Kreiſen der Regierungspartei jedoch
1263 3323 2276 3376 vorläufig nicht als vollkommen ſicher betrachten, daß es
1262 3371 2276 3419 wirklich zu einer ernſten Obſtruktion kommen wird. Die
1263 3417 2275 3466 Neigung dazu iſt in der Oppoſition allerdings vorhanden,
1264 3460 2278 3507 aber es iſt fraglich, ob ſie ſich durchſetzen wird. Es iſt
1264 3504 2276 3551 zweifellos, daß es in der Unabhängigkeitspartei auch
1264 3548 2277 3595 Gegner der Obſtruktion gibt und daß mancher insgeheim
1263 3592 2278 3639 den Wunſch hegt, daß die militäriſchen Fragen in irgend⸗
1266 3633 2280 3682 einer Weiſe endgiltig erledigt werden. Eine Kampfes⸗
1266 3680 2278 3733 ſtimmung, wie ſie in früheren Zeiten beſtanden hat, als
1264 3723 2280 3770 die militäriſchen Fragen aufs Tapet gelangten, iſt aber
1265 3767 2280 3815 heute nirgends zu verſpüren. Selbſt im Abgeordnetenhauſe
1266 3808 2280 3857 macht die Unabhängigkeitspartei den Eindruck, als ob ſie
1267 3854 2283 3902 nur widerwillig, gleichſam um einer Pflicht zu genügen;
1266 3895 2279 3945 ſich in den Kampf einlaſſen würde. Noch mehr gilt dies
1266 3941 2281 3989 von der großen öffentlichen Meinung. Man iſt des un⸗
1266 3984 2279 4033 fruchtbaren nationalen Streites im Lande ſo ſehr müde,
1271 4028 2286 4075 daß die Beſtrebungen der Oppoſition nirgends eine
1272 4072 2287 4120 Reſonanz finden. Es iſt übrigens charakteriſtiſch, daß
1266 4116 2282 4164 bei den zahlreichen Nachwahlen in den letzten Wochen
1266 4161 2282 4208 ſelbſt in den Bezirken, welche früher durch Mitglieder der
1269 4203 2284 4251 Oppoſition vertreten waren, diesmal kein oppoſitioneller
1269 4247 2284 4294 Kandidat den Kampf aufzunehmen wagte und daß alle
1267 4290 2282 4338 dieſe Bezirke der Regierungspartei ohne Kampf zugefallen
1268 4326 2283 4382 ſind, ſo daß dieſe nicht einmal in die Lage kam, ihre
1267 4373 2285 4426 Kräfte mit der Unabhängigkeitspartei zu meſſen. Auch die
1268 4420 2282 4473 Komitate und Städte wollen ſich diesmal nicht rühren,
1269 4464 2285 4512 und es ſind nur in zwei Städten mit geringer Mehrheit
1270 4509 2224 4557 Kundgebungen gegen die Vorlagen beſchloſſen worden.
1350 4553 2284 4599 Die Aufmerkſamkeit hat ſich ganz anderen Fragen zu⸗
1272 4596 2283 4646 gewendet; von einer Erneuerung des nationalen Streites
1272 4640 2284 4688 verſpricht man ſich nirgends etwas. Wird es der Oppo⸗
1271 4683 2282 4732 ſition gelingen, dieſe Gleichgiltigkeit zu brechen und das
1275 4727 2283 4775 Land mit ſich zu reißen? Wenn aber die parlamen⸗
1272 4771 2284 4819 tariſchen Beſtrebungen der Oppoſition im Lande keinen
1270 4814 2283 4862 Widerhall finden, dann läßt ſich eine Obſtruktion nicht
1274 4858 2286 4907 lange fortſetzen. Die Anwendung parlamentariſcher Ge⸗
1272 4901 2284 4947 waltmittel wird nur dann verziehen, wenn ſie einer popu⸗
1275 4944 2285 4992 lären Sache dient. Sobald die Mitglieder der Oppoſition
1275 4986 2292 5034 merken werden, daß ſie ſich durch eine Hemmung der
1274 5031 2285 5080 parlamentariſchen Arbeiten mehr Feinde als Freunde
1280 5074 2294 5123 machen, dürften ſie die Luſt verlieren, die Dinge allzu weit
1259 5118 2286 5170 zu treiben. Man gibt ſich alſo in der Regierungspartei der
2515 128 2748 187 1. Juli 1911
3169 128 3304 187 Seite 5
2321 207 3333 255 Hoffnung hin, daß das Ruhebedürfnis des Landes eine
2320 252 3333 299 ernſte Obſtruktion nicht aufkommen laſſen wird. Der Ver⸗
2319 297 3331 342 ſuch einer Obſtruktion wird aber jedenfalls unternommen
2320 340 3331 387 werden, und ſchon heute hört man, daß die Appropria⸗
2320 384 3329 430 tionsdebatte drei bis vier Wochen hingeſchleppt werden
2320 427 3335 478 und über die Wehrvorlagen ebenſoviele Monate debattiert
2320 473 2540 508 werden wird.
2394 514 3334 561 Die Diskuſſion in politiſchen Kreiſen beſchäftigt ſich
2318 557 3338 606 im Zuſammenhange mit dem Kampf der Oppoſition leb⸗
2322 601 3341 648 haft mit einer vielbemerkten Aeußerung, welche Finanz⸗
2320 644 3338 691 miniſter v. Lukacs vor einigen Tagen im Finanz⸗
2322 688 3340 735 ausſchuß gemacht hat. Herr v. Lukacs hat darauf hin⸗
2319 725 3336 778 gewieſen, daß nach der Erledigung der Wehrvorlagen alle
2320 771 3336 821 aktuellen ſtaatsrechtlichen Fragen eliminiert ſein werden,
2322 818 3339 865 worauf ſich das Verhältnis der Parteien zueinander auf
2318 861 3338 908 einer geſünderen Grundlage entwickeln könne. Es gibt
2321 904 3339 951 nun gerade in der Oppoſition viele, welche eine ſolche
2320 948 3339 995 Umgeſtaltung der Verhältniſſe für dringend notwendig
2321 989 3339 1038 halten. An eine parlamentariſche Wechſelwirtſchaft kann
2320 1033 3339 1081 nur dann gedacht werden, wenn die Möglichkeit, von
2321 1075 3338 1132 welcher der Finanzminiſter ſprach, zur Wirklichkeit wird.
2322 1120 3338 1166 Es wäre falſch, anzunehmen, daß Herr v. Lukacs eine
2322 1163 3341 1216 neue Parteigeſtaltung unter Sprengung des gegenwärtigen
2322 1206 3342 1255 Parteirahmens im Auge hatte. Der Sinn ſeiner Worte
2323 1248 3358 1298 kann nur der geweſen ſein, daß nach Beſeitigung der
2321 1290 3341 1342 ſtaatsrechtlichen Reibungsflächen naturgemäß andere
2323 1334 3340 1385 Fragen in den Vordergrund treten und das Verhältnis
2322 1379 3342 1427 der Parteien zueinander beeinfluſſen werden. Eine
2323 1422 3342 1472 Obſtruktion gegen die Wehrvorlagen aber würde dieſen
2323 1465 3342 1515 Prozeß verhindern und eine Zuſpitzung der ſtaatsrecht⸗
2324 1509 3342 1557 lichen Gegenſätze nur wieder dazu führen, daß ſich die
2322 1551 3343 1602 Parteien im ungariſchen Parlament in regierungsfähige
2324 1594 3342 1643 und regierungsunfähige ſcheiden. Daran kann aber die
2325 1640 2998 1686 Oppoſition ſicher kein Intereſſe haben.
2367 1691 3303 1742 Die Ausſchußberatungen der Wehrvorlagen.
2401 1743 3340 1792 Die Ausſchußberatungen über die Wehrvorlagen
2323 1786 3341 1836 werden am Dienstag fortgeſetzt werden, und zwar wird
2325 1829 3342 1878 als nächſter Gegenſtand der Geſetzentwurf über die
2323 1872 3343 1922 Organiſation der Honveds zur Verhandlung
2327 1918 2470 1952 kommen.
2324 1989 3344 2059 Verwaltungsgerichtshof-Präſident Dr. Wlaſſics
2501 2054 3173 2118 über die Memoiren Pleners.
2576 2123 3084 2158 (Telegramm der „Neuen Freien Preſſe“.)
2965 2162 3307 2197 Budapeſt, 30. Juni.
2399 2193 3345 2250 Der Präſident des ungariſchen Verwaltungsgerichts⸗
2326 2242 3344 2295 hofes und ehemalige Kultus⸗ und Unterrichtsminiſter
2324 2287 3345 2336 Dr. Julius Wlaſſics veröffentlicht im Juliheft der
2328 2329 3347 2376 „Budapeſti Szemle“ eine Studie über die
2326 2373 3346 2426 Memoiren des Dr. Ernſt Freiherrn v. Plener. Doktor
2326 2415 3342 2465 Wlaſſics führt aus, er ſei immer der Anſicht geweſen und
2329 2459 3347 2513 ſei es auch heute noch, daß Plener ein aufrichtiger An⸗
2329 2497 3348 2550 hänger des Dualismus ſei. Die in ſeinen Memoiren ent⸗
2327 2546 3347 2594 haltene Bemerkung, in welcher er bedauert, daß in den
2322 2589 3345 2636 Fünfzigerjahren die von der damaligen altkonſervativen
2325 2634 3344 2685 Partei angebotene partielle Verfaſſung nicht bewilligt
2327 2677 3345 2727 worden ſei, da man dadurch die Einheit der Monarchie
2328 2720 3343 2770 erhalten hätte, laſſe jedoch die Folgerung zu, als ob
2327 2763 3347 2812 Plener die Einführung des paritätiſchen Dualismus be⸗
2328 2805 3349 2856 dauern würde. In dieſer Bemerkung ſei der Geiſt der
2328 2845 3350 2901 öſterreichiſchen zentraliſtiſchen Auffaſſung zu erkennen.
2328 2889 3344 2943 Dr. Wlaſſics will Plener nicht zu denjenigen zählen,
2328 2937 3346 2985 deren Ideal auch heute noch die Einheit des Kaiſertums
2327 2980 3345 3029 Oeſterreich iſt, bemerkt jedoch, daß dieſe Anſchauung in
2325 3024 3347 3073 der allerjüngſten Zeit in Oeſterreich häufig geäußert
2326 3067 3343 3118 werde. Hervorragende öſterreichiſche Staatsrechtslehrer,
2328 3110 3348 3160 neueſtens insbeſondere Profeſſor Tetzner, halten in der
2326 3153 3347 3202 öſterreichiſchen öffentlichen Meinung den Gedanken der
2326 3197 3347 3246 Reichseinheit wach. Deshalb dürfte ſich Plener nicht
2328 3241 3348 3290 wundern, wenn ſeine Aeußerung, die er wahrſcheinlich in
2326 3284 3347 3332 der beſten Abſicht gemacht hat, in Ungarn mit Empfind⸗
2327 3328 2929 3371 lichkeit auſgenommen werden wird.
2409 3370 3351 3418 Die Auffaſſung, daß der Ausgleich mit Ungarn in
2329 3414 3349 3462 den Fünfzigerjahren billiger geweſen wäre als ſpäter, ſei
2334 3457 3352 3506 übrigens irrig. Es beruhe auf einer Verkennung der
2332 3501 3353 3549 öffentlichen Verhältniſſe Ungarns, wenn man glaube, daß
2330 3545 3349 3594 die Nation von dem von Deak vertretenen Standpunkte
2335 3589 3352 3636 abgewichen und ſich mit dem Fragment einer Verfaſſung
2334 3633 3354 3679 begnügt hätte. Die Bereitwilligkeit zur Annahme der Vor⸗
2335 3675 3358 3731 ſchläge der Altkonſervativen hätte bei Deak keinen Wider⸗
2335 3720 3355 3765 hall gefunden, und ohne Deak war mit der Nation kein
2336 3762 3355 3810 Frieden zu ſchließen. Wenn Eötvös in einer längſt
2335 3807 3353 3853 vergeſſenen Broſchüre damals die Wiederherſtellung der
2334 3850 3354 3896 ungariſchen Verfaſſung mit der Errichtung eines Zentral⸗
2333 3894 3351 3940 parlaments vereinbaren zu können glaubte, ſo laſſe ſich
2336 3938 3354 3984 ſeine Anſicht durch die damals verzweifelte internationale
2338 3980 3360 4028 Lage wohl entſchuldigen, ſie war jedoch zweifellos ein
2334 4027 2763 4072 ſtaatsmänniſcher Irrtum.
2415 4067 3351 4115 Dr. Wlaſſics bemerkt ſodann, daß man dem
2339 4112 3355 4162 zweiten Bande der Memoiren Pleners mit großem
2341 4157 3354 4203 Intereſſe entgegenſehen müſſe. Er habe in der neueſten
2340 4200 3354 4247 Epoche der öſterreichiſchen politiſchen Geſchichte eine große
2340 4243 3353 4291 Rolle geſpielt, und es werde nun den Prüfſtein für ſeine
2339 4287 3354 4335 Objektivität bilden, wie er jenes traurige Kapitel ſchreiben
2341 4323 3355 4377 wird, das den Sturz der deutſchen politiſchen Hegemonie
2340 4373 3360 4420 in den öſterreichiſchen Erbländern enthält. Er wird gewiß
2340 4417 3355 4463 nicht vergeſſen, daß den ungariſchen Vorkämpfern des Sieben⸗
2340 4459 3362 4509 undſechziger Dualismus zweifellos der Gedanke der
2341 4503 3355 4550 deutſchen Hegemonie in Oeſterreich und der magyariſchen
2341 4546 3358 4594 in Ungarn vorſchwebte. Die Ungarn geben offen zu, daß
2340 4588 3357 4638 ihre natürlichen Freunde in Oeſterreich
2342 4634 3356 4681 die Deutſchen ſeien, ſie müſſen jedoch auch konſta⸗
2342 4675 3357 4724 tieren, daß ſich die meiſten bis heute noch nicht loyal
2344 4720 3356 4768 auf den Standpunkt des Siebenundſechziger paritätiſchen
2344 4764 3358 4812 Ausgleiches ſtellen wollen oder können. Vielleicht erhält
2344 4808 3358 4854 man im zweiten Bande der Memoiren auch darauf eine
2341 4850 3358 4897 Antwort, ob an der Verkümmerung der deutſchen Hege⸗
2343 4894 3358 4941 monie in Oeſterreich nicht auch der Umſtand einen Anteil
2343 4936 3358 4986 hatte, daß ſelbſt die bedeutendſten Staatsmänner unter
2343 4982 3359 5037 den öſterreichiſchen Politikern die Verſtändigung mit
2343 5025 3359 5072 Ungarn als eine quantité négligeable betrachteten und
2343 5069 3360 5115 nicht beſtrebt waren, die Konſequenzen des paritätiſchen
2342 5112 3359 5161 Dualismus in Oeſterreich aufrichtig zur Anerkennung zu
