3168 4829
1362 122 1911 174 Innsbrucker Nachrichten
306 109 663 157 Seite 4. Nr. 148.
258 215 1152 269 tikan beim Papſt um das Agrement eines neuen
257 260 667 310 Botſchafters angeſucht.
595 324 805 366 Portugal.
301 374 1152 423 Das Trennungsgeſetz. Die Negierung
257 416 1151 466 hat den Reklamationen der Mächte über die
257 459 1152 512 Ausführung des Trennungsgeſetzes nunmehr
255 500 1151 557 nachgegeben. Machado gab Erklärungen, aus
256 547 1151 601 denen zu entnehmen iſt, daß das Geſetz auf
254 593 1150 644 die Ausländerkirchen nicht angewendet werden
255 637 1148 690 ſoll. — Das Blatt „El Liberal“ meldet aus
254 681 1148 734 Liſſabon: Ernſte militäriſche Unruhen haben in
251 725 1148 779 Coimbra ſtattgefunden. Es haben ſchwere mili⸗
252 770 1133 822 täriſche Ausſchreitungen ſtattgefunden. Soldaten
250 815 1146 866 trupps veranſtalteten unter Vorantragung des
250 855 1140 912 Bildes des Exkönigs eine monarchiſtiſche De⸗
250 902 1145 954 monſtration. Aus Liſſabon ſind zwei Artillerie⸗
249 947 991 997 Abteilungen nach Coimbra abgegangen.
619 1009 774 1048 Türkei.
293 1059 1141 1113 Der Aufſtand im Yemen. Bezüglich
249 1102 1144 1157 der Meldung über einen für die türkiſchen
247 1147 1143 1200 Truppen verluſtreichen Kampf bei Dſchiſan
247 1191 1142 1248 Aſſir gibt jetzt das Kriegsminiſterium zu, daß
248 1236 1140 1291 einige Truppendetachements, welche Waſſer⸗
247 1282 1141 1335 quellen beſetzen wollten, aus dem Hinterhalte
246 1327 1141 1379 angegriffen wurden, ſich zurückziehen mußten, die
246 1370 1137 1423 Verluſte ſeien jedoch nicht bedeutend geweſen.
245 1415 1138 1467 Der Wali von Yemen, der das Oberkommando
245 1459 1137 1514 der Expedition nach Aſſir übernahm, ſei in
244 1505 1138 1560 Dſchiſan gelandet. Wie aus Konſtantinopel ge⸗
242 1548 1137 1603 meldet wird, hat die Regierung beſchloſſen,
243 1594 1136 1648 nach Aſſir neue Bataillone zu entſenden. Wei⸗
242 1640 1136 1692 ter ſollen vier Bataillone nach Bagdad abge⸗
239 1684 1136 1737 hen, um den Kämpfen der feindlichen Stämme
240 1732 1093 1781 Einhalt zu tun.
284 1774 1136 1825 Der Aufſtand in Albanien. Der Groß⸗
240 1819 1135 1870 weſir Hakki Paſcha machte dem öſterreichiſch⸗unga⸗
239 1863 1135 1916 riſchen Botſchafter Markgrafen Pallavicini die Zu⸗
238 1905 1135 1962 ſicherung, daß die Pforte alle möglichen Opfer
238 1952 1135 2006 bringen werde, um die Pazifizierung der Ma⸗
236 1997 1133 2049 liſſoren zu bewerkſtelligen. Pallavicini erklärte
237 2041 1134 2093 dem Großweſir, Europa würde im Falle
238 2086 1071 2137 eines Krieges nicht intervenieren.
533 2147 830 2193 Griechenland.
280 2195 1132 2246 Eine Demonſtration. 5 Offiziere, die
236 2240 1130 2293 Abgeordnete der Nationalverſammlung ſind und
236 2284 1130 2339 früher Mitglieder des Militärbundes waren,
233 2328 1129 2383 legten wegen der Annahme des Geſetzes, das
231 2370 1130 2426 dem Kronprinzen ſeine militäriſche Charge
234 2418 850 2468 wiedergibt, ihr Mandat nieder.
583 2481 781 2523 England.
277 2531 1129 2583 Der Verfaſſungskampf. Im britiſchen
230 2575 1127 2628 Oberhaus iſt Paragraph 1 der Vetobill mit
230 2614 1125 2670 verſchiedenen Amendements angenommen worden,
228 2663 1014 2714 die die Regierung teilweiſe bekämpft hatte.
276 2706 1127 2759 Neue Befeſtigungen. Die Admiralität
228 2751 1125 2803 beſchloß die Errichtung von 14 neuen Sperr⸗
228 2796 1123 2848 forts zum Schutze der im Oſten gelegenen
231 2843 452 2889 Kriegshäfen.
562 2890 752 2927 Amerika
270 2939 1121 2990 Das Ende des mexikaniſchen Bür⸗
225 2984 1123 3037 gerkrieges.) Die von Madero abgefallenen
230 3027 1123 3082 und auf eigene Fauſt weiterkämpfenden 3000
226 3073 1120 3123 Rebellen des Anführers Juarez haben ſich der
226 3118 1121 3170 Regierung unterworfen. Juarez iſt über die
227 3153 1117 3213 Grenze in die Vereinigten Staaten geflüchtet.
228 3201 1060 3256 Der Bürgerkrieg iſt damit beendet.
268 3251 1117 3304 Die Schiedsgerichtsverhandlungen.
225 3295 1119 3348 Die Verhandlungen über den Entwurf eines
224 3339 1119 3392 Schiedsvertrages, die von der Regierung zu
224 3383 1119 3437 Waſhington mit Deutſchland zur gleichen Zeit
223 3428 1117 3479 wie mit Frankreich und England gepflogen
217 3472 1119 3524 werden, ſtoßen auf ernſte Schwierigkeiten, da
217 3517 1117 3569 Frankreich Und England wenig Neigung zei⸗
215 3560 1117 3615 gen, die Monroedoktrin in Form eines Staats⸗
221 3607 667 3656 Vertrages anzuerkennen.
594 3666 746 3708 Afrika.
265 3716 1115 3767 Marokko. Die engliſche Regierung richtete
221 3761 1116 3814 an die. ſpaniſche eine zweite Note in Bezug
217 3805 1114 3860 auf die Beſetzung von Larraſch. Bekanntlich
213 3849 1114 3904 fand zwiſchen den beiden Mächten in dieſer
213 3895 1114 3949 Frage ſchon ein Notenaustauſch ſtatt, doch er⸗
219 3938 1114 3992 achtete England damals die ſpaniſche Antwort
213 3983 1112 4036 als nicht zufriedenſtellend. — Nach einer Mel⸗
216 4027 1113 4083 dung aus Fez will General Moinier mit dem
215 4072 1112 4127 Gros ſeiner Truppen in der erſten Auguſt⸗
212 4114 1112 4171 hälfte über Caſablanca nach der Schauja zu⸗
216 4162 1112 4214 rückkehren. Er glaubt, daß er mit dem großen
211 4206 1112 4258 Teil ſeiner Mannſchaften gegen den 15. Auguſt
216 4251 1110 4302 in Caſablanca eintreffe. Der Rückmarſch wird
216 4295 1110 4349 ſtaffelweiſe vor ſich gehen. Von den in der
214 4337 1110 4394 franzöſiſchen Kolonne befindlichen 120 Offizieren
214 4382 1110 4440 haben ſich nur ſieben bereit erklärt, einer Mili⸗
214 4428 1110 4483 tärmiſſion zugeteilt zu werden. Oberſt Gou⸗
1179 222 2089 275 raud ſoll an der Spitze einer Mehalle ſtehen,
1187 268 2081 320 die zur eventuellen Verteidigung von Fez und
1189 311 2082 370 Melines, beſtimmt iſt. — Die Blätter melden
1194 355 2081 409 aus Madrid: Die Regierung entſandte weitere
1187 401 2080 452 2000 Mann nach Marokko und beſchloß, die
1186 446 2080 498 Proteſte Frankreichs und Muley Haſids nicht
1186 490 2080 543 zu beachten. Die Alg###iras⸗Mächte haben, wie
1185 534 2079 588 zuverläſſig verlautet, das Von Frankreich gegen
1183 579 2072 633 Spanien beantrage Vorgehen abgelehnt.
1229 676 2035 750 Hof⸗ und Perſonalnachrichten.
1226 765 2076 817 Der Kaiſer hat dem- Oberſtleutnant des Ruhe⸗
1183 806 2076 860 ſtandes Franz Fuchs den Titel und Charak⸗
1182 852 1751 901 ter eines Oberſten verliehen.
1223 896 2075 948 Der Eiſenbahnminiſter ernannte den dem Eiſen⸗
1179 941 2072 994 bahnminiſterium zugeteilten Bahnkonzipiſten Dr.
1178 986 2072 1039 Wilhelm Rottleuthner zum Bahnkommiſſär.
1224 1032 2075 1082 Dem Bahnſekretär im Eiſenbahnminiſterium
1178 1077 2074 1126 Dr. Heinrich Schieſtl wurde der Titel eines
1177 1120 2074 1170 Inſpektors verliehen, ebenſo dem Oberrevidenten
1178 1165 2072 1215 Richard Peil, Reichsritter von Hartenfels
1177 1209 1660 1253 der Eiſenbahnbaudirektion.
1222 1252 2070 1305 Das k. k. Oberlandesgericht für Tirol und
1176 1297 2070 1350 Vorarlberg hat den Kanzleioffizianten Joſef
1175 1341 2069 1394 Leoni zum Kanzliſten beim Bezirksgerichte Tione
1174 1386 2067 1438 und die Rechtspraktikanten Doktor Alois
1174 1430 2069 1482 Bill in Bozen und Franz Hoſp in Innsbruck
1174 1475 1664 1521 zu Auskultanten ernannt.
1218 1519 2067 1575 Der k. k. Richter Dr. Max Duregger
1172 1564 2068 1616 wurde, wie man uns aus. Meran ſchreibt, zur
1173 1608 2067 1660 aushilfsweiſen Dienſtleiſtung auf die Dauer von
1173 1652 2065 1705 6 Monaten dem Juſtizminiſterium zugeteilt und
1171 1697 2062 1750 begibt ſich bereits heute Samstag nach Wien.
1214 1743 2064 1794 Das k. k. Handelsminiſterium hat den Rech⸗
1170 1788 2063 1839 nungspraktikanten Joſef Fiſcher zum Rech⸗
1169 1832 2062 1884 nungsaſſiſtenten bei der k. k. Poſt⸗ und Tele⸗
1169 1876 2060 1930 graphen⸗Direktion für Tirol und Vorarlberg
1168 1925 2054 1962 ernannt.
1210 1965 2061 2017 Der abſolvierte Realſchüler Rudolf Pillat
1166 2010 2060 2060 wurde zum Poſtamtspraktikanten für den Dienſt⸗
1166 2054 2061 2107 bereich der k. k. Poſt⸗ und Telegraphen⸗Direk⸗
1167 2098 1626 2144 tion Innsbruck ernannt.
1296 2198 1924 2259 Aus Stadt und Land.
1209 2286 2058 2336 (Statthalter Freiherr von Spie⸗
1167 2330 2060 2381 gelfeld) iſt heute früh aus Wien nach Inns⸗
1163 2376 1521 2421 bruck zurückgekehrt.
1208 2419 2056 2471 (Von der Univerſität Innsbruck.)
1162 2463 2056 2514 Zum Rektor Magnificus wurde für das Stu⸗
1161 2508 2054 2558 dienjahr 1911/12 Herr Dr. Alois Lode, o. ö.
1161 2552 2046 2604 Profeſſor für Hygiene, ordentliches Mitglied
1161 2597 2056 2646 des Landes⸗Sanitätsrates für Tirol und Vor⸗
1161 2641 2054 2691 arlberg und Gemeinderat in Innsbruck uſw.,
1160 2685 2054 2735 gewählt. — An der philoſophiſchen Fakultät wurde
1158 2729 2054 2780 Prof. Dr. Rudolf von Scala zum Dekan
1158 2774 1301 2817 gewählt.
1212 2818 2044 2870 (Preisſteigerung in den Kaffee⸗
1156 2863 2052 2914 häuſern.) Der heutige Tag hat uns Inns⸗
1156 2908 2052 2959 bruckern außer der Steigerung der Tabakfabrikate
1156 2953 2049 3004 und der „Regulierung“ der Lokalbahntarife noch
1156 2998 2051 3050 eine andere, keineswegs angenehme Überraſchung
1155 3042 2047 3092 gebracht. Wie wir erfahren, haben ſich nämlich
1154 3086 2049 3135 auch die Cafétiers von Innsbruck in einer Ver⸗
1153 3130 2048 3180 ſammlung entſchloſſen, ihre Preiſe den Lokalen
1154 3173 2048 3224 entſprechend zu „regulieren“. Sie begründen dies
1152 3219 2047 3271 mit der ſeit zehn Jahren erfolgten Steigerung
1154 3263 2048 3311 aller Lebens⸗ und Bedarfsartikel, mit der Er⸗
1153 3307 2047 3359 höhung der Kaffeepreiſe, mit dem Emporgehen der
1151 3352 2048 3402 Mietzinſe, mit der erfolgten Steigerung der poli⸗
1151 3397 2046 3446 zeilichen Lizenz, welche nunmehr für jedes bis
1149 3441 2046 3491 3 Uhr früh offen gehaltene Lokal 1128 Kronen
1150 3486 2045 3536 pro Jahr beträgt, und endlich mit der verteuer⸗
1150 3530 2044 3580 ten Erhaltung des Perſonals. Der Kaffeepreis ſoll
1149 3575 2044 3625 um 4 Heller pro Schale erhöht werden und auch
1149 3619 2041 3668 die anderen Getränke, wie: Tee, Schokolade uſw.
1148 3663 2042 3714 ſollen eine entſprechende Steigerung erfahren. So
1148 3707 2043 3758 wenig man gegen die Argumente der Cafétiers
1148 3751 2041 3803 einzuwenden vermag, muß man ſich doch fragen:
1146 3796 2041 3846 „Wohin mit der Welt, wenn es mit den Preis⸗
1147 3840 1667 3889 ſteigerungen ſo weitergeht?“
1187 3895 2041 3947 (Wohltätigkeitskonzert im Hofgar⸗
1146 3939 2037 3990 ten.) Dienstag den 4. Juli findet im k. u. k.
1145 3983 2039 4035 Hofgarten ein Wohltätigkeits⸗Promenade⸗Konzert
1145 4028 2042 4077 ſtatt, und zwar zu Gunſten des Witwen⸗ und
1144 4071 2036 4122 Waiſen⸗Penſionsfondes der Militärkapellmeiſter.
1144 4116 2039 4168 Ausgeführt wird es von der k. u. k. Kaiſer⸗
1142 4161 1567 4209 jäger⸗Regimentskapelle.
1183 4215 2036 4266 (Monatsbericht der freiwilligen
1141 4259 2037 4311 Rettungs⸗Abteilung.) Im Juni wur⸗
1144 4302 2039 4352 den im Meldebuche 157 Inanspruchnahmen ver⸗
1142 4347 2037 4401 zeichnet. Erſte Hilfe bei Unfällen wurde in
1143 4392 2038 4442 78 Fällen geleiſtet, zu 40 derſelben mußte auch
1140 4436 2038 4487 ein Rettungswagen ausrücken. Krankontrans⸗
2439 138 2961 187 Samstag den 1. Juli 1911.
2107 232 3002 286 porte wurden 71 durchgeführt. Irrige Mel⸗
2113 278 3004 330 dungen und unterbliebene Transporte gab es
2114 322 3001 373 acht. — Krankenpflegeperſonen wurden vier ver⸗
2112 363 2784 414 mittelt, zwei davon nach auswärts.
2153 410 3001 464 (Abſchieds ⸗ Abend.) Die Ortsgruppe
2110 453 2999 510 Innsbruck des deutſchöſterreichiſchen Eiſenbahn⸗
2112 499 3000 552 beamten⸗Vereines und des Reichsbundes deut⸗
2110 542 2997 595 ſcher Eiſenbahner veranſtaltete am 24. Juni
2111 588 2996 640 im Hotel „Neue Poſt“ eine Zuſammenkunft
2111 630 2998 684 ihrer Mitglieder, um von dem eifrigen Mit⸗
2110 676 2997 727 arbeiter, dem zur Generaldirektion nach Wien
2109 718 2995 773 einberufenen Revidenten Röggl Abſchied zu
2109 763 2995 814 nehmen. Außer den zahlreich erſchienenen Mit⸗
2109 808 2995 860 gliedern der beiden Vereine, hatte ſich auch
2108 850 2995 905 noch eine ſtattliche Anzahl von Freunden des
2106 894 2994 947 Scheidenden eingefunden. Auch Werkſtättenchef
2107 939 2993 991 Oberkommiſſär Ing. Kriſa, der unmittelbare
2105 983 2993 1037 Vorgeſetzte des Valetanten nahm an der Feier teil.
2106 1029 2992 1080 Im Namen des deutſch⸗öſterr. Eiſenbahnbeamters⸗
2104 1073 2991 1124 vereines ſprach der Obmann der hieſigen Orts⸗
2105 1117 2991 1167 gruppe Adjunkt Sepp Straffner, im Namen des
2104 1161 2990 1213 Reichsbundes deutſcher Eiſenbahner Ing. Suske
2102 1204 2989 1255 in warmen Worten auf den Scheidenden, den
2102 1249 2987 1301 ſie als ſtrammes und treues Mitglied, als Men⸗
2102 1293 2988 1346 ſchen, der wohl, ohne Feinde zurückzulaſſen, nach
2101 1338 2987 1388 fünfzehnjähriger Tätigkeit von Innsbruck ſcheidet,
2101 1373 2985 1433 ſchilderten. In bewegten Worten dankte Re⸗
2100 1426 2985 1478 vident Röggl für die gezollte Anerkennung und
2101 1471 2985 1521 für die Freundſchaft, die man ihm ſtets ent⸗
2100 1515 2985 1566 gegengebracht habe, mit der Verſicherung, den
2099 1560 2984 1612 Innsbruckern ſtets ein getreues Gedenken zu
2099 1605 2983 1657 bewahren. Mitglieder des Eiſenbahnſängerklubs
2098 1649 2985 1703 und ein Viergeſang des Wiltener Männergeſang⸗
2097 1694 2986 1743 vereines ſtellten ebenfalls ihr bewährtes Können
2097 1737 2984 1786 in den Dienſt des. Abends, der unter ernſten
2097 1782 2983 1832 und heiteren Reden und unter Chorgeſängen,
2096 1823 2982 1878 Quartetten und Einzelvorträgen einen ſehr
2095 1869 2980 1920 ſchönen Verlauf nahm und die Teilnehmer noch
2094 1914 2984 1966 lange nach Mitternacht beiſammenhielt, ein
2094 1958 2981 2010 Zeichen, daß die genannten Vereine nebſt ernſter
2095 2003 2823 2054 Arbeit auch frohe Geſelligkeit pflegen.
2139 2049 2982 2099 (III. Erwerbſteuertermin.) Den Er⸗
2095 2093 2983 2145 werbſteuerpflichtigen diene zur Kenntnis, daß
2093 2138 2980 2189 mit 1. Juli die III. Kate der allgemeinen Er⸗
2094 2182 2981 2231 werbſteuer und der Erwerbſteuer von dem der
2093 2227 2979 2279 öffentlichen Rechnungslegung unterworfenen Un⸗
2093 2272 2981 2323 ternehmungen fällig wird. Sofern die Jahres⸗
2092 2316 2977 2366 ſchuldigkeit eines Kontribuenten an einer dieſer
2093 2359 2979 2412 Steuergattung 100 Kronen überſteigt und in
2091 2405 2977 2455 der Zeit bom 1. bis 15. nicht entrichtet wird,
2091 2450 2975 2502 tritt nach dem Geſetze vom 9. März 1870,
2090 2495 2973 2546 R.⸗G.⸗Bl. Nr. 23, die Verzugszinſenpflicht ein.
2089 2540 2976 2590 Nach Ablauf von 4 Wochen noch aushaftende
2089 2585 2975 2635 Beträge müßten im Exekutionswege hereinge⸗
2088 2629 2352 2672 bracht werden.
2134 2674 2973 2725 (Ungeteilte Amtsſtunden.) Beim k. k.
2088 2718 2974 2770 Steuer⸗ und gerichtlichen Depoſitenamte in
2086 2762 2975 2814 Innsbruck werden in der Zeit vom 3. Juli
2086 2807 2974 2859 bis inkl. 15. September die ungeteilten Amts⸗
2085 2851 2974 2902 ſtunden mit der Geſchäftszeit von ½8 Uhr vor⸗
2087 2896 2973 2948 mittags bis ½3 Uhr nachmittags — Kaſſaſchluß
2085 2940 2971 2992 um ½2 Uhr nachmittags — eingeführt. —
2084 2983 2973 3036 Die Geſchäftsſtunden wurden bei der hieſigen
2085 3028 2971 3078 k. k. Steueradminiſtration für die Dauer der
2084 3072 2971 3123 Monate Juli inkl. September auf die Zeit von
2082 3117 2972 3168 8 Uhr vormittags bis 2 Uhr nachmittags feſt⸗
2083 3161 2968 3212 geſetzt. Das Einreichungsprotokoll bleibt jedoch
2081 3205 2970 3256 auch in den bezeichneten Monaten während der
2081 3249 2651 3297 bisherigen Amtsſtunden offen.
2126 3293 2969 3345 (Lehrerkonferenz.) Am Donnerstag den
2079 3337 2970 3390 6. Juli, 1 nachmittag findet im Gaſthof „Bier⸗
2080 3382 2968 3434 waſtl“ (Parterre) eine Lehrerkonferenz ſtatt, wo⸗
2080 3426 2968 3477 zu alle Lehrer und Lehrerinnen eingeladen
2079 3471 2968 3524 ſind. Wegen der Wichtigkeit der Verhandlungs⸗
2079 3516 2920 3568 punkte iſt zahlreiche Beteiligung notwendig.
2142 3561 2968 3612 (An der k. k. Lehrer⸗ und Lehrerin⸗
2078 3606 2967 3658 nenbildungsanſtalt in Innsbruck) be⸗
2078 3650 2967 3702 ginnen die Aufnahmsprüfungen zum
2077 3694 2966 3754 Eintritt in den erſten Jahrgang für Kandida⸗
2077 3738 2962 3787 ten am 10. Juli, für Kandidatinnen am 12.
2077 3783 2965 3834 Juli, jedesmal um 8 Uhr morgens. Anmeldun⸗
2076 3827 2964 3887 gen werden bis 8. Juli täglich von 11 bis 12
2079 3872 2965 3923 Uhr vormittags in der Direktionskanzlei ent⸗
2074 3916 2963 3967 gegengenommen. Beizubringen ſind: 1. Tauf⸗
2076 3957 2963 4012 oder Geburtsſchein; 2. Impfzeugnis; 3. amts⸗
2075 4004 2961 4058 ärztliches Zeugnis über Phyſiſche Eignung für
2075 4048 2963 4100 den Lehrberuf; 4. letztes Schulzeugnis; 5. Leu⸗
2073 4092 2959 4153 mundszeugnis. Zur Prüfung mitzubringen ſind
2074 4137 2960 4189 Zeichnungen und Schönſchriften, von Mädchen
2074 4182 2606 4236 auch weibliche Handarbeiten.
2117 4224 2958 4278 (Ein exzedierender Soldat.) Geſtern
2070 4268 2956 4319 nachmittag wurde in der Innſtraße ein betrunke⸗
2071 4312 2952 4366 ner Kaiſerjäger durch einen Schutzmann verhaftet.
2071 4355 2953 4411 Der Soldat benahm ſich ſo renitent, daß er durch
2070 4398 2955 4456 eine Militärpatrouille in die Kloſterkaſerne abge⸗
2070 4444 2434 4493 führt werden mußte.
