3488 5358
788 102 1064 153 Wien, Samstag
207 118 362 153 Seite 12
1461 113 2035 156 Neue Freie Presse.
2500 115 2725 153 1. Juli 1911
3077 110 3269 148 Nr. 16830
169 191 1189 241 der Achter, um den Hierhammer-Preis werden, da hier
169 230 1188 279 Pannonia und Duna auf den Donauhort, die
169 269 1188 319 Union und die Donau treffen. Noch nie haben sich zu
168 308 1190 359 einem Stromachter fünf Konkurrenten eingefunden. Da die
169 341 1190 399 Pannonia ihre zweite Achtermannschaft stellt, welche erst kürz⸗
167 385 1187 443 lich von der Duna abgefertigt wurde, dürfte es also durch⸗
172 427 1189 476 aus kein transleithanisches Rennen geben, sondern es ist zu
170 466 1188 516 erwarten, daß auch die Wiener Crews beim Ende mitzu⸗
169 506 1189 555 reden haben werden. — Der ganze Verlauf der einzelnen
168 545 1189 594 Rennen kann von dem Begleitdampfer aus von nächster Nähe
169 583 1188 633 verfolgt werden. Der Dampfer geht um ¼3 Uhr vom Prater⸗
171 623 1189 671 kai und um ½4 Uhr von Nußdorf ab. Dampferkarten
170 669 336 704 2 Kronen.
352 736 1001 785 Theater= und Kunstnachrichten.
876 786 1149 840 Wien, 30. Juni.
242 827 1179 877 [Residenzbühne.] Mit einem Jubiläumsabend
167 868 1186 907 beschloß diese Bühne ihre erste erfolgreiche Saison: der
166 899 1186 956 50. Aufführung der Komödie „Die goldene Schüssel“ von
166 944 1181 997 Rudolf Strauß. Der verdiente ehrliche Erfolg dieses
166 985 1181 1035 interessanten und wirksamen Stückes ist schon deshalb be⸗
165 1023 1179 1074 sonders sympathisch, weil hier ein österreichischer Autor einmal
167 1059 1181 1113 den schönen Versuch gemacht hat, unserem oft so dramatisch
163 1102 1181 1152 bewegten öffentlichen Leben einen dramatischen Spiegel ent⸗
168 1137 1182 1191 gegenzuhalten. Denn wenn auch der Zettel versichern muß,
166 1179 1181 1231 daß alle diese Vorgänge sich in Lusitanien abspielen, so er⸗
164 1218 1181 1267 kennt doch jeder Zuhörer sofort die Zuständigkeit dieser
163 1257 1178 1297 groresken und tragikomischen Abgeordneten und Parteiminister.
165 1295 1170 1344 Aber diese Gestalten und Vorgänge, die vor zwei Monaten
164 1335 1180 1384 bei der Première der „Goldenen Schüssel“ noch von so
162 1371 1180 1422 brennender Aktualität waren, gehören heute, bei der 50. Auf⸗
163 1413 1180 1465 führung, schon der politischen Halbvergangenheit an. . . .
163 1450 1181 1509 Da ist wieder eine andere noch zu schreibende politische
160 1491 1182 1540 Komödie. Die „Goldene Schüssel“ wirkte auch heute mit ihrer
163 1528 1178 1580 ganzen theatralischen Wucht und satirischen Schärfe, namentlich
163 1569 1179 1618 die packende Schlußszene des zweiten Aktes und die glänzend
159 1608 1183 1645 geführte, heuchlerische Trauersitzung der Parteigenossen im
159 1646 1180 1695 britten Akt. Der Abend brachte den tüchtigen Darstellern des
162 1686 1180 1735 Werkes, Fräulein Hetman und den Herren Forster,
167 1726 1185 1774 Waldschütz, Stollberg, Ettlinger und Rolf⸗
163 1763 1145 1813 Ostermann herzlichen Beifall und zahlreiche Hervorrufe.
241 1811 1183 1859 [Das Programm der Budapester Liszt=
162 1849 1184 1899 Feier] Die von der ungarischen Regierumg zu veranstaltende
139 1888 1184 1937 Liszt=Feier hat folgendes Programm: Am 21. Oktober, vor⸗
162 1928 1182 1977 mittags 11 Uhr, in der Festungshauptkirche Krönungsmesse,
162 1967 1185 2017 abends ½8 Uhr in der königlichen Oper Aufführung der
162 2001 1185 2055 Heiligen Elisabeth. Am 22. Oktober um ½8 Uhr im Konzert⸗
161 2045 1184 2094 saale der Landesmusikakademie: 1. Chornummer; 2. Ballade
160 2084 1185 2131 Des-dur (Karl Agghazy); 3. a) „Liebestraum“, b) Polo⸗
161 2123 1186 2173 naise Es-dur (Eugen d'Albert); 4. Sonate H-moll (Artur
162 2161 1186 2219 Friedheim); 5. a) Loreley, b) „Ueber allen Wipfeln ist
162 2201 1184 2249 Ruh'", c) „Die drei Zigeuner“, d) „Wieder möcht' ich dir be⸗
162 2239 1184 2291 gegnen", Lieder (Lula Miesz = Gmeiner, Klavierbegleitung
160 2279 1185 2333 Richard Pahlen); 6. a) Bénédiction de Dieu dans la so⸗
161 2313 1186 2367 litude, b) Mazeppa = Etüde (Aladar Juhasz); 7. Don
161 2351 1186 2407 Juan - Phantasie (Frédéric Lamond); 8. a) Au lac du
161 2396 1186 2446 Wallenstätt, b) Mephisto=Walzer (Moritz Rosenthal);
162 2436 1184 2485 9. Chornummer. Am 23. Oktober Konzert: 1. Chornummer;
162 2475 1184 2523 2. a) Sonet de Petrarca, b) Ratoczy-Marsch (Emil Sauer);
152 2512 1186 2562 3. Prédication de Saint - François Assisi aux oiseaux,
162 2552 1185 2602 Légende (Bernhard Stavenhagen); 4. Gesangsnummer;
161 2591 1183 2641 5. Ballade H-moll (Arpad Szendy); 6. a) Etude de Con⸗
163 2627 1185 2679 cert F-moll, b) Saint-François marchant sur le flos, Lé⸗
162 2669 1185 2719 gende (Stephan Thomas); 7. Elfte Rhapsodie (Vera von
163 2708 1183 2758 Timanow); 8. Chornummer. Am 24. Oktober, ½8 Uhr,
164 2747 1186 2801 in der königlichen Oper Konzert mit Programm aus Liszts
165 2787 1185 2837 symphonischen Werken. Am 25. Oktober, abends, in der könig⸗
165 2825 1183 2876 lichen Oper Christus=Oratorium. Die beiden Orchesterkonzerte
165 2865 1184 2915 werden von Siegfried Wagner, Felix Weingartner und
165 2909 723 2955 Stephan Kerner geleitet werden.
240 2952 1187 3001 [Artur Nikisch an der Pariser Großen
162 2992 1187 3049 Oper] Aus Paris berichtet unser Korrespondent: Artur
162 3030 1185 3080 Nikisch hat den zweiten Zyklus der Wagnerschen Tetralogie
166 3069 1185 3118 an der „Großen Oper“ mit der „Götterdämmerung“ glänzend
163 3107 1188 3159 abgeschlossen. Der große deutsche Orchestermeister hat mit seiner
163 3147 1189 3196 leidenschaftlichen, nuancenreichen, dabei aber traditionstreuen
162 3185 1185 3235 Art seine Künstler und das Publikum wahrhaft hingerissen.
153 3225 1188 3273 Der erste Versuch, eine Gesamtdarstellung der Tetralogie unter
165 3262 1188 3313 deutscher Leitung der hiesigen Kunstwelt zu bieten, hat einen
164 3300 1188 3354 großen Erfolg und wird von entscheidendem Einfluß bleiben
167 3336 1187 3392 auf das Kunstverständnis der Franzosen und auf das Ein⸗
165 3379 1188 3431 dringen in den deutschen Geist, der durch Wagner repräsen⸗
163 3428 324 3463 tiert wird.
244 3463 1185 3517 — Im Theater an der Wien gelangt morgen aus
166 3502 1185 3555 Franz Kranewitters Einakterzyklus „Die sieben
167 3541 1184 3592 Todsünden" die Tragödien „Der Med“ (Trägheit) und
170 3581 980 3634 „Der Joch“ (Trunksucht) zur ersten Aufführung.
244 3628 1187 3678 — Morgen beginnt im Wiener Bürgertheater bei
165 3666 1188 3719 ermäßigten Preisen das einmonatliche Gastspiel des Tegern⸗
166 3706 1189 3756 feer Bauerntheaters mit der Erstaufführung der
168 3745 1188 3796 Bauernposse „Die schöne Millibäuerin“. Während
169 3784 1189 3837 dieses Gastspieles beginnen sämtliche Abendvorstellungen an
168 3831 527 3875 Sonntagen um 8 Uhr.
246 3871 1190 3920 — Die Schlierseer beschließen Sonntag ihr Gastspiel
170 3909 1189 3960 am Raimund - Theater. Eine Verlängerung war undurch⸗
171 3949 1190 4001 führbar, da Direktor Terofal bereits in den nächsten Tagen die
171 3993 775 4040 Sommerspielzeit in Schliersee beginnt.
247 4035 1187 4084 — Direktor Eibenschütz hat die Soubrette Grete Ly
170 4075 1190 4124 vom Neuen Operettentheater in Berlin durch mehrjährigen Ver⸗
171 4119 773 4168 trag für das Carl=Theater verpflichtet.
248 4161 1189 4213 — Herr Hubert Reusch, der als Mitglied des Carl=
171 4201 1191 4255 Theaters unter der Direktion Jauner wirkte und der inzwischen
171 4241 1191 4289 als Direktor des Deutschen Theaters in Hannover und des
171 4279 1191 4333 Theaters in Bremen tätig war, ist von der Direktion der
171 4313 1190 4369 Neuen Wiener Bühne als artistischer Leiter und Ober⸗
171 4359 1080 4414 regisseur für die kommende Spielzeit verpflichtet worden.
250 4405 1192 4456 — Hofopernsängerin Mme. Cahier wurde von der
173 4442 1191 4497 Generalintendanz des Hoftheaters in München für die Fest⸗
171 4483 1192 4538 spiele engagiert und wird am 15. August den. Sixtus in
173 4521 1192 4574 Mozarts „Titus“, eine der Opern, für die sie seinerzeit Mahler
173 4567 567 4615 nach Wien berief, singen.
249 4608 1192 4660 — Das wegen ungünstiger Witterung verschobene Kon⸗
172 4646 1189 4701 zert des Wiener Konzertorchesters (Direktion Ferdinand
177 4686 1190 4739 Hellmesberger), auf dessen Programm die Aufführung aus
175 4725 1193 4777 der „Melusinen“=Musik von S. Brand=Vrabely steht, findet
177 4763 1194 4817 am Montag den 3. Juli in Hopfners „Park=Hotel“ in
176 4811 420 4859 Hietzing, statt.
241 4878 1136 4935 Richard Strauß, Dirigent der Münchener
491 4926 879 4978 Mozart=Festspiele.
429 4976 939 5013 (Telegramm der Neuen Freien Presse.)
254 5006 1200 5059 München, 30. Juni. Richard Strauß erklärte sich auf
177 5047 1200 5102 telegraphisches Ersuchen des Münchener Oberbürgermeisters
174 5085 1200 5139 v. Boricht, des Prinzen Ludwig Ferdinand von
1223 189 2234 240 Bayern und anderer Kunstfreunde jetzt bereit, an Stelle
1229 228 2245 281 Mottls wenigstens einen Teil der Mozart-Festspiele im Residenz
1229 270 1991 319 theater im August und September zu dirigieren.
1229 350 2246 407 Prämiierung und Schlußproduktion in der
1269 395 2203 452 Akademie für Musik und darstellende Kunst.
1302 455 2246 506 Im Festsaale des Kaufmännischen Vereines wurden heute
1227 494 2244 547 nachmittags in Anwesenheit, eines zahlreichen Publikums während
1227 533 2244 582 der zweiten und zugleich letzten Schlußproduktion der Abiturienten
1226 572 2243 622 der k. k. Akademie für Musik und darstellende Kunst durch den
1227 610 2246 665 Direktor der Akademie Herrn Wilhelm Bopp jene Abiturienten
1227 650 2245 700 des abgelaufenen Schuljahres bekanntgegeben, denen das Akademie⸗
1227 688 2247 744 diplom, beziehungsweise Preise oder das Reifezeugnis zuerkannt
1227 727 2245 777 wurde. Der kostbarste Preis, ein prächtiger Bösendorfer = Salon⸗
1227 766 2245 816 flügel, gespendet von der Firma Bösendorfer, fiel dem
1227 804 2242 856 Abiturienten Friedrich Hilbrand zu. Mit Rücksicht darauf,
1226 844 2245 893 daß heuer nur zwei, anstatt wie sonst drei Schlußproduktionen
1228 883 2245 937 stattfanden, war das Programm auch reicher als sonst zusammen⸗
1224 922 2245 958 gesetzt. Die. Produktion wurde mit Franz Liszts „Rigoletto=
1226 961 2246 1009 Phantasie“ für Klavier von Fräulein Elsa Mautner ein⸗
1227 1000 2246 1050 geleitet. Es folgten dann die „Othello=Phantasie“ für Violine
1226 1038 2244 1089 von H. W. Errift,- vorgetragen von Herrn Julius Richter,
1227 1078 2247 1126 G. Verdis Arie der Gilda aus „Rigoletto“ (Fräulein Elsa
1226 1116 2245 1165 Hartmann), Vienxtemps' Fantasia appassionata, erster
1226 1156 2244 1205 und zweiter Satz, Thema mit Variationen, Largo (Herr Albert
1226 1194 2246 1243 Poppy), I. Brahms' Gesänge: „Ständchen“, „Das Mädchen
1226 1232 2245 1282 spricht", „Sandmännchen“ (Stoja v. Milinkovic), E. Lalos
1225 1265 2245 1324 Violinkonzert, zweiter und dritter Satz (Herr Ernst Wassing).
1226 1310 2246 1360 Nach dieser Piece wurden die Preiszuerkeanungen vom Direktor
1225 1350 2243 1400 bekanntgegeben. Als siebente Piece wurden wieder Gesänge von
1225 1388 2245 1439 I. Brahms, und zwar: „Auf dem Schiffe“, „Leichengesang“ und
1228 1428 2246 1477 „Meine Liebe ist grün“ zu Gehör gebracht. Daraus folgten
1227 1468 2246 1516 Franz Liszts „Don Juan“=Phantasie für Klavier (Friedrich
1226 1505 2244 1554 Hilbrand), E. Lalos „Symphonie espagnole“ für Violine,
1226 1545 2247 1592 erster, vierter und fünfter Satz (Fräulein Helene Roten⸗
1227 1582 2246 1632 stern), dann Saint=Saëns' Klavierkonzert in G-moll (Fräulein
1225 1623 2249 1671 Margarete Löwit) und zum Schlusse wieder I. Brahms'
1227 1662 2247 1713 Gesänge: „Ueber die Heide“, „Verrat“ und „Mit vierzig
1227 1703 1927 1748 Jahren", gesungen von Franz Hofbauer.
1580 1750 1892 1792 Die Prämiierung.
1303 1792 2248 1847 Der Staatspreis im Betrage von 800 K. wurde
1232 1831 2248 1879 zuerkannt dem Abiturienten der Violinmeisterschule Herrn David
1226 1870 2249 1918 Hochstein und der Abiturientin der Klaviermeisterschule Fräu⸗
1232 1909 2248 1957 lein Helene Lampl. Das Staatsdiplom derselben Schulen
1230 1948 2248 1996 wurde verliehen Fräulein Nana Duesberg und David Hoch⸗
1227 1987 2248 2035 stein (beide aus der Violinmeisterschule) und Fräulein Helene
1228 2026 2249 2074 Lampl (Klaviermeisterschule). Prämien wurden folgenden Abi⸗
1229 2065 2248 2111 turienten verliehen, und zwar: dem oberwähnten Abiturienten
1228 2104 2248 2153 Friedrich Hilbrand der von der Firma Ludwig Bösen⸗
1227 2143 2249 2190 dorfer gespendete Salonflügel, je ein Akademieprämium zu
1229 2181 2248 2229 200 K. Elisabeth Bockmayer, Else Hartmann, Simon
1230 2220 2246 2267 Landau, Ellen Martin und Stoyer v. Millinkovic,
1231 2259 2250 2307 das Schwarz=Mohrensteinsche Prämium zu 200 K. an Albert
1229 2298 2249 2347 Cornfeld, das Viktor Miller v. Aichholzsche Johannes
1217 2337 2247 2387 Brahms=Prämium zu 200 K. Julius Czaikofsky, das Helene
1228 2377 2246 2424 v. Hornbostel=Magnussche Julius Stockhausen-Prämium zu
1228 2416 2244 2464 250 K. Valerie Drescher, je ein Akademieprämium zu 100 K.
1228 2454 2249 2502 Rosa Horowitz und Albertine Poppy, das Otto Meyer
1230 2494 2250 2541 Freiherr von und zu Graveneggsche Prämium zu 200 K. Franz
1227 2533 2249 2581 Hofbauer, eine vom Kunstgeigenmacher Eugen Zaiser in Bre⸗
1230 2571 2248 2618 genz gewidmete Konzertgeige als Prämium an David Höchstein,
1228 2610 2249 2659 weiters das Liszt=Prämium zu 200 K. Else Mautner, das zweite
1222 2648 2251 2698 Otto Meyer Freiherr von und zu Graveneggsche Prämium zu
1229 2687 2250 2734 200 K. Alice Kraus, das Marxensche. Beethoven=Prämium zu
1227 2726 2250 2773 120 K. Rosa Merker, das dritte Otto Meyer Freiherr von
1228 2765 2244 2814 und zu Graveneggsche Prämium zu 200 K. Adolf Ludwig,
1227 2803 2248 2858 das Baron Hofmannsche Prämium zu 96 K. an Ernst Fischer,
1228 2843 2249 2892 das vierte Otto Mayer Freiherr von und zu Graveneggsche
1228 2882 2250 2930 Prämium zu 200 K. Oskar Jeklinek und das Ludwig
1228 2915 2250 2969 A. Zellnersche Prämium zu 80 K. an Heinrich Luis. Weiters er⸗
1228 2960 2251 3007 hielten Prämien: Julius Richter ein Akademieprämium zu
1229 2999 2249 3046 100 K., das Karoline v. Gomperz-Bettelheimsche Anton Rubin⸗
1227 3038 2251 3084 stein-Prämium zu 400 K. und das Karl Gotdmark=Prämium
1228 3077 2249 3124 zu 200 K. Tinka Wessel, ein C. Marxensches Beethoven=
1229 3109 2249 3163 Prämium zu 120 K. Anna Voileanu, das I. M. Grün=
1229 3154 2248 3202 Prämium zu 160 K. Helene Rotenstern und schließlich noch
1229 3193 2252 3240 ein 200=Kronen=Prämium von Otto Meyer Freiherr von und zu
1231 3232 2250 3281 Gravenegg Ernst Wassing, sowie ein 100=Kronen=Prämium
1231 3274 1856 3320 desselben Stifte###s Dr. Robert Stark.
1488 3321 2005 3361 Die Zusnerschen Liederpreise.
1306 3362 2252 3411 Die eingereichten Kompositionen um die Bewerbung der
1229 3402 2243 3449 Zusnerschen Liederpceise wurden von den Preisrichtern Herrn
1230 3440 2246 3488 Direktor Wilhelm Bopp und den Herren Professoren Franz
1229 3480 2247 3528 Haböck und Richard Heuberger eingehend geprüft. Der
1230 3518 2249 3565 erste Preis wurde dem Orgel- und Kompositionsschüler Alois
1230 3556 2248 3605 Dité für das Lied „Der Kirchhof“ verliehen. Für die Ver⸗
1231 3596 2248 3643 leihung des zweiten Preises wurde keines der eingereichten Lieder
1230 3635 2243 3682 würdig befunden und der hiefür bestimmte Preis im Betrage
1229 3674 2238 3721 von 10 Dukaten stiftungsgemäß dem Schülerunterstützungsfonds
1229 3713 2239 3760 der k. k. Gesellschaft der Musikfreunde zugewendet. Das
1230 3752 2242 3800 Akademiediplom wurde folgenden Abiturienten verliehen:
1231 3790 2248 3838 Alice Kraus, Margarete Löwit, Eise Mautner, Adele
1231 3830 2250 3878 Selz er und Anna Voileanu (sämtlich Klavier), Irene
1232 3869 2246 3921 Kummer (Lehrerbildungskurs für Gesang) und Marie
1232 3907 2253 3956 Rostis (Gesang). Das Reifezeugnis erhielten sechzig
1233 3954 1432 3988 Abiturienten.
1277 4024 2210 4081 Eröffnung des Münchener Künstlertheaters.
1489 4088 2008 4123 (Telegramme der „Neuen Freien Presse.)
1311 4130 2252 4179 München, 30. Juni. Heute abends öffnet das
1238 4169 2253 4219 Münchener Künstlertheater im städtischen Aus⸗
1239 4208 2253 4259 stellungspark zur vierten Saison seit seiner 1908 erfolgten
1241 4244 2253 4299 Errichtung seine Pforten. Die Spielzeit wird Juli, August,
1238 4288 2251 4338 September umfassen, und auf der Bühne, auf der 1908 das
1237 4327 2251 4379 Personal des Münchener Hoftheaters und 1909
1237 4366 2251 4415 und 1910 Max Reinhardt mit dem Ensemble des
1238 4405 2255 4453 Berliner Deutschen Theaters im Vereine mit
1237 4443 2255 4497 szenischer Mitwirkung hervorragender bildender Künstler
1239 4482 2256 4535 klassische Dramen und Lustspiele mit großem Erfolge auf⸗
1239 4522 2254 4575 führten, wird jetzt die musikalische Komödie herrschen. Zur
1241 4560 2255 4614 Aufführung kommen vom 30. Juni bis 13. Juli Offen⸗
1240 4600 2256 4653 bachs Buffoper „Die schöne Helena“; am 14. Juli folgt
1241 4638 2257 4692 die Uraufführung von „Themidore“, eines Liebesspiels in drei
1242 4678 2257 4727 Akten von Roda Roda und Steffan, Musik von, dem
1241 4715 2253 4772 englischen Komponisten Digby La Touche, das bis
1240 4754 2256 4808 27. Juli abwechselnd mit der „Schönen Helena“ gegeben
1241 4796 2256 4848 wird; am 28. Juli folgt die Uraufführung der Operette
1238 4834 2257 4888 „Cherchez la femme“ von Ralph Benatzky. Die
1242 4874 2257 4927 künstlerische Ausstattung dieser drei Werke stammt von den
1242 4912 2258 4963 Malern Ernst Stern, Oskar Graf und Olaf
1241 4951 2258 5003 Gulbransson. Max Reinhardt ist wieder oberster
1242 4989 2259 5044 Regisseur aller Aufführungen, musikalischer Leiter ist Hof⸗
1245 5029 2260 5086 kapellmeister v. Zemlinsky (Wien), Das Orchester stellt
1244 5067 2261 5123 das Münchener Tonkünstlerorchester. Für das Darsteller⸗
2297 186 3308 236 ensemble hat Wien eine Reihe ausgezeichneter Kräfte gestellt:
2295 227 3307 276 die Damen Jeritza, Marlow, Petko sowie die Herren
2294 267 3307 316 Charlé, Pallenberg, Rudolf Ritter und Erich
2293 304 3308 355 Zettl. Unter den übrigen Darstellern sind die bekannte
2294 344 3309 395 Soubrette Fritzi Massary (Berlin) und Kamilla Eiben⸗
2294 391 2413 432 schütz.
2369 423 3310 474 Direktor Gustav Amberg (Newyork) hat auf Grund
2297 456 3310 514 der gestrigen Generalprobe der „Schönen Helena“ von
2296 501 3311 553 Offenbach im Münchener Künstlertheater in der Inszenierung
2298 540 3309 592 von Max Reinhardt von der Direktion des Künstlertheaters
2295 579 3311 630 die gesamte Ausstattung mit dem ausschließlichen Rechte er⸗
2297 617 3311 670 worben, in ganz Amerika Aufführungen in
2298 657 3311 708 deutscher und englischer Sprache zu ver⸗
2298 696 3312 745 anstalten. Vor der amerikanischen Tournee wird Direktor
2296 735 3311 787 Amberg in einem Berliner Theater mit seinem für Newyork
2299 774 3311 828 engagierten Ensemble einen Zyklus von Vorstellungen ver⸗
2296 814 2440 861 anstalten.
2369 861 3316 915 München, 30. Juni, abends. Die erste Aufführung
2291 900 3310 952 von Offenbachs „Schöne Helena“ im Mün⸗
2297 938 3313 992 chener Künstlertheater heute abends zum Anfang
2298 980 3312 1031 der diesjährigen Saison war ein durchschlagender Erfolg. Das
2298 1018 3311 1070 Publikum war vom Anfang bis zum Ende in heiterster
2298 1054 3311 1112 Stimmung. Nach jedem Akt und auch oft bei offener Szene
2295 1094 3315 1148 gab es vielen stürmischen Applaus, der in erster Linie Max
2296 1133 3318 1188 Reinhardt, der die Operette inszenierte, Kapellmeister
2294 1168 3321 1211 Zemlinsky, der das Tonkünstlerorchester dirigierte, und
2295 1211 3315 1263 Maler Ernst Stern, der die Ausstattung hergestellt hatte,
2296 1250 3316 1300 galt. Von den Darstellern mußten insbesondere Jeritza
2295 1289 3315 1339 (Helena), Eibenschütz (Orest), Pallenberg (Me⸗
2295 1327 3315 1380 nelaus), Rudolf Ritter (Paris) und Gustav Charlé
2298 1366 3313 1418 (Kalchas) den Hervorrufen Folge leisten. Das Haus war
2294 1400 3315 1458 voll besetzt. In den Logen sah man Prinzen Ludwig,
2294 1444 3313 1494 Pirinzessin Gisela mit ihren Söhnen Georg und
2292 1483 3315 1534 Konrad, Prinzessin Klara und Prinzen, Heinrich,
2294 1521 3314 1572 ferner Ministerpräsidenten Grafen Podewils, Minister
2294 1560 3313 1610 des Innern v. Brettreich, Oberzeremonienmeister Graf
2293 1601 3103 1649 Moy und Oberbürgermeister Dr. v. Borscht.
2534 1693 3078 1751 Aus dem Gerichtssaale.
2377 1755 3311 1802 Wien, 30. Juni. (In der Leidenschaft des
2294 1789 3311 1836 Kartenspieles.) Der 23jährige Albert Kiefer war bei der
2300 1826 3329 1872 Metroxinfabrik, G. m. b. H., als Comptoirist angestellt. Zu seinen
2297 1860 3316 1906 Aufgaben gehörte es, die von den Kunden bestellten Postpakete auf⸗
2299 1894 3312 1942 zugeben, und er erhielt zur Bestreitung der Vor##auslagen Pauschal⸗
2300 1930 3312 1977 beträge, die er nach einem bestimmten Zeitraume zu verrechnen hatte.
2297 1965 3317 2011 Bei der Abrechnung im April v. I. ergab es sich, daß Kiefer
2296 2000 3313 2047 2540 K. unterschlagen und diese Malversation durch Fälschungen in
2299 2035 3312 2082 den Büchern verhüllt hatte. Er wurde verhaftet, gestand die Verun⸗
2298 2072 3311 2116 treuungen und bezeichnete das Kartenspiel als die Ursache seiner
2293 2104 3314 2150 sträflichen Verirrung. Er habe es, sagte er, geraume Zeit verstanden,
2298 2138 3313 2185 mit seinem Gehalt von monatlich 180 K. auszukommen, bis eines
2301 2172 3313 2222 Tages eine Gesellschaft in einem Ringcafé ihn zum Kartenspielen
2300 2210 3314 2256 animierte. Hiebei habe er anfangs gewonnen, dann aber Verluste
2294 2244 3314 2291 erlitten, worauf er immer größere Beträge einsetzte, um das Ver⸗
2299 2281 3313 2326 lorene hereinzubringen; es sei aber erfolglos geblieben. Zu diesem
2299 2313 3312 2361 Spiel habe er das anvertraute Geld angetastet, immer in der uner⸗
2292 2349 3313 2395 füllt gebliebenen Hoffnung, alles ersetzen zu könne. Der Verteidiger
2300 2385 3313 2431 Dr. Eltes wies auf die Jugend des Angeklagten, seine Unbe⸗
2299 2420 3313 2466 scholtenheit und insbesondere auf die Verführung hin, der er zum
2299 2455 3314 2499 Opfer gefallen, und bat die Geschwornen, diesen mildernden Um⸗
2302 2490 3316 2536 ständen durch die Annahme eines Schadens von nicht mehr alz
2299 2525 3314 2570 2000 K. Rechnung zu tragen. Die Jury fällte ihr Verdikt in diesem
2300 2560 3314 2605 Sinne, woraus der Gerichtshof unter dem Vorsitze des Oberlandes⸗
2302 2595 3313 2641 gerichtsrates Dr. Kurzweil über den Angeklagten vier
2301 2634 2884 2675 Monate schweren Kerkers verhängte.
2376 2713 3315 2762 Wien, 30. Juni. (Die beleidigte Volks⸗
2284 2750 3315 2797 schülerin.) Einen interessanten Verlauf nahm heute beim Straf⸗
2283 2786 3315 2831 bezirksgerichte Josefstadt die Verhandlung über eine Ehren⸗
2301 2822 3315 2866 beleidigungsklage, die der Advokat Dr. Friedrich Weil im Namen
2290 2856 3315 2903 seiner elfjährigen Tochter, der Volksschülerin Marianne, gegen die
2301 2892 3315 2938 Wirtschafterin Agnes Wiesmann eingebracht hatte. Nach Inhalt
2300 2922 3316 2972 der Klage soll die Angeklagte das Schulmädchen dadurch beleidigt
2298 2961 3315 3007 haben, daß sie diesem zurief: „Wirst denn nicht das Maul halten,
2302 2992 3329 3042 Fratz, grauslicher!“ Die Angeklagte, die sechzehn Jahre Wirt⸗
2301 3030 3316 3076 schafterin im Hause des pensionierten Oberlandesgerichtsrates Doktor
2302 3062 3315 3111 v. Grohmann ist, gab zu, der Klägerin die inkriminierten Worte
2301 3102 3315 3146 zugerusen zu haben, jedoch nur, um es wegen ihrer Ungezogenheit
2301 3137 3316 3181 zurechtzuweisen. Das Mädchen habe sie wiederholt verhöhnt, indem
2301 3171 3316 3216 es von dem Fenster ihres Kinderzimmers ihr eine lange Nase
2298 3206 3323 3251 machte, die Zunge herausreckte und dergleichen mehr. Ein von dem
2301 3241 3316 3286 Bezirksrichter Dr. Bilek vorgeschlagener Ausgleich scheiterte an der
2303 3277 3316 3320 Weigerung der Angeklagten, das beleidigte Kind, wie es dessen
2301 3310 3316 3363 Vater verlangte, ausdrücklich um Entschuldigung zu bitten.
2303 3340 3316 3391 Der Richter ließ den von der Angeklagten angebotenen Wahrheits⸗
2303 3382 3316 3426 beweis, daß die Klägerin sich wiederholt ungezogen benommen habe,
2296 3410 3318 3460 zu, da die Bezeichnung „Fratz“ für ein Kind im Wienerischen für ein
2302 3452 3317 3496 ungezogenes Kind gebräuchlich sei. Mehrere weibliche Bedienstete im
2298 3485 3318 3529 Hause, wo die Eltern der Klägerin wohnen, bestätigen, als
2303 3520 3317 3568 Zeuginnen vernommen, daß die Beleidigte tatsächlich dritten Personen
2299 3553 3320 3600 eine lange Nase gemacht, die Zunge herausgereckt und andere
2303 3591 3316 3634 Ungezogenheiten begangen habe. Der Dienstgeber der Angeklagten,
2298 3619 3319 3668 Oberlandesgerichtsrat Grohmann, gab, als Zeuge vernommen, an,
2305 3659 3316 3703 daß die Klägerin im Hause Anlaß zu vielen Beschwerden gab, und
2303 3694 3316 3739 daß er schon daran dachte, bei der Polizei Abhilfe dagegen zu suchen.
2299 3729 3319 3773 Es ist, bemerkte der Zeuge, nur bedauerlich, daß Ihre kostbare Zeit,
2304 3765 3317 3808 Herr Richter, mit einer solchen Sache so lange in Anspruch genom⸗
2303 3801 3317 3842 men wird. — Ein nochmaliger vom Richter unternommener Versuch,
2303 3836 3317 3879 die Angelegenheit gütlich beizulegen, scheiterte, da der Vater des
2305 3870 3317 3913 Kindes darauf bestand, daß die Angeklagte es um Entschuldigung
2304 3904 3318 3948 bitten solle. Der Richter sprach die Angeklagte frei. In der Be⸗
2305 3939 3317 3985 gründung des Urteils sagte der Richter, daß ein Kind, das bereits
2297 3970 3317 4018 in die Schule gehe und von sittlichen Begriffen bereits Kenntnis
2304 4009 3318 4053 habe, allerdings den gerichtlichen Ehrenschutz genieße, daß aber
2306 4044 3318 4087 Erwachsenen gegen Insulten von Kindern, die strafrechtlich belangt
2305 4079 3320 4122 werden können, eine entsprechende Abwehr gestaltet sein müsse. Die
2299 4108 3319 4156 inkriminierte Aeußerung sei im konkreten Falle als eine Zurecht⸗
2299 4147 3321 4191 weisung gegenüber dem Benehmen des Kindes anzusehen, und zwar
2306 4187 2604 4237 als eine berechtigte.
2384 4243 3330 4297 Wien, 30. Juni. (Das Barfüßle in der Schule.)
2307 4282 3321 4333 Aus Mödling wird berichtet: Das Kind der Wirtschaftsbesitzerin
2306 4322 3320 4368 Katharina Neuhold war am 17. Mai barfüßig in der Schule in
2305 4357 3321 4403 Brunn erschienen. Die Lehrerin Emilie Preiß schickte das Bar⸗
2307 4392 3321 4440 füßle mit dem Auftrage nach Hause, mit Schuhen bekleidet wieder
2306 4427 3321 4475 zu kommen. Bald darauf kam das Kind abermals barfuß in die
2306 4460 3321 4510 Klasse und sagte, die Lehrerin möge hinauskommen, um mit seiner
2308 4497 3322 4543 Mutter draußen zu sprechen. Die Lehrerin folgte dieser Einladung
2306 4532 3321 4578 nicht, weshalb die Mutter des Kindes ins Klassenzimmer stürzte und
2306 4566 3321 4614 schrie: „Wann's mein Kind z'Haus schicken, weil's keine Schuh hat,
2307 4601 3322 4650 so muß i do frag'n: Zahl'n Sö leicht die Schusterrechnung Gestern
2306 4634 3322 4685 hat uns erst der Hagel alles z'samm' g'haut und die Erdäpfel
2308 4671 3329 4719 ersaufen im Wasser!! Sö halten hall alle Monat einfach die Hand
2309 4705 3322 4754 auf. Was soll'n denn wir tun? Wo soll'n denn wir hingehen?
2308 4741 3323 4789 Auf die Aufforderung der Lehrerin, das Schulzimmer zu verlassen
2307 4776 3329 4823 und den Unterricht nicht zu stören, antwortete die Neuhold abermals
2307 4812 3323 4860 neuerlich in stürmischer Weise und fuchtelte dabei heftig mit den
2309 4844 3322 4896 Händen herum. Als sie an den Schulinspektor gewiesen wurde,
2307 4880 3323 4929 äußerte sie sich über ihn in beleidigender Weise. Bei dem Verlassen
2309 4916 3325 4965 des Schulzimmers schlug sie krachend die Türe zu. Wegen dieses
2310 4951 3328 5000 Auftrittes stand Katharina Neuhold vorgestern unter der Anklage
2308 4986 3326 5034 der Amtsehrenbeleidigung vor dem hiesigen Bezirks⸗
2310 5020 3324 5070 gerichte. Sie war geständig und entschuldigte sich mit der Aufregung,
2310 5056 3326 5109 in der sie sich wegen des kurz zuvor niedergegangenen Hagelwette###
