2479 3508
167 212 281 231 Einzelpreis:
180 233 264 248 Wien 4 kr.
102 247 342 267 Provinz (inkluſive Porto) 5 kr.
157 266 286 282 Abendblatt 5 kr.
427 474 1746 527 Arbeiter=Zeitung
174 294 269 308 Redaktion:
94 314 352 346 IX Schwarzſpanierſtr. 10.
161 355 284 371 Adminiſtration
109 372 335 390 und Inſeraten - Aufnahme:
140 394 306 424 IX. Ferſtelgaſſe 6,
94 427 353 446 wohin ſämmtliche Korreſpondenzen
93 444 353 461 und Geldſendungen zu richten ſind.
103 461 343 479 Offene Reklamationen portofrei.
96 488 354 505 Stadt-Expedition und Kleiner
182 505 262 523 Anzeiger:
1870 416 1984 466 Deutschland
132 527 317 556 I. Schulerſtraße 14.
185 565 262 583 Inſerate
93 582 351 601 übernehmen auch J. Danneberg,
93 599 352 617 M. Dukes, Haaſenſtein & Vogler,
93 615 353 633 R. Moſſe, A. Oppelik u. H. Schalek in
93 632 354 652 Wien, wie alle Inſeraten⸗Bureaux
128 650 317 666 des In⸗ und Auslandes.
469 215 706 259 Preis 4 kr.
907 214 1237 274 Morgenblatt.
1443 219 1683 264 Preis 4 kr.
488 610 1665 670 Zentralorgan der öſterreichiſchen Sozialdemokratie.
1808 220 2041 248 Pränumerations⸗Preiſe:
1889 251 1962 267 Wien:
1794 272 2055 290 Zum Abholen in allen k. k.
1795 289 2055 306 Tabak⸗Trafiken u. Verſchleiß⸗
1811 305 2041 322 ſtellen monatlich fl. 1.10.
1806 327 2047 345 Inkluſive Zuſtellung ins Haus:
1795 349 2056 366 Ganzjährig fl. 15.60, viertel⸗
1795 366 2055 383 jährig fl. 3.90, monatlich fl. 1.30.
1825 388 2031 406 Provinz und Ungarn:
1796 410 2056 428 Ganzjährig fl. 18, vierteljährig
1810 427 2043 443 fl. 4.50, monatlich fl. 1.50.
1795 471 2056 488 (direkt unter Kreuzband): Ganzjährig
1796 487 2056 504 36 Mark, vierteljährig 9 Mark.
1796 509 2057 527 Für alle anderen dem Weltpoſt⸗
1813 526 2041 542 vereine angehörenden Länder:
1797 543 2058 560 Ganzjährig 52 Franken, viertel⸗
1852 559 2001 577 jährig 13 Franken.
1796 581 2058 599 Abonnenten zahlen jür Zuſendung
1797 598 2057 613 des Abendblattes 25 kr. monatlich.
1796 619 2058 637 Für die an fremde Austräger
1796 636 2057 654 oder Verſchleißer bezahlten Beträge
1826 653 2028 670 leiſten wir keine Garantie.
121 733 260 768 Nr. 182.
842 733 1312 773 Wien, Samstag, 6. Juli 1895.
1827 736 2031 775 VII. Jahrgang.
86 800 2065 826 Erſcheint täglich um 6 Uhr Morgens, Montags um 2 Uhr Nachmittags. Ein Abendblatt jeden Donnerstag 7 Uhr Abends. — Telephon Nr. 8334. — Poſtſparkaſſen-Check-Konto Nr. 819.210
166 823 1991 848 Telegramm-Adreſſe: Arbeiter-Zeitung Wien. (Nach 10½ Uhr Abends: Redaktion in der Bergmann'ſchen Druckerei, IX. Univerſitätsſtraße Nr. 6 u. 8. Telephon Nr. 67,)
298 892 516 937 Vom Tage.
546 940 705 963 Wien, 5. Juli.
151 973 728 1002 Der Miniſter des Innern wünſchte geſtern zu
86 1000 727 1030 erfahren, „welche einzelne Individuen oder Bevölkerungs⸗
84 1029 727 1058 klaſſen" unter dem Ausnahmszuſtand leiden. Der Ab⸗
84 1056 726 1085 geordnete Kramarſch hat heute in einer ſehr eindrucks⸗
84 1084 726 1113 vollen Rede dargelegt, welche entſittlichende Wirkungen
84 1112 725 1141 der Ausnahmszuſtand für die Verwaltung in Prag
83 1140 724 1169 nach ſich zieht, und wie auch nicht ein Schatten von Grund
82 1167 724 1196 vorliegt, der die Unterdrückung der politiſchen Rechte
82 1194 724 1224 in Prag rechtfertigen würde. Wenn das Abgeordneten⸗
83 1223 724 1251 haus nicht ſo entnervt wäre, nicht bar jeder ſelbſt⸗
82 1251 723 1280 ſtändigen Regung, würde es ſich natürlich nicht begnügen,
83 1279 723 1308 zu warten, bis es irgendeiner Regierung belieben wird,
84 1306 723 1336 den Ausnahmszuſtand aus einer Art Huld aufzuheben,
83 1334 724 1363 ſondern es würde ſeine Aufhebung fordern. Graf
84 1361 725 1391 Thun webt allerdings mit den merkwürdigſten Künſten
85 1389 723 1420 eine Apotheoſe um ſein Haupt; wenn man ihm und
83 1417 724 1447 ſeinen Blättern traute, würde man ſchier glauben können,
83 1445 725 1474 ſein Wirken in Böhmen ſei ein erſprießliches und aner⸗
83 1473 726 1501 kanntes. Hebt man aber den Schleier von den Verhält⸗
83 1500 725 1530 niſſen, ſo erblickt man ein Regime, das ſich durch Willkür
82 1528 724 1557 und Unterdrückung behauptet, von dem Haß ausgeht und das
83 1555 725 1585 die tiefſte Verbitterung erzeugt. Selbſt wer es nicht em⸗
82 1583 724 1616 pfindet, daß Ausnahmsgeſetze allezeit verwerflich ſind, wird
83 1606 725 1640 ſie nur durch die ſtärkſte Nothwendigkeit erklären können. Der
83 1638 725 1668 Ausnahmszuſtand in Prag bleibt in Geltung, weil er
83 1666 725 1696 beſteht und weil es Herrn Grafen Thun mit ihm zu
84 1693 724 1723 regieren bequemer iſt. Wenn das freie Wort in Prag
84 1721 725 1750 wieder Recht haben wird, bleibt von der mühſam aus⸗
86 1749 725 1783 geklügelten Popularität des Ausnahmsſtatthalters nichts
83 1776 725 1807 übrig. Er iſt dann unmöglich, und deswegen hält er
84 1780 725 1836 daran fest. Aber es wäre Zeit, daß man Herrn Thun,
78 1809 731 1863 das würdige Werkzeug des Koalitionsministeriums, diesem
82 1838 266 1891 selbst nachschickt.
149 1889 725 1918 Die Todtenfeierlichkeiten für Herrn v. Plener
81 1916 723 1948 ſind heute im Klub der Vereinigten Linken abgehalten
82 1944 723 1974 worden. Herr v. Plener verſpricht ſeiner Partei, „die
82 1971 724 2001 freundlichſten" von den Erinnerungen, die ihn mit ihr
84 2000 724 2029 verknüpfen, zum Abſchied herüberzunehmen — herüber?
84 2027 725 2056 —: das iſt offenbar die Erinnerung, daß er
83 2055 725 2087 durch die Linke Miniſter gewoden iſt. Minder dankbar
82 2083 723 2112 ſcheint Herr v. Plener ſeiner Partei dafür zu ſein,
84 2110 724 2140 daß er ihr auch ſeinen Sturz verdankt; wie er
84 2138 723 2168 meint, denn in Wahrheit fiel er über ſeine Unfähigkeit.
81 2165 724 2196 Die Adreſſe der Vereinigten Linken iſt von der für ſolche
83 2194 724 2225 Momente landesüblichen Wärme; weniger wäre mehr ge⸗
82 2222 724 2251 weſen. Die „Wähler“ des Herrn v. Plener haben ihn gleich⸗
82 2249 724 2280 falls ihres Vertrauens verſichert. Das Schreiben der Egerer
83 2277 723 2307 Handelskammer klingt wie die ſchärfſte Satire auf unſer
758 890 1393 918 Wahlrecht. „Ihre nahezu vollzählig verſammelten Wähler,“
757 917 1394 947 ſchreiben ihm die Mitglieder der Egerer Handelskammer;
757 946 1395 974 man vergegenwärtige ſich, daß die nahezu vollzähligen
756 973 1395 1001 Wähler vollzählig wohlgezählte zweiunddreißig Menſchen
755 1000 1394 1029 ſind! Man kann ſich vorſtellen, welch erhebendes Ge⸗
755 1028 1394 1057 fühl es iſt, wenn die Wähler Herrn v. Plener ver⸗
754 1051 1395 1084 ſichern, daß ihr Vertrauen ihm „immerdar geſichert
754 1083 1394 1112 bleiben wird“. Das Vertrauen von nahezu zweiund⸗
755 1111 1394 1140 dreißig Menſchen muß doch Herrn v. Plener in ſeinem
753 1139 1394 1167 böſen Ungemach ſehr tröſten. Die „N. Fr. Pr.“ treibt
754 1165 1397 1194 den Scherz ſo weit — oder ſollte es Ironie ſein? —
753 1194 1394 1223 den Umſtand „für höchſt bemerkenswerth“ zu halten, daß
753 1222 1393 1251 die Mitglieder der Egerer Handelskammer einſtimmig
753 1249 1394 1279 die Wiederwahl des Herrn v. Plener wünſchen, wogegen
752 1278 1394 1306 bei der Wahl im Jahre 1891 Herr v. Plener einen
753 1305 1394 1334 Gegenkandidaten hatte. Herr v. Plener iſt bei der letzten
753 1333 1394 1361 Wahl mit 24 Stimmen gewählt worden, ſein Gegen⸗
753 1361 1394 1389 kandidat erhielt zwei Stimmen, und wenn es auch
753 1389 1394 1416 möglich iſt, daß die „Oppoſition“ bei der Vertrauens⸗
754 1416 1394 1444 kundgebung nicht anweſend war, ſo iſt es doch ein ſchöner
753 1443 1394 1472 und erhebender Gedanke, daß Herr v. Plener von den
754 1472 1393 1499 24 Stimmen im Jahre 1891 zu den „nahezu vollzähligen“
754 1499 1395 1527 32 Stimmen der Egerer Handelskammer fortgeſchritten
754 1526 1395 1554 iſt. Und da bezweifle man noch, daß die liberale Partei
754 1554 1395 1583 im Volke wurzle, oder leugne man, daß Herr v. Plener
753 1582 886 1609 populär ſei!
820 1609 1394 1637 Ein menſchlicher Zug des Grafen Thun iſt heute
753 1637 1393 1665 im Abgeordnetenhaus enthüllt worden, und wir ſind
754 1665 1393 1693 objektiv genug, um ſeiner an dieſer Stelle zu gedenken.
754 1692 1394 1721 Wir meinen das Intereſſe des Grafen Thun an der
753 1720 1393 1748 Kunſt und den Künſtlerinnen. Der Abgeordnete
753 1748 1394 1776 Kramarſch hat heute erzählt, daß Fräulein Marie
754 1775 1394 1804 Pospiſchil, eine Schauſpielerin des tſchechiſchen Theaters
754 1803 1393 1831 in Prag, ſich beim Grafen Thun einer un⸗
754 1831 1393 1859 gewöhnlichen Beliebtheit erfreut, und Dr. Brzorad
754 1859 1393 1887 hat in einem Zwiſchenruf beigefügt, daß Graf Thun
754 1886 1393 1914 den Edelſinn habe, auch anderen Künſtlerinnen das
754 1914 1393 1943 lebhafteſte Intereſſe entgegenzubringen. Wir haben den
754 1941 1393 1971 Abgeordneten Schamanek ſchon geſtern wegen ſeiner
755 1969 1392 1998 Polemik gegen den Prager Statthalter getadelt und
754 1997 1393 2026 müſſen es unbillig finden, daß Herr Schamanek dieſes
754 2025 1393 2053 rein künſtleriſche Intereſſe des Grafen Thun in die
754 2053 1393 2084 Chronique scandaleuse von Prag verweist. Graf
753 2079 1393 2108 Thun verſteht es, ſeine patriotiſchen Gefühle
753 2107 1393 2135 mit ſeinen künſtleriſchen Tendenzen anmuthig zu
753 2134 1392 2164 vereinigen; er ſpendet, wie Dr. Kramarſch erzählte, den
753 2163 1392 2191 Ballettänzerinnen Kränze mit ausſchließlich ſchwarz⸗gelben
753 2190 1393 2226 Fahnen. Den Bemühungen des Grafen Thun iſt es zu
753 2218 1392 2246 verdanken, daß die tſchechiſchen Kinder ſchwarz⸗gelb erzogen
752 2246 1393 2274 werden, und es iſt erfreulich, zu ſehen, daß er auch dafür
752 2274 1392 2303 ſorgt, daß die „Kinder“ des Ballets in ordentlichen
1423 891 2066 920 patriotiſchen Empfindungen heranwachſen. Wir haben den
1424 919 2066 948 Grafen Thun wegen ſeiner Härte oft tadeln müſſen; um⸗
1423 948 2066 976 ſomehr drängt es uns, anzuerkennen, daß ſeine liebe⸗
1424 975 2065 1004 vollen Bemühungen um Hebung der Kunſt ihn von
1424 1003 2067 1031 einer Seite zeigen, der nichts Menſchliches fremd iſt.
1490 1031 2067 1058 Preßfreiheit. Die Nummer des in Bruck an der
1424 1058 2067 1085 Mur erſcheinenden „Oberſteierblatt“ vom 23. Juni
1424 1086 2068 1113 wurde wegen einer Stelle im Leitartikel: „Das Zwiſchen⸗
1424 1113 2066 1141 miniſterium Kielmansegg“ konfiszirt. In der „Begründung“
1424 1141 2067 1169 des Erkenntniſſes heißt es: In dem bezeichneten Satze
1421 1164 2067 1194 des Artikels werden die „Koalition“ und „ihr
1423 1195 2066 1225 Miniſterium“, folglich eines der beiden
1423 1224 2066 1252 Häuſer des Reichsrathes und eine öffent⸗
1423 1251 2067 1280 liche Behörde ohne Anführung beſtimmter That⸗
1423 1279 2066 1307 ſachen verächtlicher Geſinnung geziehen, weshalb das Ver⸗
1424 1307 2065 1336 gehen der Ehrenbeleidigung vorliegt, das von amtswegen
1423 1335 2066 1363 zu verfolgen iſt. — Die Koalition eines der beiden Häuſer
1424 1362 2066 1391 des Reichsrathes und das geweſene Miniſterium eine
1424 1390 2066 1419 öffentliche Behörde: das geht ſelbſt über die bekannten
1424 1418 1797 1447 Wiener „Begründungen“ hinaus!
1492 1446 2068 1474 Die Agitation für die bevorſtehenden Wahlen in
1424 1473 2066 1501 den Gemeinderath wird von beiden bürgerlichen Parteien
1424 1500 2068 1529 in der üblichen kleinlichen, jedes höheren Geſichtspunktes
1424 1528 2068 1556 entbehrenden Art betrieben. Sowohl die Antiſemiten als
1424 1555 2065 1584 die Liberalen halten ſtatt öffentlicher Wahlverſamlungen,
1423 1584 2067 1612 in denen die Prinzipien jeder Partei den Wählern dar⸗
1424 1611 2065 1644 gelegt werden könnten, geheime Konventikel ab, in denen
1424 1638 2065 1666 ein paar Auserleſene, ein paar Auserwählte auf den
1423 1666 2066 1694 reſpektiven Kandidaten eingeſchworen werden. Dieſe
1423 1694 2066 1723 ſonderbare Art, für eine Partei Anhänger zu werben,
1424 1721 2066 1749 entbehrt umſoweniger des Stiches ins Lächerliche, als
1423 1748 2066 1777 die beiden Parteien einander dieſes lichtſcheue Treiben
1423 1777 2067 1806 vorwerfen. In einer geheimen Verſammlung der Anti⸗
1422 1801 2068 1833 ſemiten in der Innern Stadt warf Prinz Liechtenſtein
1424 1832 2067 1861 den Liberalen höhniſch vor, daß ſie nur danach trachten,
1423 1860 2066 1888 hübſch unter ſich zu bleiben, und nur ſolche Geſichter zu⸗
1422 1888 2067 1916 laſſen, die zu den ihren paſſen. Die Antiſemiten hatten
1424 1915 2066 1944 aber wie ſonſt auch bei dieſer Verſammlung ebenfalls nur
1423 1943 2069 1975 getrachtet, hübſch unter ſich zu bleiben, und warfen ſogar
1424 1971 2067 1999 einen Mann, deſſen Geſicht nicht zu den ihren
1422 1998 2067 2026 paßte, unter Mißhandlungen hinaus. Die Bürger beiderlei
1423 2026 2068 2054 Couleurs müſſen ein ungeheures Vertrauen zu der
1423 2054 2068 2081 Macht und Güte ihrer Ideen haben, wenn ſie die bloße
1422 2081 2068 2109 Anweſenheit eines Andersgläubigen mit Angſt erfüllt.
1422 2108 2067 2137 Die Art der Wahlagitation der Liberalen und Anti⸗
1422 2135 2068 2164 ſemiten entſpricht aber ganz und gar der Thatſache, daß
1423 2164 2067 2192 es ein Vorrecht, das heißt ein Unrecht iſt, das ſie aus⸗
1422 2191 2068 2220 üben. Erſt wenn die Arbeiter wahlberechtigt ſein werden,
1422 2219 2067 2247 wird man von einer wirklichen Wahlagitation reden
1423 2246 2068 2275 können. Die öffentlichen, allgemein zugänglichen Wähler⸗
1422 2274 2067 2302 verſammlungen der Sozialdemokraten werden die Liberalen
111 2339 280 2359 Nachdruck verboten.
671 2339 701 2359 (61
99 2374 713 2431 Der Zöllner von Klauſen.
197 2438 622 2457 Hiſtoriſcher Roman von Johann von Wildenradt.
150 2471 728 2501 Vor dem Rathhauſe ſtieg der ſiegreiche Hauptmann
85 2497 728 2533 vom Pferde und hieß seine Begleiter die koſtbare Laſt
87 2526 727 2555 der beiden anderen Thiere abladen und ihm nachtragen;
84 2552 727 2584 dann ſchritt er ſtolzerhobenen Hauptes an den auf der
83 2581 727 2612 Treppe Stehenden vorbei durch das offene Portal in den
86 2608 727 2642 Saal, in welchem der Landſchaftsausſchuß, Bürgermeiſter
86 2636 727 2668 und Rathsherren verſammelt waren. Hinterdrein gingen
86 2663 725 2696 Gaißmayr und Matthäus, drängten ſich Bauern und
85 2691 725 2724 Bürger; ſie alle wollten den Glücklichen ſehen, und hören,
83 2723 371 2749 was er zu berichten hatte.
148 2747 726 2777 Noch waren die beiden Freunde nicht bis an ihre
83 2775 726 2806 Plätze gekommen, als Michel Gruber, von den alten
83 2802 725 2834 Bekannten wie von dem geſammten Ausſchuß herzlich,
83 2830 726 2864 wenn auch ob ſeines glänzenden Aufzuges mit einiger
85 2859 726 2893 Verwunderung begrüßt, in ihrer Mitte Platz nahm.
85 2887 728 2923 Er ließ die Beuteſtücke, prächtige Waffen und ſeidene
84 2915 727 2951 Fahnen, vor ſich auf den Tiſch niederlegen; und nach
88 2943 728 2979 mancherlei perſönlichen Fragen uud Antworten, welche
88 2971 728 3005 doch die Neugier mehr anregten als ſtillten, hob er
89 3000 727 3033 an: „Die Häupter der Bauernſchaft waren zugegen,
88 3026 727 3061 als vor etlichen Wochen in unſerem Lager zu Golling
88 3054 728 3089 Abgeſandte von Thomas Reuſtl, dem Hauptmann der
86 3082 728 3117 Steiermärker, eintrafen, die uns mit beweglichen Bitten
88 3112 729 3148 um Hilfe angingen. Ihr wißt, daß ich mit einem
88 3139 730 3178 anſehnlichen Haufen dahin aufbrach und nach zwei
87 3167 729 3210 Tagemärſchen unſerer Grenze nahe in Radſtatt an⸗
90 3195 731 3238 langte. Da trafen wir mit den flüchtigen Steirern
90 3223 732 3264 zuſammen; ſie erzählten uns von ihrem Siege über
92 3250 732 3291 den Landeshauptmann, ſie erzählten auch, wie die
90 3281 732 3320 Treuloſigkeit Dietrichſtein’s unter dem Scheine güt⸗
91 3308 732 3348 licher Unterhaltung Zwietracht zwiſchen ſie ſäete, wie
755 2331 1395 2359 die Mehrzahl der Steirer ſich dem gichtbrüchigen Ver⸗
755 2359 1395 2388 führer unterworfen, der Reſt jedoch ſich über unſere
757 2386 1394 2416 Grenze geflüchtet habe, um unſerer Ankunft zu harren und
757 2415 1394 2444 dem Feinde zurückzuzahlen, was er an ihnen gethan hatte.
822 2442 1394 2470 „In Radſtatt ordneten Reuſtl und ich die Haufen
757 2470 1393 2498 der Bergknappen und der Bauern, an die viertauſend
756 2497 1394 2527 Mann; und als wir uns zum Angriff ſtark genug
756 2525 1393 2553 fühlten, da ſandten wir einen Brief gegen Schladming
756 2552 1393 2581 an die Stadt und forderten ſie auf, ſich ungeſäumt
756 2580 1393 2609 dem chriſtlichen Bunde anzuſchließen. Aber ſtatt deſſen
755 2608 1393 2637 huldigten die Bürger dem Erzherzog aufs neue —
755 2635 1393 2663 ſie mußten es wohl; denn der Landeshauptmann
755 2663 1393 2692 lagerte ſich mit ſeinen Rittern und Reitern im Städt⸗
755 2690 1392 2719 chen, mit ſeinen Fuß⸗ und Stückknechten und dem
755 2718 1392 2747 ganzen Troß vor demſelben, alſo daß nicht Mann
754 2746 1392 2775 noch Maus ohne ſeinen Willen ein Thor paſſiren
754 2774 1391 2802 konnte. Nach einer Weile ſchrieb er uns, daß er
754 2801 1391 2830 willens ſei, ohne Schwertſchlag abzuziehen, wenn ich
754 2828 1391 2858 des Erzherzogs ungehorſame Unterthanen von mir
755 2857 1390 2886 weiſen und die gehorſamen ferner nicht beleidigen wolle;
755 2884 1390 2915 zugleich trug er auf einen achttägigen Stillſtand an.
756 2912 1390 2941 Mir mißfiel die Antwort, ich ahnte neue Hinterliſt, und
756 2940 1391 2968 mein Argwohn wurde beſtätigt; denn ein Ueberläufer
756 2966 1390 2996 verrieth mir, daß Dietrichſtein unſere Wachſamkeit durch
756 2994 1391 3024 ſolchen Vertrag einſchläfern wolle und nur auf die
756 3022 1391 3050 Ankunft ſeines Nachfolgers im Oberbefehl, des Grafen
756 3049 1389 3079 Nikolaus von Salm, warte, welcher, durch den Vertrag
756 3077 1390 3112 nicht gebunden, die ſorgloſen Bauern überfallen, erwürgen
757 3106 1023 3136 und hinſchlachten ſollte.“
821 3133 1389 3161 Ein dumpfes Murren erhob ſich ringsum, manche
758 3160 1390 3191 Fauſt ballte ſich, und aus der Menge, welche den
759 3187 1390 3219 Sitzungsſaal, die offene Thür, den Gang und das
760 3214 1389 3248 Portal füllte, erſchallte es laut und drohend: „Tod den
760 3242 1252 3271 Verräthern, Tod den Pfaffen und Herren!“
824 3269 1385 3302 Michel Gruber aber warf das Haupt zurück, ſchlug
759 3297 1384 3326 mit der gepanzerten Fauſt auf ſeinen Bruſtharniſch
1423 2308 2072 2359 und rief: „Da war mein Gutschluß schnell gefaßt!
1424 2359 2066 2388 Dem Verbot und den Wachen Dietrichſtein’s zum Trotz
1424 2388 2067 2417 trafen am ſelben Tage zahlloſe Flüchtlinge in unſerem
1424 2416 2068 2445 Lager ein; ſie brachten ſchreckensbleichen Angeſichts die
1422 2443 2065 2473 Kunde, daß der Landeshauptmann Alt und Jung, ob
1424 2471 2066 2500 des Aufſtandes ſchuldig oder nicht, auf das unbarm⸗
1423 2498 2066 2526 herzigſte brandſchatze, daß er ſeine Ratzen die Bauern
1422 2526 2062 2554 zu Dutzenden ſpießen, ſchinden und viertheilen und
1422 2553 2063 2585 gegen Frauen und Jungfrauen unmenſchlicher als die
1421 2581 2063 2612 Türken wüthen laſſe. Da hättet ihr die Unſeren ſehen
1420 2609 2062 2641 ſollen! Sie ſchrien Rache, griffen nach den Waffen,
1420 2637 2062 2668 und nur mit Mühe vermochten Reuſtl und ich einige
1422 2664 2063 2697 Ordnung in die von Kampfluſt erglühenden Haufen
1421 2692 2063 2723 zu bringen und Steiermärker wie Pinzgauer nur noch
1422 2719 2065 2750 einige Stunden im Zaum zu halten. Wir aber
1421 2747 2065 2779 brauchten kein langes Berathen, wir fragten uns nur,
1421 2775 2065 2806 ob wir dem Wortbrüchigen Wort halten oder den
1419 2803 2064 2836 blutigen Mord mit tapferer Fauſt rächen ſollten? —
1419 2830 2064 2864 Die Antwort konnte nicht zweifelhaft ſein! Nach
1419 2858 2063 2895 Mitternacht brachen wir auf; den geraden Weg meidend,
1418 2887 2063 2920 zogen wir in der Sommernacht über das wilde Ge⸗
1419 2915 2062 2952 birg und trafen juſt vor Schladming ein, als es vom
1420 2944 2061 2976 Thurm vier Uhr Morgens ſchlug. Die Wachen
1419 2971 2061 3001 ſchrien Lärm bei unſerem Nahen; wir aber fielen, eh’
1420 2996 2062 3031 die Schläfer ſich die Augen ausgerieben hatten, mit
1419 3025 2061 3056 wilden Schlachtrufen über die Söldner vor den Mauern
1419 3054 2059 3091 her, und unſere Spieße und Senſen, Schwerter und
1418 3080 2061 3118 Meſſer trieften von Blut. Im Nu hatten wir die
1413 3096 2060 3151 böhmiſchen Stückknechte niedergemacht und die Geſchütze
1417 3130 2057 3180 in unſeren Händen; gleich Bären ſchlugen die Unſeren
1414 3143 2056 3206 auf die Feinde, und was nicht entrann, wurde getödtet
1417 3166 2058 3237 oder in die Wogen der schäumenden Enns getrieben.
1417 3200 2046 3246 Mit den Fliehenden drangen wir durch die Thore von
1414 3223 2057 3298 Schladming, denn jetzt galt es den Herren und Adeligen,
1411 3253 2057 3327 die, hinter den Mauern sich sicher wähnend, schlastrunken
1408 3280 2039 3357 noch in den Federn lagen." (Fortsetzung folgt.)
