3168 4831
218 145 743 192 Samstag den 1. Juli 1911.
1291 141 1820 186 Inssbrucker Nachrichten
2511 128 2885 166 Nr. 148. Seite 21.
972 344 2149 551 AUFRUF!
492 600 2832 667 Die Lebensmittelteuerung hat auch bereits auf das wichtige Volksnahrungsmittel FETT überge¬
281 666 1434 723 griffen. Die einzige Abhilfe dagegen sind folgende
479 897 959 1022 FÜR BUTTER:
779 738 2334 825 ERSATZ-PRODUKTE:
1420 879 1679 922 Margarine:
1052 932 2035 1036 ‚UNIKUM‘ und ,KLEEBLATT‘
526 1165 1383 1298 FÜR BUTTER-SCHMALZ:
1674 1151 2101 1196 Margarinschmalz:
1390 1194 2395 1306 ‚AUSTRIA‘ und ‚ZWEISTERN‘
1875 1407 2261 1449 Kunstspeisefett:
749 1548 1512 1602 FÜR SCHWEINEFETT:
1545 1455 2589 1529 ‚SPECIAL‘ UND ‚PRIMA‘
1825 1529 2334 1565 ferner das Pflanzenfett:
1696 1580 2446 1652 ‚NUSEROL‘ (Original)
499 1713 2841 1779 Die Margarine- (Binderfett-) Produkte sind gleichwertig mit Kuh-Butterprodukten; meist aber, weil
288 1766 2841 1833 bakterienfrei, gesünder als letztere. Kunstspeisefett ist eine Zusammensetzung von Rinds-, Schweine- und
289 1819 2840 1885 Pflanzenfett und enthält keinerlei gesundheitsschädliche Substanzen. In Pflanzenfett wird Marke „NUSEROL“-
291 1873 2842 1939 Original erzeugt. Nachdem, wie überall so auch leider in diesen Artikeln, Täuschungen und Fälschungen zum
290 1925 2842 1991 Nachteile der Konsumenten vorkommen, so wird dringend empfohlen, auf Verabfolgung der vorbenannten
293 1985 2025 2044 Marken zu bestehen und jeden Unterschiebungsversuch zurückzuweisen.
504 2042 2585 2103 Diese Produkte sind überall erhältlich, wo nicht, wende man sich direkt, an die Fabrik
292 2124 2845 2229 Vereinigte Margarine- und Butter-Fabriken
1129 2221 2799 2293 Wien, XIV., Diefenbachgasse 59. 306 - 9s8
873 2390 2266 2619 Kundmachung.
404 2614 2953 2700 Um vielen Wünschen gerecht zu werden und die Kohle aus dem k. k. Kohlenbergwerk
191 2685 2952 2777 Häring bei Kirchbichl, dieses ausgezeichnete und billige Heizmaterial, allgemeiner einzuführen
194 2756 2954 2843 und den Bezug zu erleichtern, wird im Einvernehmen mit der k. k. Wergverwaltung in
191 2826 2548 2915 Kirchbichl mitgeteilt, daß die k. k. Häringer Kohle von nun an bei den Firmen:
405 2914 2115 3011 J. Engeriser, Feldftraße, Telephon Nr. 150
405 3010 2522 3111 Peter Fröhlich, Museumstraße, Telephon Nr. 106, und
408 3104 2886 3209 Sebastian Müßiggang, Fischergasse. Telephon Nr. 279, erhältlich ist.
407 3202 2955 3287 Die Förderung hat sich bedeutend gehoben, die Kohle wird in tadelloser Qualität ge¬
194 3272 2955 3365 waschen und griesfrei geliefert, und kostet die Würfelkohle (Faustgröße) für Hausbrandzwecke
196 3353 1520 3428 Kronen 3·30 pro 100 Kilo frei ins Haus.
410 3415 2956 3501 Seit einer Reihe von Jahren bezieht unter vielen anderen Abnehmern die löbl. Material=
196 3486 2958 3574 Verwaltung der k. k. priv. Südbahn=Gesellschaft für ihre P. T. Beamten und Bediensteten die
197 3565 1653 3644 k. k. Häringer Kohle zur größten Zufriedenheit.
2825 3574 2962 3625 804—4s4
210 3731 1528 3788 Peter Paul Hiegl,
1726 3660 1968 3710 Kohlen-
1611 3730 2086 3786 Großhandlung,
2173 3723 2946 3774 Innsbruck
909 3811 2252 3888 General=Verschleiß der k. k. Häringer Kohle.
473 3942 2967 4087 Centralbank der deutschen Sparkassen
1763 4097 2882 4151 Ecke Margarethenplatz-Landhausstrasse.
1680 4145 2970 4201 — Durchführung sämtlicher Bankgeschäfte. —
328 4107 976 4162 Zweiganstalt Innsbruck
198 4153 1110 4211 mit Exposituren in Dornbirn und Reutte.
1173 4089 1609 4142 Aktienkapital K 25,000.000.
1174 4132 1612 4187 Reserven K 2,500.000.
423 4219 2711 4282 Als vorteilhafte Kapitalsanlage empfehlen wir bestens rentensteuerfreie und pupillarsichere
414 4280 2725 4347 4 % Innsbrucker Sparkasse-Pfandbriefe zum Originalkurs von derzeit 95.50.
416 4343 2315 4409 4 % Centralbank-Communal-Obligationen zum Kurse von 95.—.
416 4388 2966 4469 4 ½ % Centralbank-Communal-Obligationen zum Kurse von 101.—. J4001-0s2
