3072 4831
81 129 604 180 Samstag den 1. Juli 1911.
1145 121 1681 163 Innsbrucker Nachrichten
2359 101 2744 144 Nr. 148. Seite 33.
213 226 740 289 Tiroler Volksbund.
82 311 936 358 (Aus Stumm) wird uns geſchrieben: Die erſt
38 347 937 394 im November vorigen Jahres gegründete Ortsgruppe
39 379 936 429 des Tiroler Volksbundes hielt am 25. Juni beim
40 417 935 464 Pinzgerwirt ihre erſte Jahreshauptverſammlung ab,
40 450 935 499 die mit einem Unterhaltungsabend verbunden wurde.
41 488 937 536 Die Eröffnungsanſprache und der kurze Tätigkeits⸗
41 523 936 571 bericht des Obmannes wurden allgemein beifällig
42 560 939 607 auſgenommen. Aus demſelben geht hervor, daß die
41 594 938 642 Ortsgruppe Stumm im erſten Jahre des Beſtandes
43 632 938 678 27 Mitglieder erreichte, gewiß ein ſchöner Anfang
44 666 941 713 für eine kleine ländliche Ortsgruppe. Zur großen
44 702 940 748 Freude der Mitglieder erſchien auch der Bundes⸗
44 737 944 783 wanderlehrer Ammann, von Brixlegg und Fügen
44 769 943 819 kommend, und begeiſterte die Anweſenden durch eine
46 808 943 855 Ansprache für die Ziele des Volksbundes. Kooperator
46 843 944 890 Josef Ritter forderte in kernigen Worten auf zur
47 878 944 925 Förderung der Bundesarbeit zum Schutze unſeres hart⸗
46 914 944 960 bedrängten Volkstumes. Der alte Vorſtand, beſtehend
48 950 945 997 aus dem Obmanne Pfarrer Chriſtian Aufſchnaiter, dem
47 985 946 1031 Obmannſtellvertreter Franz Lechner, Gemeindevorſteher,
49 1021 947 1068 dem Zahlmeiſter Joſef Ritter, Kooperator, dem Schrift⸗
51 1054 948 1103 führer Alois Obegeſer, Schulleiter, und den Bei⸗
45 1091 948 1139 sitzern Bartlmä Höllwart, Pinzgerwirt, Johann Stig⸗
44 1127 949 1173 ler, Kaufmann, und Johann Kolb, Bäckermeiſter,
52 1163 949 1209 hier, wurde einſtimmig wiedergewählt. Der unter⸗
52 1198 950 1245 haltende Teil der Veranſtaltung umfaßte einige präch⸗
53 1234 950 1280 tige Männerchöre des mitwirkenden Sängerbundes
56 1269 951 1316 „Alpenklang“ und die mit großem Beifall aufgenom⸗
54 1304 952 1351 menen Theatervorſtellungen, die, beſtens eingeſchult
55 1340 953 1387 und aufgeführt, allgemein befriedigten und große
56 1375 954 1422 Heiterkeit erregten. Allen Mitwirkenden gebührt
56 1410 955 1457 öffentlicher Dank und Anerkennung für die opfer⸗
57 1446 956 1493 willige Tätigkeit im Dienſte des Volksbundes, beſon⸗
58 1482 956 1529 ders aber dem unermüdlichen Eifer des Herrn Koope⸗
61 1512 958 1563 rators Emil Bist als Leiter der Bühnenſtücke, den
59 1553 956 1600 Darſtellern im Stücke Michl und Barbl Luiſe und
62 1588 960 1637 Hermann Rieſer und Frau Judith Ebſter, den Herren
61 1624 957 1671 Franz Stiegler und Hauſer für die Soloſzenen und
64 1659 958 1705 Herrn Lehrer Richter für ſeine ſchwierige Aufgabe.
61 1694 962 1741 Der ſchönſte Erfolg des Abends war Wohl der Zu⸗
62 1729 962 1776 wachs von 25 neuen Mitgliedern, unter denen ſich die
62 1760 963 1812 Schloßherrſchaft und Sommergäſte aus Berlin be⸗
64 1800 962 1847 finden. Möge das Verſtändnis für die Bedeutung des
66 1836 964 1881 Tiroler Volksbundes namentlich auch durch die zahl⸗
68 1871 963 1918 reich erſchienenen Frauen und Mädchen verbreitet
66 1902 965 1954 und der Ortsgruppe eine blühende Zukunft geſichert
66 1955 185 1987 Werden.
301 2029 728 2100 Gerichtszeitung.
118 2121 970 2169 (Hausfriedensbruch.) Zwei wegen Körper⸗
72 2156 972 2205 verletzung und Gewalttätigkeiten ſchon oft abgeſtrafte
73 2192 971 2239 Brüder glaubten am 7. Mai in Haus, Gemeinde
74 2222 974 2274 Wörgl, ihren Übermut wieder die Zügel ſchießen laſſen
76 2262 973 2310 zu müſſen. Es ſind dies die in Hobok, Bezirk Krain⸗
74 2297 975 2345 burg (Krain) geborenen Brüder Anton und Johann
76 2328 975 2380 Rechberger. Am erwähnten Tage kam es zwiſchen
78 2369 975 2416 mehreren Burſchen und den beiden Brüdern im ge⸗
77 2404 976 2452 nannten Gaſthauſe zu einem Streite, da die letzteren
77 2436 977 2486 den anderen ein Mädel beim Tanzen wegnehmen
79 2475 977 2523 wollten. Im Verlaufe dieſes Streites benahmen ſich
81 2511 979 2557 nun die beiden Brüder derart, daß ſie aus dem
83 2546 981 2600 Gaſthauſe entfernt werden mußten. Dies war ihnen
82 2581 980 2629 aber nicht recht. Nun ging ein Kampf los mit
81 2616 981 2665 Bierkrügeln, Seſſeln und Steinen, welche die beiden
81 2652 977 2700 von der Straße aus in das Gaſthaus hineinwarfen.
76 2684 980 2736 Bei dieſem Kampfe, bei dem Martin Anker eine Ver⸗
82 2723 981 2771 letzung an der linken Hand durch ein geworfenes
84 2758 982 2807 Bierkrügel davontrug und bei dem Johann Rechberger
85 2794 983 2841 nur mit Gewalt davon abgehalten werden konnte,
84 2829 985 2879 einem ſeiner Gegner einen Zweiliterkrug auf den
84 2864 986 2914 Kopf zu ſchlagen, blieb es aber nicht. Die beiden
84 2900 985 2956 Brüder bewaffneten ſich mit Zaunlatten und dran⸗
86 2937 985 2985 gen dann mit Gewalt in das Haus ein, wobei es
88 2972 984 3021 neuerlich zu Zuſammenſtößen kam. Anton und Joh.
86 3007 986 3056 Rechberger hatten ſich nun vor dem Landesgerichte
87 3040 987 3092 Innsbruck wegen Verbrechens der öffentlichen Ge⸗
88 3078 988 3128 walttätigkeit, begangen durch Hausfriedensbruch, we⸗
89 3113 990 3162 gen Verbrechens der verſuchten ſchweren Körperver⸗
90 3146 988 3198 letzung, auch wegen gefährlicher Drohung, zu verant⸗
91 3181 991 3230 worten. Die beiden rabiaten Brüder wurden trotz
91 3220 989 3269 ihres Leugnens und Beſchönigung ihrer Tathandlung
92 3255 991 3305 ſchuldig erkannt und, da die beiden, wie ihre Vor⸗
94 3290 991 3341 strafen beweiſen, unverbeſſerliche Raufbolde und Stän⸗
93 3326 993 3376 kerer ſind, zu 13 Monaten ſchweren Kerkers ver⸗
95 3376 202 3408 urteilt.
336 3402 738 3451 Den Gatten vergiftet.
2053 3442 2824 3498 Wir waschen alle unsere
2194 3508 2609 3559 Wäsche mit
2088 3624 2695 3683 Sunlight
2162 3751 2606 3803 Seife.
2809 3784 2872 3837 270
142 3459 995 3508 Am 28. Juni begann in Trient bei großem In⸗
97 3495 995 3545 tereſſe des Publikums die Schwurgerichtsverhandlung
99 3530 997 3582 gegen Metilde Boſin von Cavaleſe wegen das an
97 3566 998 3616 ihrem Gatten verübten Giftmordes. Laut Anklage
99 3601 995 3655 heiratete die 25jährige Metilde Dell Antonio am 1.
100 3633 998 3687 Auguſt 1905 den 60jährigen Anton Boſin, der über
99 3672 998 3721 ein Vermögen von 10.000 Kronen verfügte. Die Ehe
101 3708 998 3758 der von jeher leichtſinnigen, auch wegen Diebſtahls
100 3743 999 3794 abgeſtraften Metilde Boſin wurde bald eine un⸗
102 3779 1001 3829 glückliche. Am 13. November 1908 verließ ſie unter
102 3813 1001 3865 Mitnahme von 2000 Kronen den Gatten und lebte
103 3851 992 3898 über ein Monat in Geſellſchaft eines gewiſſen An⸗
103 3887 989 3934 dreas Longo in der Schweiz. Nach Hauſe zurückge⸗
105 3922 988 3972 kehrt, nahm ſie ihr Mann wieder auf. Später ge⸗
106 3957 1003 4007 lang es ihr, ihren Vetter Giuſeppe Gabrielli in das
108 3992 1004 4044 Haus zu nehmen. Am 9. Jänner 1911 ſchickte ihr
107 4029 992 4075 Mann den Vetter jedoch fort und von dieſem Augen⸗
109 4063 1006 4112 blicke an ſann ſie auf Rache. Sie ſchrieb zunächſt
109 4099 1006 4148 an ihre Nichte Josefine Nicli in Mezolombardo um
109 4135 1006 4184 Opium, erhielt aber keines. Nunmehr gab ſie ihrem
966 213 1866 263 Manne Borax in einer Schale ruſſiſchen Tees, aber
968 244 1866 303 ohne Erfolg. Am 18. Jänner ließ ſie von Joſefine
968 284 1865 334 Longo in der Agreiter'ſchen Apotheke in Predazzo
970 319 1866 368 um 20 Heller Acido pruſſico kaufen, von dem 0'05
970 353 1870 403 Gramm genügen, um einen Menſchen zu töten. Die⸗
970 389 1870 438 ſen Stoff löſte ſie in Branntwein auf und gab den
972 422 1871 474 „verzuckerten Schnaps“ ihrem ſeit zwei Wochen er⸗
971 456 1869 509 krankten Mann, welcher nicht nur das Glas leerte,
972 497 1873 544 ſondern auch noch die auf dem Boden gebliebenen
974 532 1872 580 Körnchen in den Mund ſchob. Gleichzeitig wollte ſie
973 567 1871 615 ihn zur Schenkung ſeines Vermögens an ſie ver⸗
975 603 1872 651 anlaſſen, und da es wegen der notariellen Förmlich⸗
974 639 1871 687 keiten zu ſpät war, verſuchte ſie die Errichtung eines
974 673 1874 722 Teſtamentes zu ihrem Gunſten zu erwirken. Allein
977 708 1874 755 das Gift wirkte bereits, ihr Mann wurde bewußtlos
973 743 1871 792 und ſtarb am 23. Jänner 1911. Er hinterließ eine
975 779 1872 828 mangels Beobachtung der geſetzlichen Förmlichkeiten
975 810 1874 863 rechtsungiltige Schenkungsurkunde. Die Autopſie der
975 851 1873 898 Leiche wies auf Vergiftung hin. Die Eingeweide
977 882 1874 933 wurden an die Univerſität nach Innsbruck geſchickt
977 921 1874 969 und die chemiſche Unterſuchung bewies die Richtigkeit
976 957 1874 1005 des Verdachtes, der ſich ſofort nach dem Tode des
980 993 1876 1039 zwar halbtauben, ſonſt aber rüſtigen Mannes er⸗
979 1028 1876 1075 hoben hatte. Die Angeklagte, welche anfangs zugab,
978 1063 1878 1110 daß ſie ihren Mann vernichten wollte, erklärte, ſie
980 1094 1877 1145 habe ihn nur ſchwächen wollen; das Verhältnis mit
984 1135 1883 1180 Gabrielli, der inzwiſchen irrſinnig wurde, gibt ſie
986 1169 1882 1216 zu. Bemerkenswert iſt, daß Gabrielli als Schloſſer
983 1205 1882 1251 die Wirkung des Giftes infolge ſeines Handwerkes
984 1241 1882 1285 ſicher kannte. Die Anklage vertritt der Staatsanwalt
987 1276 1882 1322 Tranquillim, die Beſchuldigte verteidigt Advokat Dr.
985 1311 1882 1357 Peratoner. Als Zeugen wurden Don Enrico Battiſti,
986 1342 1883 1393 Pfarrer von Predazzo, Serafine Groppa, welche die
987 1376 1886 1428 Schweizer Reiſe mitmachte, die Nichte der Angeklagten
986 1418 1884 1464 Roſina Nicli, die zwölfjährige Joſefine Longo (die
989 1453 1887 1499 um das Gift geſchickt wurde), das Dienſtmädchen Fran⸗
990 1488 1886 1534 ziska Longo, der Bruder des Ermordeten Andreas
988 1524 1887 1571 Boſin und Giacome Roſſi, Gendarmeriewachtmeiſter,
990 1560 1884 1607 vernommen. — Die Angeklagte zeigt ſich ſehr apatiſch
991 1595 1888 1642 und behauptet im Gegenſatze zu den Zeugenausſagen,
992 1631 1889 1678 ihr Mann habe ſie mißhandelt. Nach der einſtün⸗
992 1666 1890 1712 digen Rede des Staatsanwaltes und dem Plaidoyer
992 1701 1890 1747 des Verteidigers bejahten die Geſchworenen mit acht
994 1732 1892 1783 Stimmen die auf Mord geſtellte Hauptfrage; vier
994 1772 1892 1819 Stimmen bejahten die Frage mit Ausſchluß der
995 1808 1892 1854 Tötungsabſicht. Der Gerichtshof verkündete ſohin das
997 1840 1710 1889 Urteil auf Tod durch den Strang.
1160 1915 1719 1991 Volkswirtſchaftliches.
1042 1995 1897 2041 (Der Obſtbauverein von Hall und Um⸗
1001 2030 1898 2076 gebung) hält am Sonntag den 2. d. Mts. um
1001 2066 1898 2112 1 Uhr nachmittags beim „Stamſer“ eine Verſamm⸗
1000 2101 1897 2147 lung ab, bei der Herr Wanderlehrer Falch einen Vor⸗
1002 2136 1897 2183 trag über Obſtbau halten wird. Mitglieder und
1003 2172 1897 2218 Freunde des Obſtbaues ſind freundlichſt eingeladen.
1049 2207 1900 2253 (Maul⸗ und Klauenſeuche.) Wie man uns
1000 2242 1903 2291 aus Höchst ſchreibt, wurde dort über mehrere Stal⸗
1005 2278 1902 2324 lungen wegen Verdachtes der Maul⸗ und Klauenſeuche
1004 2308 1904 2359 die Stallſperre verhängt, was bei dem Grenzverkehr
1007 2344 1904 2396 mit der Schweiz von unliebſamen Folgen begleitet ſein
1005 2394 1107 2430 dürfte.
1045 2420 1906 2466 (Der Geldbedarf des tſchechiſchen Ban⸗
1009 2450 1906 2502 kenringes.) Während ſoeben die „Zivnoſtenska
1010 2491 1907 2538 banka“ eine neue Aktienemiſſion veranſtaltet hat, um
1011 2522 1908 2573 ihren Geldbedarf zu decken, bereitet auch die Laibacher
1012 2561 1910 2608 Kreditbank eine Vermehrung ihres Aktienkapiteles von
1011 2596 1909 2644 5 auf 8 Millionen Kronen vor. Es wäre notwendig,
1012 2632 1910 2680 daß auch von ſeiten der öſterreichiſchen Regierung,
1015 2664 1910 2715 wie es kürzlich durch die ungariſche geſchah, das
1015 2702 1912 2749 Publikum auf dieſe Überlaſtung des Aktienmarktes
1015 2738 1911 2785 aufmerkſam gemacht und gewarnt würde, ſeine ma⸗
1016 2774 1914 2820 teriellen Intereſſen nicht mit ſo expanſiven Kredit⸗
1015 2810 1912 2857 inſtituten zu verknüpfen, wie es die Inſtitute des
1016 2849 1502 2891 tſchechiſchen Bankringes ſind.
1144 2919 1782 2996 Schießſtandsnachrichten.
1054 2998 1913 3043 (Erzherzog Ferdinand Karl ⸗ Stand⸗
1018 3032 1916 3079 ſchützen ⸗ Kompagnie Pradl.) Morgen Sonn⸗
1019 3068 1917 3115 tag, 2 Uhr nachmittags Kaiſergabenſchießen auf dem
1020 3106 1407 3150 Landeshauptſchießſtande.
1056 3139 1912 3186 (K. k. Gemeinde⸗Schießſtand Hötting.)
1020 3174 1917 3222 Morgen kein Schießen; dafür kommenden Sonntag
1023 3217 1338 3256 Kaiſergabenſchießen.
1057 3245 1918 3293 (Kath. Arbeiterverein, „Schützenbund“.)
1022 3281 1919 3328 Morgen Schießen am Landeshauptſchießſtande. Um
1023 3317 1920 3364 1¼ Uhr Zuſammenkunft beim Innſteg oder um 2 Uhr
1024 3360 1283 3398 am Schießſtand.
1083 3410 1895 3493 Auszug aus dem Amtsblatte
1105 3494 1872 3549 zum „Boten für Tirol und Vorarlberg“.
1265 3550 1683 3591 Nr. 146 vom 28. Juni.
1063 3591 1923 3638 (Ausſchreibungen.) Im Bereiche der Finanz⸗
1028 3626 1924 3674 Landesdirektion iſt eine Rechnungsoffizialsſtelle in der
1030 3662 1926 3709 10. Rangsklaſſe, event. eine Rechnungsaſſiſtentenſtelle
1029 3698 1926 3744 in der 11. Rangsklaſſe zu beſetzen. Geſuche binnen vier
1030 3733 1927 3780 Wochen. — Die Poſtmeiſterſtelle in Wenns (Direktions⸗
1031 3769 1928 3816 bezirk Innsbruck) iſt ausgeſchrieben. Geſuche binnen
1030 3812 1236 3849 drei Wochen.
1068 3839 1928 3887 (Verſteigerungen.) Am 31. Juli findet beim
1032 3874 1930 3924 Bezirksgerichte Hall die Verſteigerung der Liegenſchaft
1033 3911 1929 3958 Mustergaſſe Nr. 39 ſamt Zubehör ſtatt. Dieſe iſt
1033 3942 1929 3994 auf 14.891 Kronen bewertet. Das geringſte Gebot
1035 3982 1930 4029 beträgt 7450 Kronen. — Am 28. Juli findet im Gaſt⸗
1036 4017 1931 4062 hauſe zum „Schwarzen Adler“ in Nauders die Ver⸗
1035 4048 1930 4099 ſteigerung der dem Ferdinand, Katharina und Aloiſia
1036 4088 1908 4136 Noggler in Nauders gehörigen Liegenſchaften ſan
1037 4130 1274 4169 Zubehör ſtatt.
2193 208 2495 278 Eingeſandt.
1943 288 2797 343 Die „Volkszeitung“ vom 20. d. M. bringt
1900 333 2798 389 aus Franzensfeſte einen Artikel, worin das
1900 377 2800 433 Brot des Lebensmittel⸗Magazines in Innsbruck
1901 421 2800 478 einer abfälligen Kritik unterzogen wird, die
1901 466 2800 522 der Wahrheit nicht entſpricht. Unverkennbar gilt
1902 511 2800 565 dieſer Artikel jenen Bäckereien, welche die Lie⸗
1904 556 2802 612 ferungen an das Lebensmittel⸗Magazin haben
1905 600 2803 654 und um im Intereſſe der Arbeiterbäckerei zu
1905 643 2804 698 handeln, ſcheut ſich der Schreiber jenes Ar⸗
1908 689 2806 744 tikels nicht, rückſichtslos die Konkurrenz der
1906 733 2802 789 Arbeiterbäckerei bloßzuſtellen und zu ſchädigen.
1907 766 2806 834 In ſolcher Weiſe für die Arbeiterbäckerei Pro⸗
1907 821 2803 877 paganda zu machen, iſt alles eher als ſchön.
1909 865 2808 922 Die unterzeichnete Bäckerei liefert nun ſchon
1909 910 2808 965 über 20 Jahre ihr Brot zur Zufriedenheit nach
1911 956 2810 1011 Innsbruck; ſie bringt jeden Tag grundſätzlich
1911 999 2808 1054 nur friſche, tadelloſe Ware zum Verſand und
1911 1044 2809 1100 das Brot iſt ebenſo ſchmackhaft und ſo billig,
1913 1089 2811 1143 wie jenes der Arbeiterbäckerei! Wozu alſo die
1912 1133 2810 1189 übertriebene Marktſchreierei, oder glaubt man,
1915 1177 2812 1230 daß die unter dem Protektorate des Herrn
1915 1222 2813 1275 Dr. Karpeles ſtehende Arbeiterbäckerei nur immer
1915 1265 2814 1321 das große Wort zu ſprechen hat? Gewiß nicht
1917 1310 2814 1365 und es iſt ſehr fraglich, ob ſie bei einem
1920 1356 2817 1412 ſolchen Vorgehen ihr Ziel erreichen wird. Mag
1918 1399 2815 1454 man die Erzeugniſſe der Konkurrenz der Arbei⸗
1920 1445 2820 1502 terbäckerei noch ſo herabsetzen, ſo wird ſich trotz⸗
1920 1479 2817 1542 dem niemand beeinflußen laſſen und alle wer⸗
1919 1533 2818 1588 den den Brotbedarf dort decken, wo es ihnen
1920 1577 2817 1624 beliebt. 868
1919 1639 2819 1697 Münchner Schwarzbrot⸗Bäckerei Kufſtein
2156 1705 2588 1753 C. Sigler, Bäckermeiſter.
2169 1805 2557 1861 Zur Aufklärung.
1971 1871 2825 1919 Da böswillige Gerüchte behaupten, daß ein bei
1930 1907 2827 1954 mir bedienſteter Gehilfe wegen Sittlichkeitsverbrechen
1930 1938 2824 1990 verhaftet worden ſei, ſehe ich mich zur Hintanhaltung
1931 1974 2827 2033 von Geschäftſschädigung zur Erklärung genötigt, daß
1930 2015 2827 2060 dieſer Vorfall nicht einen bei mir, ſondern bei einem
1931 2044 2828 2096 anderen hieſigen Friſeur bedienſteten Gehilfen be⸗
1931 2085 2827 2131 trifft, und daß ich Jeden gerichtlich belangen werde,
1932 2116 2830 2167 der weiterhin dieſe unwahre Behauptung über mein
1933 2162 2247 2202 Geſchäft verbreitet.
2150 2212 2611 2264 Moriz Fritz Koſchin,
2321 2268 2446 2305 Friſeur,
2081 2307 2681 2357 Fallmerayerftraße 7 (Schärmerhaus).
2099 2390 2677 2444 Wie Bruſtkinder gedeihen
1937 2441 2835 2491 diejenigen Säuglinge, die bei Muttermisch⸗
1939 2475 2836 2525 mangel mit „Kufeke“ und Milchzuſatz ernährt wer⸗
1939 2514 2836 2568 den; ſie ſind ruhig, ſchlafen gut, haben geregelte
1940 2549 2837 2595 Verdauung, normale Gewichtszunahme und leiden
1942 2584 2836 2633 nicht an Darmkatarrh, Diarrhöe, Brechdurchfall uſw.
1942 2619 2839 2668 „Kufeke“ wird als die bekömmlichſte Säuglings⸗
1943 2650 2839 2702 nahrung von erſten ärztlichen Autoritäten empfoh⸗
1942 2690 2841 2737 len und ſchafft ſich überall, wo immer es in An⸗
1960 2723 2850 2795 wendung gezogen wird, neue bleibende Freunde. 4###
2217 3890 2592 3967 Marillen
1960 3974 2855 4028 ausgewählte, ſchönſte Exemplare, zum Einſieden oder
1960 4018 2859 4077 Delikateß, 5 Kilo⸗Poſtkorb K 3.50, Spaniſche
1961 4061 2857 4120 Weichs! K 2.50 liefert Szilagyi, Weingarten⸗
1963 4100 2858 4156 olonie Kiskörös. 12417
810 4215 2177 4385 Villa am Saggen
113 4393 2863 4483 mit hübſchem Garten, ein reizendes Heim für eine Familie, um 63.000 Kronen bei kleiner Anzahlung zu verkaufen. Koſtenloſe Aus⸗
433 4447 2862 4533 kunft erteilt das konz. Realitäten⸗Bureau Anton von Guggenberg, Innsbruck, Muſeumſtraße 33. P3350
