3200 4836
281 132 810 182 Samstag den 1. Juli 1911.
1353 144 1887 192 Innsbrucker Nachrichten
2566 142 2946 194 Nr. 148. Seite 13.
239 231 1091 286 2 gaſſenſeitige, ſchön möbl. Zimmer
237 272 1140 327 ſepar. Eingang, elektr. Beleuchtung, event. mit
236 318 1137 369 ganzer Penſion, ſind ſofort oder ab 15. Juli
239 366 1137 414 zu vermieten. Anatomieſtr. 22, 1. St. links. 13340
392 422 976 470 Schönes, unmöbl. Zimmer
237 466 1135 518 an Herrn oder Dame ſofort zu vermieten. Fiſcher⸗
238 507 1134 558 gaſſe 30, 1. Stock. 13314
431 570 1134 621 Möbl. Zimmer geſucht 13315
234 610 1135 663 Nähe Erlerſtraße, zum 9. Juli, für dauernd von
235 655 1134 710 Herrn. Sofortige Offerte nur mit Preisangabe er⸗
234 699 1131 753 bittet R. Haupt, Rochlitz (Böhmen), Hauptſtr. 356.
521 762 1130 811 Stienenzimmer 13311
235 800 1133 854 ſchön möbliert, iſt ſofort an beſſeren Herrn oder
231 846 1130 898 Fräulein zu vermieten. Dreiheiligenſtr. 4, 2. St.
422 907 936 957 Möbl. Zimmer geſucht
234 948 1130 999 mit Kochgelegenheit, für 2 Perſonen ab 15. Juli.
236 992 1130 1043 Gefl. Zuſchrift erb. unter „Z. G.“ an die Verw.
232 1035 1132 1078 d. Blattes. 13312
361 1109 999 1158 Schöne, ſonnige Wohnungen
233 1151 1132 1205 in Innsbruck in recht ſchön gelegenem Neubaue auf
231 1196 1131 1247 Auguſttermin zu vermieten. Je 3 Zimmer, Kabi⸗
233 1242 1133 1293 nett, Küche, Balkon, Waſchküchenbenützung, Dach⸗
232 1285 1128 1334 boden, großer Gartenanteil, Gas und Elektriſches.
233 1328 1130 1380 Koſtenfreie Auskunft erteilt das konzeſſ. Reali⸗
231 1374 1130 1424 täten und Hypothekenbureau Ferd. Vieider, Inns⸗
228 1418 1127 1467 bruck, Adamgaſſe 9. J 4140—2ſ1
601 1481 766 1522 Geſucht
231 1519 1128 1570 wird auf 1. Auguſt von zwei alleinſtehenden, ſehr
231 1565 1128 1616 ruhigen Frauen kleine Wohnung mit 1 Zimmer,
230 1608 1126 1662 Küche und Kabinett (Afterpartei ausgeſchloſſen).
232 1653 1128 1703 Gütige Anträge erbeten unter „J. M.“ an die
229 1697 1126 1748 Verwaltung des Blattes. 13333—2ſ1
309 1756 1041 1807 Elegante Wohnung im 1. Stock
228 1799 1126 1850 5 Zimmer, Badezimmer, 2 Balkone, Gas und
228 1843 1128 1894 Elektriſches ꝛc. zum Novembertermin, event. Ende
229 1887 1125 1939 Ende Oktober beziehbar, zu vermieten. Witten,
230 1932 1127 1985 Schöpfſtr. 27, 2. St., Prof. J. Luſenberger. 1334
530 1996 1122 2038 Zu vermieten 13321
231 2035 1126 2086 auf Auguſt eine Wohnung im Parterre, 5 Zim⸗
228 2081 1125 2132 mer ſamt Bad, Magdzimmer und allem Zubehör;
229 2125 1124 2174 eine Wohnung ſofort im 4. Stock mit 4 Zimmer,
230 2169 1126 2219 auch Badbenützung, Balkon und Terraſſe. Kaiſer⸗
228 2213 1015 2263 Franz⸗Joſeph⸗Straße 1, beim Hausmeiſter.
528 2276 828 2316 Zwei Zimmer
226 2316 1125 2366 Alkoven und Küche zu vermieten für 2 bis 3 Leute
226 2360 1122 2410 auf 1. Auguſt. Leopoldſtr. 52, 2. Stock. J4091
452 2421 891 2464 Möbliertes Zimmer
226 2460 1124 2515 mit 1 oder 2 Betten und Kochgelegenheit zu ver⸗
227 2507 1123 2554 mieten. Ambras Nr. 107, 1. Stock links. J4090
398 2580 949 2624 Nett möbliertes Zimmer
227 2623 1126 2673 ſofort an anſtändigen Arbeiter zu vermieten.
226 2668 1122 2718 Heiliggeiſtſtr. 2, Stöckl. Tort werden auch
227 2712 1122 2762 Waſch⸗ u. Putzplätze geſucht. 13411
304 2818 1004 2897 Offene Stellen
399 2985 961 3032 Reinliche, fleißige Köchin
221 3028 1119 3076 geſucht auf 1. oder 15. Juli. Näheres in der Ver⸗
221 3072 1118 3121 waltung unter Nr. 13143. 2ʃ2
476 3134 1118 3183 Reiſender geſucht. 3ʃ3
265 3176 1119 3224 Für Weingroßhandlung allererſten Ranges wird
220 3221 1118 3270 ein gut empfohlener, repräſentationsfähiger Herr als
221 3265 1119 3314 Reiſender geſucht, der in Tirol und Vorarlberg
221 3309 1118 3356 bereits in der Branche gearbeitet hat. Bei Kon⸗
219 3355 1119 3402 venienz angenehme dauernde Stellung. Ausführliche
219 3398 1117 3447 Offerte mit Zeugnisabſchriften event. Bild unter
224 3441 1117 3490 „K. M. 829“ an die Verwaltung d. Bl. erbeten
409 3501 929 3548 Vertreter und Reiſende
223 3546 1122 3595 zum Beſuch von Privatkunden mit Tuchwaren
223 3591 1121 3641 für Herren und Damen, werden gegen hohe
223 3636 1119 3684 Proviſion, event. ſpäter gegen fix aufgenommen
220 3679 1120 3727 bei erſtem Tuchverſand. Offerte unter „Welt⸗
219 3723 1115 3770 firma 92462“ an die Ann.⸗Exped. M. Dukes
221 3766 1118 3816 Nachf., Wien I., Wollzeile 9. 5ſ1
282 3826 1055 3874 Lehrmädchen für Damenſchneiderei
217 3870 1117 3919 geſucht. Adr. bei Haaſenſtein u. Vogler. J3840⸗3ʃ3
520 3931 819 3973 Kunſtſchloſſer
219 3972 1115 4021 werden auf ſofort geſucht. Gebr. Streiter, Bau⸗
219 4016 1052 4066 und Kunſtſchloſſerei im Dorf bei Bozen. 861-
544 4079 1116 4123 Kontoriſtin 13122⸗5ʃ3
217 4119 1114 4168 flotte Maſchinenſchreiberin und Stenographin,
218 4164 1114 4214 wird auf ſofort für Bozen geſucht. Offerte mit
217 4208 1111 4258 Gehaltsanſprüchen Bozen poſtlagernd Ch. 674.
503 4269 804 4310 Ein Mädchen
212 4310 1114 4358 das etwas kochen kann, wird ſofort aufgenommen.
215 4354 1114 4402 Gumpſtraße 22, Parterre, Pradl. 13316
373 4415 953 4465 Brotträger ſofort geſucht.
213 4458 511 4503 Kapuzinergaſſe 8.
1008 4463 1111 4500 13331
1407 240 1818 292 Geſucht auf ſofort
1166 282 2064 334 für Gaſthof tüchtige ſelbſtändige Köchin für Sai⸗
1168 328 2060 378 ſon nach Vorarlberg. Adreſſe in der Verw. d.
1166 371 2060 422 Bl. unter Nr. 18071. 4ſ1
1383 4329 1808 4376 Aeltere Kinderfrau
1145 4372 2039 4424 wird zu einem neugeborenen Kinde für ſofort oder
1144 4417 2039 4467 bis 1. Auguſt geſucht. Näh. in der Verwaltung
1143 4462 1599 4503 d. Bl. unter Nr. 13358.
2142 248 2993 301 Tüchtiger, bei der hieſigen Kundſchaft gut
2097 292 2309 338 eingeführter
2395 340 2695 387 junger Mann
2097 382 2991 431 der Kolonialwarenbranche, der auch Kenntniſſe
2096 426 2991 477 für Kontorarbeiten hat, wird gegen gutes Sa⸗
2095 470 2992 520 lair geſucht. Offerte unter „G. H.“ an die
2096 512 2462 562 Verwaltung ds. Bl.
2783 520 2990 565 13295—2ſ1
2200 574 2885 624 Anſtändiges, williges Mädchen
2098 615 2990 671 für alle Arbeit für den ganzen Tag geſucht.
2097 660 2880 707 Adreſſe in der Verw. unter Nr. 13270.
2467 718 2634 789 Köchin.
2097 777 2993 828 ganz ſelbſtändig, wird für 2 Perſonen in die
2095 821 2993 873 Schweiz geſucht. Näh. aus Gefälligkeit bei
2096 864 2991 929 Lily Groß, Burggraben 29. 13421
2300 923 2776 974 Tüchtige Abwaſcherin
2093 965 2991 1018 Serviererin, Schankburſche, der Metzgerei ver⸗
2095 1011 2991 1062 ſteht, wird ſofort aufgenommen. Gaſthof Hellen⸗
2094 1054 2993 1101 ſtainer. 13419
2212 1106 2861 1162 Kontoriſtin und Lehrmädchen
2090 1158 2982 1208 zum ſofortigen Eintritt geſucht. Näh. bei Dom.
2090 1200 2984 1248 Zambra. 477
2269 1262 2806 1308 Für die Sommermonate
2089 1305 2984 1354 wird eine gute, ſelbſtändige Köchin, die auch etwas
2089 1349 2984 1398 Hausarbeiten verrichtet, geſucht. Nur ganz bür⸗
2089 1393 2983 1441 gerliche, einfache Mädchen können ſich von 1—3
2087 1437 2982 1488 Uhr nachm, vorſtellen. Herzog Friedrichſtr. 20,
2088 1483 2981 1520 2. Stock. 251
2297 1542 2767 1590 Tüchtige Verkäuferin
2088 1585 2982 1634 für größeres hieſiges Weißwaren⸗ u. Ausſtat⸗
2087 1629 2982 1684 tungsgeſchäft geſucht. Reflektiert wird nur auf
2087 1674 2982 1723 durchaus ſelbſtändige Kraft geſetzten Alters, die
2087 1718 2982 1766 in der Branche vollkommen bewandert iſt Of⸗
2087 1763 2981 1813 ferte mit Angabe der bisherigen Tätigkeit unter
2085 1805 2980 1856 „B. M. 640“ an die Verwltg. d. Bl. 13324
2190 1860 2869 1913 Geſucht werden auf 1. Auguſt
2086 1906 2978 1962 für Gaſthaus: Köchin, Kaſſierin, tüchtige Haus⸗
2085 1952 2978 2002 magd, Welſergaſſe 8, Parterre rechts. 13317
2091 2008 2982 2062 Tüchtiger, verläßlicher Schloſſergehilfe
2085 2056 2980 2104 nicht unter 24 Jahre alt, für Reparaturarbeiten
2084 2099 2976 2149 bei gutem Lohne auf dauernden Poſten geſucht.
2084 2144 2980 2195 Schloſſerei B. Zösmayr, Karl Ludwigplatz, Inns⸗
2084 2188 2979 2232 bruck. 13332
2256 2249 2804 2297 Herrſchafts⸗Kutſcherſtelle
2085 2290 2979 2349 kommt ab 15. Juli d. J. zur Beſetzung. Ver⸗
2084 2332 2978 2383 läßliche u. routinierte Kutſcher wollen ihre Adreſſe
2083 2376 2980 2428 mit Angabe der bisherigen Betätigung im Bu⸗
2084 2424 2979 2473 reau Brauerei Büchſenhauſen hinter⸗
2083 2467 2976 2518 legen. J4077⸗3ſ1
2249 2528 2809 2577 Tüchtiges Stubenmädchen
2082 2570 2974 2621 wird geſucht. Eintritt ſofort, ſpäteſtens 15. Juli.
2083 2616 2978 2664 Vorzuſtellen Landhausſtr. 7, 2. Stock, zwiſchen
2082 2650 2975 2721 9—10 oder 1—5 Uhr. 13318—2ſ1
2224 2717 2833 2766 Braves verläßliches Mädel
2081 2760 2977 2823 wird geſucht. Näh. Müllerſtr. 45. 13360
2327 2837 2725 2883 Beſſeres Mädchen
2081 2877 2981 2927 welches kochen, bügeln, etwas nähen u. die Haus⸗
2082 2922 2976 2970 arbeiten rein verrichtet, wird Mühlau, Richards⸗
2080 2966 2974 3017 weg Nr. 105 aufgenommen. Lohn 30 Kronen,
2081 3011 2975 3067 jeden Sonntag Ausgang. 13344
2321 3072 2731 3119 Tüchtige Büglerin
2080 3114 2972 3163 wird für dauernden Poſten geſucht. Städt.
2079 3158 2974 3208 Schwimmſchule, Höttingerau. 13359
2388 3218 2976 3265 Großarbeiter J 4950
2081 3261 2972 3311 auf ſofort geſucht. Adr, bei Haaſenſtein u. Vogler.
2189 3319 2859 3366 Ladnerin die auch kochen kann
2080 3363 2975 3411 für ein Gemiſchtwarengeſchäft geſucht. Adr. in
2079 3408 2794 3456 der Verwltg. d. Bl. unter Nr. 13370.
2279 3467 2763 3512 Arbeitſames Mädchen
2080 3508 2973 3558 findet unter Tags Beſchäftigung. Nudelfabrik
2078 3554 2973 3602 Alois Salcher. 852
2144 3612 2912 3661 Verläßliches, anſtändiges Mädchen
2078 3657 2970 3706 welches kochen kann u. Hausarbeiten verrichtet,
2078 3700 2970 3750 wird ſofort aufgenommen. Näh. Anichſtr. 13, 1.
2077 3744 2972 3805 Stock rechts. J4152
2122 3802 2972 3852 Diejenigen Fräuleins, welche ſich auf die An⸗
2077 3849 2551 3893 nonce v. 28. Juni bei
2181 3892 2880 3943 Fontan Bankſtraße 1, 2. Stock
2077 3935 2971 3985 um die Stelle als Erzieherin zu feiner Familie
2076 3978 2971 4029 nach Perſien beworben haben, werden höflichſt er⸗
2076 4025 2970 4075 ſucht noch einmal vorzuſprechen. 13330
2276 4084 2769 4135 Ladin geſetzten Alters
2075 4127 2970 4177 für ein Bäckereigeſchäft geſucht. Zu erfragen in
2075 4172 2645 4220 der Verwltg. unter Nr. 13384.
2229 4220 2804 4279 Aelteres, ſolides Mädchen
2074 4275 2968 4325 welches mit kleinem Kinde umgehen kann, für
2075 4319 2968 4369 alle Hausarbeit zu zwei Perſonen geſucht. Lohn
2073 4363 2970 4409 20 Kronen. Stafflerſtr. 17, 1. St. links, 13380
2167 4423 2860 4470 Laufburſche wird aufgenommen
2071 4467 2462 4513 Marktgraben 15.
2857 4456 2973 4507 P3353
1408 432 1816 479 Erste Schreibkraft
1167 474 2063 524 (guter Stenograph), zum sofortigen Dienstan⸗
1167 518 2062 569 tritt gesucht. Anfragen zu richten Schidlach⸗
1166 563 2016 610 straße 9, 1. Stock. 13070—
1218 621 2007 673 Suche alteres, anständiges Mädchen
1166 663 2063 715 welches kochen kann und häusliche Arbeiten ver⸗
1165 708 2020 759 richtet. Seilergasse 7, 1. Stock. 13096—
1376 768 2058 817 Uhrmacher=Lehrling 853—0s4
1169 812 2060 864 aus gutem Hause nach Schulschluß gesucht.
1167 854 2062 907 Wilh. Seifert, Uhrmacher, Margarethenplatz 2.
1470 916 1745 957 Gute Köchin
1163 957 2062 1007 für alle Hausarbeiten, außer Wäsche, gesucht. Zu
1162 1001 2061 1050 spiechen täglich bis 4½ Uhr. Adresse in der Ver⸗
1161 1044 2060 1095 waltung unter Nr. 13241.  2s2
1288 1102 1909 1148 Gut verwendbares Mädchen
1161 1148 2059 1197 welches zu Hause schlafen kann, wird für Zimmer=
1163 1192 2059 1242 und Hausdienst in feineres Gasthaus ausgenommen.
1160 1235 2059 1286 Näheres unter Nr. 74 in der Verwaltung. 2s2
1287 1294 1952 1341 Nettes, seines Stubenmädchen
1161 1338 2057 1388 das auch Liebe zu 2 Kindern hat, sofort gesucht.
1161 1382 2057 1433 Adresse bei Haasenstein u. Vogler. J4085=2s2
1536 1445 1680 1486 Köchin
1160 1484 2056 1534 welche selbständig kochen kann und Hausarbeiten
1160 1528 2057 1575 verrichtet, wird in einer Villa bei Innsbruck sofort
1159 1573 2056 1625 aufgenommen. Näheres Handschuhgeschäft Schubert,
1158 1617 2056 1667 Maria Theresienstraße 34 oder K. Schwärzler, Hun⸗
1158 1668 2055 1713 derburg. 13206—2s2
1402 1724 1816 1770 In gutem Gasthof
1158 1764 2054 1813 wird eine unentgeltliche Kochenlernerin und ein tüch⸗
1156 1809 2055 1860 tiges Kuchenmädchen sofort gesucht. Näheres bei
1159 1854 2053 1904 Lechner, Schmidgasse, Hall. 13189=2s2
1346 1913 1856 1957 Saison=Zimmern.ädchen
1156 1955 2054 2005 auf sofort gesucht. Gut Hessenhof, Nußdorf bei
1158 2000 2053 2047 Ueberlingen, Baden. 13200=2s2
1454 2075 1750 2119 Kunstschlosser
1156 2116 2053 2164 werden sofort gesucht Bau= und Kunstschlosserei
1156 2161 2053 2204 Gebr. Streiter, Bozen=Dorf. 13198=3s2
1266 2220 1939 2267 Lehrmädel und Bäckerlehrling
1158 2263 2050 2312 auf sofort gesucht. Näh. Marktgraben 17,
1157 2303 2051 2347 Bäckerei. P3345
1416 2370 1786 2413 Schlosserlehrling
1145 2409 2052 2458 mit guter Schulbildung wird ausgenommen bei
1157 2452 2050 2503 Franz Kirschners Sohn, Kiebachg. 10. P3338
1326 2514 1887 2559 Hübsche, junge Kellnert“
1156 2556 2048 2605 wird für hiesiges Restaurant sofort gesucht. Adr.
1156 2600 1857 2639 in der Verw. ds. Bl. uiuer Nr. 13317.
1400 2660 1802 2707 Tapeziererlehrling
1155 2703 2050 2752 wird mit Ansangslohn ausgenommen. Bürger⸗
1155 2745 2048 2791 straße 20. P3339
1355 2807 2049 2853 Selbstandige Ladnerin 13229
1154 2848 2049 2897 findet auf 1. August d. J. in einem hiesigen
1154 2892 2046 2941 Manufakturenwarengeschäft dauernde Stellung.
1154 2937 2046 2982 Offerte unter „G. 100“ in die Verw. ds. Bl.
1153 3009 2045 3052 1s2 Lehrmädchen 13296
1154 3053 2048 3104 mit Anfangslohn für Gemischtwarengeschäft im
1153 3096 2047 3147 Oberinntal gesucht. Näh. bei L. Höß, Zirl.
1376 3159 1816 3203 Selbständige Köchin
1153 3200 2047 3247 die auch Hausarbeiten verrichtet, und Jahres⸗
1152 3244 2044 3293 zeugnisse besitzt bis 15. Juli gesucht. Näh.
1152 3288 1937 3327 in der Verw. ds. Bl. unter Nr. 13297.
1318 3363 1867 3408 Junge, flinke Bedienerin
1152 3405 2047 3453 für den ganzen Vormittag gesucht. Adr. in
1152 3448 2001 3498 der Verwaltung ds. Bl. unter Nr. 13303.
1374 3521 1819 3566 Eine Wirtschafterin
1152 3564 2048 3613 welche sehr tüchtig im Kochen ist, wird neben
1148 3610 2047 3659 Stubenmädchen zu drei erwachsenen Personen
1152 3654 2046 3702 gesucht. Zuschriften erbeten unter „R. F.“ an
1150 3698 2045 3746 die Verwaltung dieses Blattes. 13305
1320 3758 1869 3804 Tüchtige Schankkassierin
1151 3801 2043 3851 wird sofort ausgenommen. Jahresposten. Adr.
1149 3844 2042 3894 in der Verwaltung ds. Bl. unter Nr. 109.
1465 3905 1735 3944 Störnäherin
1150 3948 2046 3995 welche schön Wäscheausbessern und Maschin⸗
1149 3992 2041 4040 stopfen kann wird gesucht. Adr. in der Verw.
1149 4037 1618 4075 ds. Bl. unter Nr. 109.
1410 4098 1779 4139 Hoben Verdienst
1148 4139 2043 4186 finden redegewandte Personen auch Damen durch
1149 4182 2043 4231 den Verkauf eines großartigen neuen Haus⸗
1149 4228 2042 4275 haltungsartikels an Private. Offerte „G. K. 4“
1148 4272 2042 4312 an die Verw. ds. Bl. 13293
