3168 4831
346 129 724 167 Seite 30. Nr. 148.
1408 125 1946 174 Innsbrucker Nachrichten
2485 119 3010 168 Samstag den 1. Juli 1911.
1972 222 2085 273 A. 6.
277 233 2545 382 Annoncenbüro HAASENSTEIN & VOGLER ⸗ Innsbruck,
2584 211 3033 262 Anichstrasse 6
2584 322 3035 361 Telephonrut Nr. 512
410 380 3037 442 Besorgung von Annonzen für alle existierenden Zeitungen zu Originalpreisen ohne jeden Aufschlag.
2164 528 3008 589 MOORBAD
2126 752 3062 811 Aibling
328 505 1112 569 Beſte böhmiſche Bezugsquelle!
791 572 1091 615 Billige Bettfedern!
772 615 1115 655 1kg graue, gute geſchliſ⸗
771 652 1113 688 ſene 2 K, beſſere 2 K 40,
770 686 1114 725 prima halbweiße 2 K
768 720 1042 765 80 h; weiße 4 K, weiße
766 756 1115 796 flaumige 5 K 10; 1 Kilo
648 788 1113 834 hochfeine, ſchneeweiße,
766 820 1114 867 geſchließene 6 K 40 h,
324 862 1112 903 8 K; 1 Kilo Daunen (Flaum) graue 6 K, 7 K;
325 900 1113 939 weiße, feine 10 K, allerfeinſter Bruſtflaum 12 K.
465 935 970 974 Bei Abnahme von 6 Kilo franko.
317 981 773 1039 Fertige Betten
459 972 1114 1017 aus dichtfädigem roten,
568 1000 1115 1044 blauem, weißem oder
325 1043 1113 1081 gelbem Nanking, 1 Tuchent, 180 cm lang, 120 cm
317 1079 1114 1117 breit mitſamt zwei Kopfkiſſen, jedes 80 cm lang,
324 1113 1114 1152 60 cm breit, gefüllt mit neuen, grauen, ſehr dauer⸗
324 1148 1115 1189 haften, flaumigen Bettfedern, 16 K; Halbdaunen
324 1181 1111 1222 20 K, Daunen 24 K. Einzelne Tuchente 10 K,
325 1216 1114 1257 12 K, 14 K, 16 K. Kopfkiſſen 3 K, 3 K 50 h, 4 K.
323 1253 1113 1319 Tuchente 200 cm lang, 140 cm breit, 13 K, 14 K
386 1287 1112 1329 70, 17 K 80, 21 K; Kopfkiſſen 90 cm lang, 70 cm
324 1324 1113 1365 breit, 4 K 50, 5 K 20, 5 K 70; Untertuchete
324 1362 1112 1400 aus ſtarkem, geſtreiften Gradl, 180 cm lang, 116 cm
514 1393 1112 1433 breit, 12 K 80, 14 K 80. 5-18ʃ11
325 1430 1111 1472 Verſand gegen Nachnahme, von 12 K an franko.
324 1468 1113 1506 Umtauſch geſtattet, für Nichtpaſſendes Geld retour.
358 1504 1056 1543 Ausführliche Preisliſte gratis und franko.
1298 1815 1465 1866 KIMPINK
360 1546 1076 1588 S. Beniſch in Deſchenitz 87, (Böhmen.)
267 1656 1160 1826 Hoteliers, Achtung.
269 1833 1166 1882 300 Interieurs, von der einfachſten bis zur feinſten
270 1876 1165 1931 Ausführung, wegen Schluß der Jagdausſtellung,
269 1918 1167 1971 komplette Zimmer von 100 K aufwärts zu verkaufen.
269 1964 1168 2018 Sehr bedeutende Ermäßigung. Auch für
446 2009 993 2058 Landhäuſer und Villen paſſend.
313 2063 1115 2124 Möbelfakriks⸗Etabliſſement Rudolf Haas
268 2125 1168 2176 Wien, VI.. Mariahilferſtraße 79 I. St.
598 2174 1170 2210 Kataloge gratis. 63⸗10ʃ8
269 2220 1167 2289 Gas-, Benzin⸗, Petrolin- u. Rohöl-
267 2295 1169 2362 motoren, Sauggasanlagen, Benzin-
394 2367 1044 2426 und Petrolin-Lokomobile
2238 2539 2763 2589 Wanzentöter
726 2438 1170 2476 Betriebskoſten 1 bis 3 Heller
786 2475 1108 2509 pro Pferdekraftſtunde.
723 2511 1169 2549 Pumpen- u. Bewäſſerungs-,
725 2545 1170 2583 Elektriſche Licht- u. Kraft⸗
725 2581 1170 2618 anlagen liefert billigſt unter
829 2619 1056 2648 voller Garantie
759 2663 1129 2724 Motorenfabrik
733 2733 1159 2820 J. Blaſchke
291 2826 1146 2878 Wien, V|i Ramperſtorffergaſſe 46/9.
1489 2897 1811 2949 Gebrauchte
1281 3050 2013 3103 Schreibmaschinen
267 2880 1170 2922 235 Koſtenanſchläge und Proſpekte gratis. 20ʃ4
760 2947 1001 3000 I. Züricher
580 3075 1170 3125 Chauffeurfachschule
266 3160 1168 3209 Aelteſtes, größtes und leiſtungsfähigſtes Etabliſſement
266 3205 1168 3252 der Schweiz. Leute jeden Standes werden zu
266 3249 1167 3298 tüchtigen Chauffeuren ausgebildet. Theoretiſcher und
297 3294 1167 3343 praktiſcher Unterricht. Fahrübungen mit Wagen
297 3339 1166 3387 bis zu 40 HP. Proſpekte und Bedingungen koſten⸗
298 3382 1165 3431 los durch die Direktion Ed. Walker, Glärniſch⸗
297 3427 1164 3475 ſtraße 30—34, Zürich II. 129—0ʃ21
503 3486 944 3530 Stellenvermittlung gratis.
575 3559 1072 3599 Möbel auf Raten
616 3609 1027 3644 nach jeder Station liefert
499 3645 1147 3676 die k. u. k. Hof-Möbel-Fabrik
2866 3744 2996 3794 2008—
2373 3825 2823 3879 Kropf
482 3683 1166 3735 C. W. Skuhersky, Königgrätz
480 3736 1166 3771 Prosp. franko. Per Bar und Wiederverkäufen
480 3771 1168 3805 121 besonders güstige Preise. 5852-6
511 3821 921 3912 Lüftinger's
284 3924 1152 4102 Wanzentöter
260 4130 1166 4188 geſetzlich geſchützt, wirkt ſofort, binnen 24 Stunden
261 4175 1164 4221 keine Wanze mehr im Hauſe, tötet ſofort Wanzen
279 4220 1155 4265 ſamt Brut, Ameiſen, Aſſeln, Küchenſchaben, Ruſſen
279 4254 1166 4310 Vogel⸗ und Hühnerläuſe. Preis braun per Flaſche
279 4306 1164 4354 40 h, weiß, fleckenrein 60 h, K 1.40, K 2.80,
318 4353 1165 4398 K 4, K 5.60. Man verlange nur eine Flaſche
281 4397 1165 4444 Lüftinger im Hauptdepot von M. Tſchurt⸗
355 4441 1168 4487 ſchenthaler in Innsbruck. 135—0ʃ3
1348 469 1944 558 Kundmachung.
1243 564 2097 610 Die gefertigte Verwaltung gibt bekannt, daß die
1198 609 2096 655 Fällung, Aufarbeitung und Lieferung der im Jahre
1199 652 2096 698 1911 zur Nutzung beantragten Holzmengen in den
1199 698 1436 742 Staatsforſten:
1242 751 2033 813 Spitzwald und Nederamtswald
1198 821 1635 865 öffentlich verſteigert wird.
1242 862 2097 910 Die Verſteigerung findet am Montag den 3. Juli
1200 907 2096 953 1911, 10 Uhr vormittags, im Amtslokale der k. k.
1199 950 2051 997 Forſt⸗ und Domänenverwaltung Innsbruck ſtatt.
1242 996 2095 1042 Die näheren Abſteigerungsbedingungen, aus wel⸗
1197 1040 2097 1086 chen auch die Art der Nutzung, die Höhe des zu
1197 1084 2096 1131 erlegenden Angeldes u. ſ. w. - zu entnehmen iſt,
1196 1127 2098 1176 liegen bei der gefertigten Verwaltung zur Einſicht
1196 1173 2097 1217 auſ. J3876—3ʃ3
1196 1229 2096 1276 K. k. Forſt- und Domänen ⸗ Verwaltung.
1239 1281 1839 1324 Innsbruck, am 13. Juni 1911.
1516 1335 2052 1380 Heinrich Prochaska m. p.
1658 1389 1891 1433 k. k. Forſtrat.
1214 1461 2079 1511 NUR IN DER FABRIK
1235 1524 2097 1563 ohne Anzahlung. nur unter
1217 1552 2097 1606 Zahlung der erſten Monatsrate mit
1205 1588 2096 1632 3 Jahre Garantie erhalten Sie die
1565 1631 2096 1667 modernſte, beſte Sprechmaſchine
1564 1667 2098 1701 mit und ohne Trichter, auch Platten
1565 1703 2097 1737 ohne Apparat zu ſelben Zahlungs⸗
1197 1730 2096 1782 bedingungen. Reparaturen und Um⸗
1197 1766 2097 1810 tausch alter Apparate und Platten
1564 1809 2096 1846 coulanteſt. Kataloge Nr. 104 gratis
1741 1845 2097 1880 überallhin. 10⸗0ʃ3
1368 1889 1917 1929 Einzige Sprechmaſchinenfabrik Geſterreiche
1196 1928 2096 1978 Leop. Kimpink Wien, 7. Bez., Kaiſerſtr. 65.
1268 1979 2027 2019 Kein Gaſſenladen. — Vorführungsſäle der Fabrik.
1199 2059 2097 2159 la Portland- und Roman-
1526 2188 1762 2280 Cement
1918 2196 2097 2239 J 1058⸗0ʃ4
1200 2306 2096 2358 :: Baugips, Steinzeugrohre ::
1243 2369 2049 2421 Dachpappe, Binsen etc. sowie
1200 2428 2098 2482 Kunstdünger und Thomasmehl
1367 2503 1950 2551 liefern prompt und billigst
1202 2571 2098 2661 Nagele und Amplatz Innsbruck
1348 2670 1941 2728 Andreas Hoferstrasse 36.
1276 3136 2018 3186 neu instand gestellt (remodelliert)
1277 3188 2017 3240 als: Underwood, Ideal, Ham⸗
1276 3243 2018 3294 mond, davon eine Hammond
1363 3296 1929 3346 visible, neuestes Modell.
1275 3359 2017 3409 Besonders empfehlenswert eine
1275 3412 2017 3462 Yost 11 mit separatem, breitem
1276 3465 2017 3516 Wagen 10 und eine Yost visible,
1196 3520 1825 3581 neuestes Modell.
1197 3580 2016 3631 Alle zu äusserst billigem Preise
1194 3634 2018 3689 offeriert 76⸗3ʃ2
1195 3703 2001 3797 August Salzmann
1196 3794 1930 3850 M. Theresienstrasse 53.
1208 4002 2097 4200 Bienenhonig!
2230 4241 2998 4293 Der Alleinvertrieb
1197 4204 2096 4253 geſchleudert, garantiert naturecht, Akazien
1197 4248 2096 4294 oder Linden. Verſand franko in Blechdoſen à 5 Klgr.
1196 4292 2096 4339 gegen Nachnahme von 8 K. Für Wiederverkäufer
1371 4337 1926 4381 ſenden wir Muſter und Offerte.
1197 4395 2096 4442 Erſter ungariſcher Bienenhonig⸗Export
1362 4440 2096 4486 Balatonfőkajar, Ungarn. 18⸗0ʃ8
2231 852 2958 899 am Fusse der bayerischen Alpen
2228 901 2960 934 :: von München 1½ Bahnstunden. ::
2199 941 2988 975 Eisenhaltige Moorbäder u. Solebäder. Alle modern hygienisch.
2199 968 2990 1002 Einrichtungen d. Balneotherapie. Prachtvolle Gebirgsaussicht.
2200 994 2989 1027 Kurhaus mit Kurpark. Kurkapelle. Reunions, Tennisplatz.
2199 1021 2990 1054 Flussbäder. Ausgangspunkt kür lohnende Gebirgstouren.
2466 1061 2721 1088 Indikationen:
2200 1096 2990 1129 Gicht, Rheumatismus, Ischias, Frauenkrankheiten,
2199 1120 2990 1155 Neuralgien, Venen-Entsündungen, Exsudate etc,
2238 1151 2867 1185 Prospekte und Wohnungsverzeichnis durch den
2563 1181 2990 1208 Kur- und Verschönerungsverein.
2187 1280 3035 1426 Sommerſproſſen.
2209 1430 3064 1469 Zur Beſeitigung der Sommerſproſſen
2165 1464 3064 1504 werden viele verſchiedenartige Mittel verwendet. Alle
2163 1500 3064 1540 dieſe Mittel beruhen auf demſelben Prinzipe, daß die
2164 1537 3063 1576 Sommerſproſſen durch das betreffende Mittel aus⸗
2165 1575 2551 1611 gebleicht werden ſollen.
2209 1608 3064 1646 Dieſe Art der Behandlung iſt unrichtig. Will man
2163 1643 3066 1682 die Sommerſproſſen entfernen, ſo genügt ein Aus⸗
2164 1674 3064 1717 bleichen nicht, weil dieſelben bei Unterbrechungen im
2164 1715 3062 1752 Gebrauche der betreffenden Mittel wieder erſcheinen.
2164 1750 2903 1788 Man muß ſie daher vollſtändig vernichten.
2209 1780 3065 1823 Eine gänzliche Beſeitigung der Sommerſproſſen iſt
2165 1819 3063 1858 nur möglich mit der ſogenannten „Creme Hera“.
2164 1854 3064 1894 Das Geſicht wird täglich 2 bis 3 Stunden mit dieſer
2161 1876 3066 1930 Creme beſtrichen und dann mit Seife abgewaſchen.
2204 1912 3067 1963 Die Sommerſproſſen werden durch dieſe ſenſatio⸗
2163 1946 3067 1999 nelle creme binnen kurzer Zeit vollkom⸗
2165 1997 3064 2035 men entfernt und es zeigt ſich ein ſchöner
2163 2033 3064 2070 weißroter Teint. Dieſe Creme iſt nach Anleitung
2163 2068 3063 2106 des Univ.⸗Prof. Dr. Hager hergeſtellt, geſ. geſch. und
2163 2103 3063 2141 iſt heute das einzig garantiert wirkende Mittel und
2164 2134 3063 2177 vollſtändig unſchädlich. Eine Doſe genügt vollkommen.
2209 2174 3002 2212 Preis K 2.50; per Poſt K 2.70 franko.
2209 2210 3065 2249 Zu beziehen gegen Einſendung oder Nachnahme
2162 2247 3065 2283 des Betrages. .637—15ʃ7
2215 2291 3019 2338 J. Kukla, Prag, Perlgaſſe Nr. 37.
2851 2444 2984 2476 306—0ʃ5
2664 2603 2983 2667 Ting⸗Ting.
2245 2673 2984 2714 Geſetzl. geſchützt, tötet ſofort alle Wanzen ſamt
2243 2709 2981 2746 Brut. Giftfrei, wohlriechend, desinfizierend. —
2244 2745 2984 2783 Zu haben in Flaſchen zu 60 Heller, dazugehörige
2244 2775 2983 2819 Spritze 20 Heller, in ½ und 1/1, Literflaſchen ent⸗
2244 2816 2984 2854 ſpechend billiger, nur in der Hauptniederlage in
2332 2852 2887 2900 Innsbruck bei Alois Epp
2420 2899 2802 2933 Herzog Friedrichſtraße 40
2280 2934 2947 2970 Andere Mittel weiſe man entſchieden zurück.
2244 2968 2983 3005 General-Depot: Wien XVIII., Gentzgaſſe 27.
2383 3093 2842 3130 Statt 40 K nur 6 K!
2607 3138 2963 3173 Gelegenheitskauf!
2572 3172 2994 3229 Gemsbart
2538 3246 2754 3296 Pracht ⸗ Exemplar
2435 3297 3062 3336 ähnlich Hirſchbart, echt, mit ſehr ſchönem
2432 3334 3062 3371 Reif, 16 cm Haarlänge, ſamt Altſilber⸗
2431 3370 3063 3407 Hubertushülſe, verſchiebbarem Ring und
2434 3406 3064 3441 Schraube, zuſammen nur 6 K. Haar wie
2434 3441 3064 3477 Reif garant. naturecht. Gelegenheitskauf,
2559 3477 3061 3512 verſendet per Nachnahme 136
2601 3512 2896 3555 Gemsbartbinder
2512 3554 2983 3608 Fenichel, Wien IX.
2550 3609 2946 3645 Altmüttergaſſe 3|312.
2189 3924 3037 3956 und Blähhals verschwindet unfehlbar durch Anwen-
2188 3959 3036 3997 dung meines Kropfbalsams, eine farb- und ge⸗
2189 3995 3035 4032 ruchlose Flüssigkeit zum Einreiben, 1 Flasche 2 K.
2189 4030 3038 4070 Unauffälige Zusendung. Schreiben Sie sofort an Apo-
2231 4068 2994 4104 theker J. N. Fassmann, ungar. Bruck a. d. Leitha.
2161 4305 3080 4352 eines ſoeben erſchienenen Maſſenbedarfsartikels
2163 4343 3081 4393 ſoll für je einen Ort an einen Agenten oder Händler
2162 4394 3002 4440 vergeben werden. Gute Exiſtenz. Anfragen an H.
2163 4438 3079 4483 Unterleitner, Hohenems, Vorarlbera. 128•42⸗3.3
