3456 5339
191 210 807 250 Redaktion, Administration u. Druckerei:
309 245 692 271 Kolowratring, Fichtegasse Nr. 11.
191 264 808 296 Unfrankierte Briefe werden nicht angenommen und
240 288 765 316 Manuskripte in keinem Falle zurückgesendet.
299 325 706 354 Ankündigungs-Bureau:
192 347 808 377 Stadt, Wollzeile 20. Insertionspreis nach Tarif. Inserate
191 369 808 397 übernehmen: Witzek, Ann.-Exp, in Prag und
191 389 807 421 Brünn; Jos. A. Kienreich, Inseraten-Exp. in Graz;
192 412 808 441 J. Blockner, J. Leopold, Jos. Schwarz, Ann.-Exp,
191 433 808 464 in Budapest; im Auslande: John F. Jones & Co.
191 457 807 485 in Paris, 31 bis, Rue du Faubourg Montmartre;
191 476 806 504 Rudolf Mosse in Berlin, München, Leipzig;
191 498 807 527 Hausenstein & Vogler in Hamburg, Berlin,
191 520 808 547 Frankfurt a. M. u. Basel; Heinrich Eisler,
191 541 808 571 Ann.-Exp. in Hamburg; Orell Füssli & Co. in
191 562 808 590 Zürich u. Basel; Neyroud & Sons in London;
192 584 808 612 Vertreter für Deutschland, Frankreich, England,
432 603 571 654 Köln a. Rh.
192 605 807 634 Italien etc.: Saarbachs News Exchange, Mains u.
301 641 700 693 Abonnement für Wien:
191 664 806 716 Mit tägl. zweimal, Zustell, ins Haus: Ganzj. K. 50.40,
412 685 591 737 monatl. K. 4.20.
189 707 811 759 Zum Abholen im Hauptverlage Wollzeile 20 oder
224 727 774 782 Fichtegasse 11: Ganzj. K. 43.20, monatl. K. 3.60.
191 749 809 801 Einzeln: Morgenblatt 12 H., Abendblatt 6 H., Nach⸗
192 771 809 824 mittagblatt am Montag und nach zwei Feiertagen 12 H.
481 793 808 846 Morgen u. Abendblatt 40 Pf.
194 814 444 864 Für Deutschland
479 814 810 868 Morgen- und Nachmittagblatt
275 835 371 887 einzeln:
554 835 722 888 allein je 30 Pf.
477 858 807 911 Abendblatt allein je 15 Pf.
1522 289 1975 375 Neue
894 407 2644 757 Freie Presse.
1546 819 1969 911 Morgenblatt.
2787 229 3290 255 Abonnement für das Inland:
2732 254 3343 282 Mit tägl. einmal Postversendung: Ganzj. K. 56, halbj.
2730 276 3344 303 K. 28, viertelj. K. 14. Mit tägl. zweimal. Postversend.:
2798 298 3276 332 Ganzj. K. 01, halbj. K. 32, viertelj. K. 16.
2772 337 3295 370 Abonnement für das Ausland:
2958 370 3121 396 Vierteljährig:
2728 394 3341 428 Bei uns (Krenzband-Versend.): Deutschland,
2727 420 3342 449 Serbien K. 20, f. Staaten d. Weltpostvereines
2726 442 3342 466 K 22. Bei den Postämtern in Deutschland
2725 463 3341 491 M. 11.18, Schweiz Fr. 14.05, Belgien Fr. 15.96,
2725 484 3347 512 Italien L. 14.47, Rumänien Fr. 15.95, Serbien
2725 500 3342 556 Griechenland (b.d. Buchh. Beck & Harth u.C. Elef⸗
2725 506 3341 533 Fr. 13.80, Bulgarien Fr. 15.65, Russland R. 5.30,
2723 520 3346 577 theroudakis, Athen od. k. k. Zeitgs.-Exp. in Kriest) u.
2725 541 3344 598 Europ. Türkei K. 15.05, Asiat. Türkei K. 17.45,
2722 566 3342 620 Aegypten Fr. 18.32, Dänemark skand. K. 11.26,
2724 586 3342 640 Norwegen skand. K. 10.83, Holland F. 9.—.
2723 607 3344 663 Bei den Agenturen in Italien: Saarbachs News
2724 629 3344 683 Exch., Mailand, 2. Gust. Modena, Loescher & Co., Rom
2724 677 3340 705 Fr. 23.50; Frankreich: Saarbachs News Exch.,
2723 699 3340 725 Paris. 148, Faubourg St. Denis, Agence Havas, Paris
2723 720 3339 747 Fr. 28.50; England: Saarbachs News Exch., London,
2723 741 3339 769 16, John Street, Adelphi Strand W. C., A. Siegle,
2722 762 3338 789 20, Lime-Street E.C., London, sh. 19; Nordamerika:
2722 784 3338 811 F. Steiger, 25 Park-Place, G. E. Stechert, 151—155 West
2721 806 3338 833 25th St., L. A. Rosswaag, 57. Second-Avenue in
2719 827 3338 854 Newyork, Doll. 6.40. Vertreter für das gesamte Aus⸗
2720 849 3336 877 land: Saarbachs News Exchange, G. m. b. H., Mainz.
2717 878 3335 906 Für die an Agenten, Austräger oder Verschleissen
2763 900 3291 927 bezahlten Beträge leisten wir keine Garantie.
254 962 728 1020 Nr. 16830.
1327 966 2151 1040 Wien, Samstag, den 1. Juli
3063 980 3287 1038 1911.
505 1078 897 1140 Wien, 30. Juni.
262 1149 1203 1202 Die glorreiche Erinnerung an die Wiener Stich⸗
183 1192 1203 1247 wahlen wird in den heutigen Beſchlüſſen des Deutſchen
181 1237 1203 1288 Nationalverbandes mit keinem Worte berührt. Nur
182 1279 1203 1333 eiſiges Schweigen für die großartige Kundgebung einer
181 1322 1200 1375 deutſchen Stadt mit zwei Millionen Einwohnern; kein
185 1366 1206 1419 Zeichen der Herzlichkeit und kein freundlicher Gruß für
180 1409 1202 1463 eine Bewegung, aus der auch für die nationale Politik
184 1453 1205 1507 ganz neue Werte gekommen ſind. Kann dieſes Neben⸗
180 1495 1200 1550 einandergehen der Deutſchen in Wien und in den Kron⸗
179 1540 1201 1594 ländern nützlich ſein; muß der Deutſche Nationalverband
183 1585 1199 1644 es nicht als wichtiges Ziel erkennen, die ſtarken, werbenden
179 1627 1200 1680 Kräfte der uralten Kaiſerſtadt, wo jeder Stein von der
178 1670 1200 1723 deutſchen Geſchichte erzählt, für ſeine Politik zu ge⸗
178 1713 1200 1766 winnen; würde nicht der Augenblick, da die politiſche
178 1757 1200 1811 Zukunft wieder unſicher geworden iſt, beſonders dazu
178 1799 1202 1855 drängen, die Beziehungen zwiſchen Wien und dem
177 1843 1199 1896 Nationalverbande natürlicher und wärmer zu geſtalten?
175 1886 1200 1940 Die älteren Parlamentarier, die der Sturmwind des all⸗
177 1931 1197 1984 gemeinen Stimmrechts nicht weggeſchleudert hat, mögen
175 1974 1196 2027 ſich noch erinnern, daß in den Anfängen des Grafen
174 2016 1197 2071 Taaffe eine Verſammlung in den Sophienſaal einberufen
176 2061 1199 2114 wurde. Dort hat Franz Schmeykal, der Führer der
175 2105 1197 2159 Deutſchen in Böhmen, der deutſchen Stadt Wien beide
173 2147 1196 2201 Hände entgegengeſtreckt. Wer die Wirkung erlebt und ge⸗
173 2187 1197 2244 ſehen hat, wird ſie niemals vergeſſen. Auf der Tribüne
172 2234 1195 2288 ſtand Franz Schmeykal, damals in Wien perſönlich noch
172 2278 1196 2338 wenig bekannt. Er begann zu ſprechen, und ſchon nach
173 2311 1195 2374 wenigen Minuten waren alle Blicke voll Spannung auf
173 2364 1193 2417 den feinen Kopf mit den leuchtenden Augen geheftet, und
172 2407 1195 2460 jeder Satz, jede Geſte wurde von den Hörern unter⸗
171 2450 1194 2504 ſtrichen. Wien, das ſich die Politik ſo gerne in einer
170 2494 1193 2554 Perſon verſinnlicht, ſchloß ein Bündnis mit Böhmen und
170 2534 1191 2590 mit allen Deutſchen in Oeſterreich. Wäre dieſes Beiſpiel,
170 2581 1192 2635 das Franz Schmeykal gegeben hat, nicht auch jetzt nach⸗
171 2625 1192 2685 ahmenswert, und ſollten nicht die verantwortlichen Träger
172 2668 1190 2726 der deutſchen Politik in Oeſterreich eine Brücke ſchlagen
166 2703 1189 2767 zwiſchen Wien und der parlamentariſchen Vertretung des
166 2747 1191 2805 deutſchen Volkes? Die heimlichen Urſachen des letzten
166 2796 1189 2849 Miniſterwechſels werden bald zu ſpüren ſein. Das halb⸗
167 2839 1190 2893 amtliche Communiqué über die neue Orientierung der
164 2880 1188 2937 Politik ſagt dem Erfahrenen genug und vermehrt das
165 2924 1186 2978 Bedürfnis, die Bürgſchaften und die Wälle, die das
166 2961 1188 3028 Schickſal der Deutſchen in Oeſterreich ſichern können, zu
164 3013 1188 3066 verſtärken. Deshalb darf Wien weder vernachläſſigt noch
164 3056 1188 3109 zur Seite geſchoben werden. Hier lebt ein Fünftel aller
169 3100 1187 3153 Deutſchen in Oeſterreich und ein noch viel größerer Teil
165 3142 1188 3196 aller freiſinnigen Deutſchen. Eine Politik, die ſich um
163 3185 1189 3239 ſolche Fundſtellen des nationalen Gedankens nicht kümmern
164 3229 1186 3284 wollte oder dagegen gleichgiltig bliebe, wäre geradezu
162 3272 343 3317 unzuläſſig.
245 3322 1187 3375 Wien hat zehn freiſinnige Abgeordnete gewählt.
163 3366 1189 3419 Davon mögen zwei und vielleicht drei wegen ihrer ſcharf
165 3409 1189 3462 ausgeprägten beſonderen Richtung und wegen älterer Ver⸗
161 3451 1184 3505 ſtimmungen für den Deutſchen Nationalverband nicht in
245 3556 768 3596 Die heutige Nummer enthält:
243 3616 1188 3680 „Landwirtſchaftliche Zeitung“:
161 3684 1186 3748 „Neues auf dem Gebiete der Zucker⸗
160 3752 1188 3817 fabrikation.“ Vom k. k. Regierungsrat
162 3819 716 3875 A. Stift. Seite 25 bis 27.
243 3898 1184 3957 „Militäriſches Nachrichtenblatt“
157 3965 1182 4027 der „Neuen Freien Preſſe“: Aus dem
156 4034 1182 4099 Landwehr⸗Verordnungsblatt. Miszellen.
160 4102 327 4136 Seite 28.
240 4162 377 4198 Ferner:
238 4212 1180 4274 Die 64. Fortſetzung des Romans „Frühlings⸗
155 4279 1061 4332 taumel“ von Gabriele Reuter. Seite 24.
493 4387 843 4462 Feuilleton.
196 4504 1124 4558 Alfred v. Berger und ſeine „hamburgiſche
507 4549 822 4596 Dramaturgie“.
551 4607 781 4644 Von Otto Ernſt.
232 4664 1167 4717 Louis Schneider, der Vorleſer Kaiſer Wilhelms I.,
151 4707 1169 4761 ſoll einmal nachgewieſen haben, daß die Berliner
152 4751 1170 4806 Zeitungen ſeit dem Jahre 1768 alljährlich mit großer
153 4796 1171 4850 Einmütigkeit verſichert hätten, ſo weit wie gegenwärtig
150 4841 1172 4895 ſei das Theater noch nie herunter geweſen. Es mag ja
150 4885 1168 4939 wohl Dienſtboten geben, die ihre Schuldigkeit nur dann
151 4929 1167 4982 tun, wenn ſie unaufhörlich geſcholten werden (obſchon
149 4973 1168 5027 ich an die Zweckmäßigkeit dieſer Pädagogik nicht recht
150 5018 1168 5071 glaube), und in Deutſchland ſcheint man das Theater für
150 5062 1167 5116 ſolch einen Dienſtboten zu halten. Siebenmal in jeder
147 5106 1168 5160 Woche hat das Theater, ſowohl in Hinſicht des Reper⸗
1257 1084 2276 1136 Betracht kommen. Dann bleiben immer noch ſieben, von
1258 1127 2276 1179 denen jedoch nur zwei zu der für nächſten Freitag einbe⸗
1252 1162 2274 1222 ruſenen konſtituierenden Verſammlung des Deutſchen
1257 1214 2278 1266 Nationalverbandes eingeladen wurden. Dieſe Beſchrän⸗
1258 1257 2274 1309 kung mag in der Form durchaus zu rechtfertigen ſein,
1255 1300 2275 1352 weil bisher nur zwei Abgeordnete erklärt haben, daß ſie
1255 1344 2273 1395 dem Deutſchen Nationalverbande ſich auſchließen wollen.
1257 1387 2275 1439 Es braucht auch nichts in dieſem Beſchluſſe gewittert zu
1255 1430 2275 1482 werden, was den Verdacht begründen könnte, als ſollten
1256 1474 2275 1525 gerade ſolche Mitglieder des Parlaments vom National⸗
1253 1516 2273 1568 verbande ferngehalten werden, von denen die Chriſtlich⸗
1255 1558 2275 1611 ſozialen in den Wahlen niedergerungen wurden. Aber
1253 1604 2272 1655 ſelbſt die ſtrengſte Korrektheit wird die Frage nicht er⸗
1253 1647 2272 1699 ſticken, ob dem Deutſchen Nationalverbande ſelbſt nach
1254 1690 2274 1741 ſeinem glänzenden Siege ſieben Stimmen nicht von Wert
1253 1733 2272 1784 ſein können. Es hat im früheren Abgeordnetenhauſe
1253 1775 2272 1828 manche Kämpfe und Kriſen gegeben, in denen der Deutſche
1251 1819 2268 1871 Nationalverband um jede einzelne Stimme zitterte und
1251 1862 2269 1914 die Grenzſcheide zwiſchen Mehrheit und Minderheit auch
1251 1906 2272 1958 von ſieben Abgeordneten gezogen werden konnte. Der
1250 1948 2271 2000 Deutſche Nationalverband kann überhaupt kein Mandat
1251 1992 2269 2046 entbehren, das von deutſchen und freiſinnigen Wählern
1252 2035 2272 2088 herrührt. Gewiß werden dieſe ſieben Abgeordneten von
1249 2080 2267 2133 Wien niemals dem deutſchen Volke in den Rücken
1251 2119 2266 2177 fallen und auf den heißeſten Schlachtfeldern als Frei⸗
1251 2167 2266 2223 willige ſich zur Verfügung ſtellen. Die Führer des
1251 2210 2266 2263 Deutſchen Nationalverbandes wiſſen, daß ſie innerlich
1250 2252 2265 2306 darauf rechnen dürfen. Wäre es nicht kleinlich, dieſen
1250 2296 2264 2349 ſieben Abgeordneten alle Pflichten des Nationalgefühls
1251 2340 2266 2393 aufzuerlegen und ihnen die Rechte zu verweigern oder
1247 2383 2266 2442 mindeſtens nicht anzubieten ? Ein freiſinniger Abgeordneter
1240 2425 2259 2477 von Wien kann nur deutſch ſein, und der Nationalverband
1247 2466 2262 2524 ſollte ihn daher durch einen Beſchluß, der ihn zu einer
1246 2509 2263 2566 Bitte um Aufnahme zwingt und vielleicht ſogar einer
1245 2557 2262 2610 Demütigung ausſetzt, nicht gewaltſam zum Freiſchärler
1247 2593 2261 2653 machen. Das hieße, auf die Hilfsquellen verzichten, die
1245 2643 2262 2703 Wien für das deutſche Volk hat; das hieße, die Deutſchen
1234 2683 2261 2738 in Wiener und Nichtwiener ſpalten; das hieße, einen
1246 2729 2262 2782 Fehler begehen, durch den eine große Zukunft preisgegeben
1244 2772 2262 2825 werden könnte. Die politiſche Verſchmelzung von Wien
1246 2815 2261 2867 mit den Kronländern muß das Ziel des Deutſchen
1243 2856 2259 2911 Nationalverbandes ſein. Er kann dieſe zwei Millionen
1244 2898 2260 2954 vom deutſchen Beſitzſtande, den er ſonſt mit aller Wach⸗
1242 2944 2259 2997 ſamkeit verteidigt, nicht wegſtreichen. Er ſollte Wien ge⸗
1243 2988 1985 3037 mütlich erobern und nicht von ſich ſtoßen.
1318 3032 2254 3083 Der Beſchluß des Deutſchen Nationalverbandes, nur
1237 3075 2254 3128 zwei Wiener Abgeordnete zur konſtituierenden Verſamm⸗
1237 3118 2253 3170 lung für nächſten Freitag einzuladen, mag in der Form
1237 3161 2253 3214 durchaus zuläſſig geweſen ſein. Es handelt ſich jedoch
1236 3205 2251 3257 nicht um das ſtrenge Recht, ſondern um jenes politiſche
1235 3248 2252 3300 Gefühl, das mehr iſt als Klugheit, weil darin die Gabe
1234 3291 2250 3343 ſteckt, die Wähler anzuziehen; auch weil ſich darin tiefere
1236 3333 2250 3387 Einſicht und ſchärfere Vorausſicht zeigt. Eine milde Aus⸗
1235 3377 2253 3430 legung hätte leicht finden können, daß dieſe ſieben Abge⸗
1232 3420 2249 3474 ordneten ſich meiſtens als deutſch und fortſchrittlich be⸗
1230 3463 2247 3518 zeichnet haben und ſomit im politiſchen Zuſammenhange
1237 3557 2255 3610 toires wie der Darſtellung, einen Tiefſtand erreicht, der
1235 3602 2254 3664 nicht mehr zu unterbieten iſt. Es kann übrigens ſein,
1235 3645 2251 3699 daß dieſe Erſcheinung nicht nur in der Beurteilung des
1235 3690 2248 3742 Theaters auftritt. Ich habe die Beobachtung gemacht,
1232 3734 2250 3786 daß die Leute über einem Regentage ſieben Tage
1235 3778 2250 3831 Sonnenſchein vergeſſen und daß ſie, wenn es gar drei
1224 3823 2250 3876 Tage nacheinander regnet, auch nach einem guten Sommer
1232 3867 2251 3920 verſichern, ein ſo elender Sommer wie dieſer ſei noch
1233 3911 2248 3964 nicht dageweſen. Es gehört viel Courage dazu, ſolchen
1231 3956 2248 4011 Schimpfmoden zu widerſprechen; aber in dieſem Punkte
1230 4000 2248 4053 bin ich dreiſt. Wir haben eine Operettenpeſt und haben
1232 4045 2249 4096 Laboratorien für ihre Verbreitung, das iſt mir bewußt;
1229 4088 2247 4140 wir haben auch ſonſt eine dramatiſche Schundliteratur
1229 4133 2247 4184 und Theater genug, die ihr dienen; aber alles in allem
1228 4177 2247 4229 haben wir auch eine große Anzahl ernſthafter
1226 4221 2247 4273 Theater, die ein vortreffliches Repertoire vortrefflich
1228 4265 2244 4318 ſpielen, und im Durchſchnitt ſteht das Theater heute
1228 4308 2244 4362 mindeſtens ſo hoch, wahrſcheinlich aber erheblich höher,
1228 4344 2248 4406 als es oft geſtanden hat. Ich hege den Verdacht, daß ich
1226 4388 2243 4451 zu dieſer günſtigen Meinung gekommen bin, weil ich
1229 4440 2239 4496 einiges vom Theater verſtehe, und will gleich erklären,
1226 4484 2001 4538 was mich in dieſem Verdachte beſtärkt hat.
1305 4538 2246 4590 Vor kurzem ſagte mir ein namhafter, auch von mir
1226 4576 2245 4636 ſonſt aufrichtig hochgeſchätzter Schriftſteller: „Seitdem ich
1225 4625 2244 4678 das Theater aus eigener Beobachtung kenne, kann ich
1225 4669 2242 4724 nicht mehr darüber ſchreiben; ich habe meine beſten
1222 4714 2240 4768 Sachen über Theater geſchrieben, als ich nicht die Spur
1223 4757 2239 4811 davon verſtand.“ (Ich weiß, lieber Leſer: Oskar Wilde
1222 4802 2240 4856 pflegte dergleichen Sätze als ſehr begreiflich und wohl be⸗
1223 4846 2239 4900 gründet zu vertreten, ich weiß, ich weiß.) Der Fall jenes
1224 4891 2239 4945 Schriftſtellers aber iſt durchaus typiſch. Hundert⸗ und
1222 4932 2238 4988 aberhundertmal, wenn ich Theaterartikel geleſen habe, wie
1219 4979 2237 5034 ſie jetzt ſo reichlich von jungen Leuten, beſonders aber
1220 5024 2236 5077 von ſehr jungen Leuten, und ganz beſonders von
1220 5068 2236 5121 Studenten und Primanern, geſchrieben werden, hundert⸗
1219 5112 2236 5166 und aberhundertmal habe ich mich an den Kopf gefaßt
2318 1093 3360 1146 mit einer Gruppe ſind, die nach einer rühmlichen Geſchichte
2317 1136 3360 1191 ſich wohl im Parlamente aufgelöſt hat, aber vielfach in
2319 1180 3337 1237 den deutſchen Kronländern und namentlich in Böhmen
2318 1224 3335 1277 und Mähren beſteht. Noch jetzt gibt ſie dem Abgeordneten⸗
2317 1267 3333 1318 hauſe hervorragende Männer, wie Baron d'Elvert und
2319 1311 3338 1371 Hofrat Bachmann. Dr. Eppinger, der Führer der Deutſchen
2317 1354 3332 1409 in Böhmen, wird zu ihr gezählt und mancher andere,
2317 1397 3333 1451 deſſen Name dem deutſchen Volke ſehr vertraut iſt. Bei
2315 1441 3333 1496 den Wiener Abgeordneten iſt dieſe Geſinnung ſchärfer aus⸗
2316 1486 3332 1540 geprägt und in den weiteren Rahmen einer ſozial leiden⸗
2315 1529 3333 1584 ſchaftlich bewegten Großſtadt gefaßt. Aber der Platz, der
2315 1568 3333 1627 den deutſchen und fortſchrittlichen Abgeordneten im
2315 1616 3332 1671 Nationalverbande unbeſtritten zugewieſen wird, gebührt
2314 1659 3331 1715 ihnen gleichfalls, und eine freiere Auffaſſung der Tat⸗
2313 1703 3331 1759 ſächlichkeiten und der Wirklichkeiten hätte ſich nicht dabei
2314 1748 3329 1802 aufgehalten, ob das politiſche Glaubensbekenntnis ſämt⸗
2314 1790 3333 1846 liche dogmatiſchen Beſtimmungen des Statuts und Pro⸗
2313 1828 3329 1889 gramms im genauen Wortlaut wiedergibt. Deutſch und
2312 1877 3329 1931 fortſchrittlich ſind die Wiener Abgeordneten, und dieſer
2312 1915 3332 1977 politiſche Meldezettel ſollte genügen, den Anſpruch auf die
2312 1964 3328 2018 Zugehörigkeit zur parlamentariſchen Vertretung des
2312 2007 3335 2063 deutſchen Volkes zu ſichern, ohne daß der Einzelne ſich erſt
2311 2051 3332 2107 dem Wahrſpruch von Hängekommiſſionen zu unter⸗
2310 2096 3327 2149 werfen hat, die ihm mitteilen, ob ſein Mandat dort einen
2307 2138 3327 2198 Platz haben könne, wo alle deutſchen Mandate vereinigt
2310 2183 2586 2228 werden müßten.
2393 2241 3332 2296 Das hätte auch für Wien ſehr gut werden können.
2313 2285 3333 2340 Jeder falſche Griff, der die Deutſchen in Wien den Kron⸗
2313 2329 3332 2385 ländern entfremden würde, könnte nur den Hang zur
2312 2373 3330 2429 Eigenbrödelei vermehren, die nicht minder ſchädlich wäre
2309 2417 3329 2471 als die bedenkliche Politik, die den Nationalverband
2310 2458 3328 2517 außer Zuſammenhang mit den Stimmungen in Wien
2308 2504 3327 2560 brächte. Immer die Geſchichte von den Stäben, die ein⸗
2309 2550 3330 2611 zeln ſo leicht gebrochen werden können, während ſie im
2308 2594 3327 2650 Bündel vereinigt der ſtärkſten Gewalt widerſtehen. Die
2308 2635 3327 2693 Feinde des deutſchen Volkes haben die Wichtigkeit der
2308 2682 3328 2738 Hauptſtadt beſſer verſtanden. Als die Politik eingeleitet
2309 2726 3328 2781 wurde, welche die Deutſchen zur ewigen parlamentariſchen
2307 2768 3327 2825 Minorität herabdrückte, haben ſie ſchon in den früheſten
2310 2813 3327 2866 Anfängen damit begonnen, Wien national von den Kron⸗
2307 2857 3326 2911 ländern loszureißen. Dieſe Wunde hat am Körper der
2304 2902 3326 2957 Deutſchen geeitert, und jetzt iſt die Hoffnung erwacht, daß
2304 2945 3324 3001 ſie endlich ſich ſchließt und die Gemeinſchaft zwiſchen allen
2304 2990 3324 3044 freiſinnigen Deutſchen ſich erneuert. Die Nachrichten über
2304 3033 3324 3089 dieſes Ereignis ſind nicht bloß in Oeſterreich, ſondern auch
2304 3077 3324 3132 in Deutſchland wie eine frohe Botſchaft auſgenommen
2303 3123 3325 3177 worden. Aber der Deutſche Nationalverband ſchweigt. Es
2305 3165 3325 3220 mag bloße Taktik und Diplomatie ſein. Es gibt jedoch
2305 3210 3325 3264 Momente im Völkerleben, da das Herz über die Grübe⸗
2303 3254 3324 3308 leien ſiegen und die innere Natur des Menſchen ſich
2305 3299 3323 3351 Gehör verſchaffen muß. Auch das iſt Klugheit, und wir
2302 3343 3320 3395 möchten wünſchen, daß die Verſammlung am nächſten
2303 3386 3323 3438 Freitag, der die letzte Entſcheidung zuſteht, tue, was einſt
2301 3430 3325 3482 Franz Schmeykal getan hat. Er ſtreckte Wien beide Hände
2302 3476 2450 3517 entgegen.
2303 3567 3322 3622 und mich gefragt: Warum ſchreibt denn der Jüngling
2303 3611 3323 3662 gerade übers Theater; es gibt doch ſo viel anderes, über
2301 3656 3321 3708 das man auch ſchreiben kann! Natürlich waren dieſe
2300 3700 3321 3755 Artikel immer Reform⸗ und Revolutionsartikel, und
2300 3744 3321 3796 natürlich wurde darin mächtig auf alles Beſtehende ge⸗
2300 3788 3322 3839 ſcholten. Ich denke dabei nicht einmal an die Bielen, die
2299 3832 3320 3885 den bejammernswerten Tiefſtand der Bühne durch eigene
2298 3873 3320 3928 Stücke zu beſeitigen gedachten; ich denke wirklich nur an
2298 3920 3320 3972 diejenigen, die aus ehrlichſter, lauterſter Unkenntnis
2298 3965 3318 4018 ſchimpften. Nichts gibt bekanntlich einen freudigeren Mut
2296 4003 3319 4061 zum Schimpfen als Mangel an Sachkenntnis, und über⸗
2291 4053 3316 4106 dies iſt, intereſſant zu ſchmähen, fabelhaft leicht, intereſſant
2290 4096 3319 4149 zu loben aber, grenzenlos ſchwer. Es wurde infolgedeſſen
2298 4140 3317 4192 ſehr viel von dieſer Art geſchrieben, und da die Ver⸗
2290 4184 3315 4236 faſſer nicht recht wußten, was ein Drama und
2288 4228 3314 4280 was ein Theater und was ein Schauſpieler
2290 4271 3314 4323 eigentlich iſt, ſo liefen ihre Artikel meiſtens
2295 4309 3316 4366 darauf hinaus, daß ein richtiges Drama eben kein
2294 4354 3316 4413 Drama, ein wirklicher Schauſpieler kein Schauſpieler und
2290 4401 3315 4454 ein gutes Theater ſelbſtverſtändlich kein Theater ſein dürfe.
2294 4446 3313 4498 Und da die Leute noch immer glauben, wer eine Sache
2293 4484 3314 4545 kräftig heruntermache, der müſſe viel von ihr verſtehen
2293 4530 3313 4586 ſo machte man die Verfaſſer, wenn ſie ein gewiſſes Alter
2292 4577 3316 4634 und eine hinreichende Zahl von Artikeln erreicht hatten
2292 4623 2986 4671 zu Theaterdirektoren und Intendanten.
2372 4682 3314 4737 Auf die Gefahr hin, langweilig zu werden, muß ich
2291 4727 3313 4780 heute mit Entſchiedenheit das Buch eines Mannes loben,
2291 4770 3319 4822 der nicht nur das Theater aus dem Grunde verſteht —
2290 4811 3314 4867 das Wort „verſtehen“ klingt zu ausſchließlich intellektuell —
2288 4857 3322 4911 ſondern deſſen Blut bis in den letzten Tropfen Theater⸗
2290 4901 3312 4956 blut iſt. Ich will damit nicht ſagen, daß Alfred v. Berger,
2289 4945 3314 4998 um deſſen Buch „Meine hamburgiſche Dramaturgie“ es
2288 4988 3313 5042 ſich hier handelt, nicht noch anderes könnte als Theater⸗
2289 5031 3309 5084 ſpielen; ſein Vater war Miniſter, und was ich aus
2286 5074 3307 5137 Bergers Feder zum Beiſpiel über den Fürſten Bülow
2286 5119 3310 5175 geleſen habe, war gewiß das Feinſte und Zutreffendſte,
