1536 2323
714 3 814 46 1344
324 76 1206 157 Zurückgesetzte Mehlpreise
418 150 1117 204 der Kunstmühle in Zipf bei Salzburg.
92 201 1434 269 Niederlage bei Joh. Lorenz vormals J. Riß in Innsbruck.
195 268 1311 316 Gries per ganzen Sack 15 fl. 25 kr., das Pfund 16 kr.
194 316 1313 365 Waizenmehl superfein Nr. 0 14 fl. 75 kr., „ „ 16 kr.
298 363 1314 413 „ Extra=Auszug Nr. 1A 13 fl. 75 kr, „ „ 15 kr.
299 411 1313 461 „ Kaiser= „ Nr. 1 12 fl. — kr., „ „ 13 kr.
298 458 1311 507 „ Bäcker= „ Nr. 3 9 fl. 75 kr., „ „ 12 kr.
296 505 1313 553 „ Mundmehl Nr. 3 9 fl. 25 kr, „ „ 10 kr.
299 553 1311 600 „ Semmelmehl Nr. 4 7 fl. 50 kr., „ „ 9 kr.
194 601 1310 648 Kornmehl sein Nr. 2 8 fl. 59 kr., „ „ 9 kr.
173 648 1436 697 Säcke werden separat berechnet und im guten Zustande franco zum gleichen
93 688 1434 747 Preise zurückgenommen. 23
349 751 1178 829 Versteigerungs=Kundmachung.
174 826 1436 878 Am 4. Juli d. Is. um 9 Uhr früh angefangen, werden im Hause Nr. 57
92 874 1435 925 im 2. Stock in der Riesengasse die zur Verlassenschaft der Katharina Schröppl,
91 921 1438 973 geb. Ziegler, gehörige Hausfahrnisse, Betten, Küchengeräthschaften und andere un¬
92 971 1107 1021 eingetheilte Gegenstände gegen Baarzahlung versteigert werden.
174 1021 725 1063 Innsbruck am 21. Juni 1864.
449 1061 1435 1123 Dr. Carl Schneller, k. k. Notar. 33
96 1183 749 1238 Anempfehlung.
787 1124 1436 1169 Die Unterzeichnete empfiehlt sich einem
789 1166 1434 1212 hochgeehrten Publikum mit ihrer Methode,
788 1202 1438 1253 alte Bettfedern und Roßhaare mittelst
93 1250 1436 1302 Anwendung einer Dampfmaschine gleich neu herzustellen, ferners besitzt selbe laut
92 1290 1435 1344 mehreren ärztlichen Zeugnissen auch die Kunst, jene bei verschiedenen Kranken ge¬
92 1330 1438 1384 brauchten Betten der Art zu reinigen, daß sie als unschädlich für die Gesundheit
91 1366 1437 1424 eines Andern benützt werden können; auch verfertigt dieselbe neue und alte
93 1411 1436 1466 Matratzen, und verspricht, sich durch schnelle Bedienung sowohl in Innsbruck als
93 1452 1436 1505 in dessen Umgebung die vollste Zufriedenheit der hochzuverehrenden Kundschaften zu
92 1493 1436 1547 erwerben, bittet sohin um geneigten zahlreichen Zuspruch. — Die Bestellungen
93 1532 1437 1587 sind zu machen bei Katharina Schennach, Kammmacherswitwe unter den
94 1575 1437 1628 Lauben nächst dem Rathshause. 23
100 1611 1435 1722 Anna Oeffner.
521 1722 1017 1795 Kundmachung.
173 1793 1436 1846 Die Brunnenzinspflichtigen werden hiemit aufgefordert, die für das Verwaltungs=
92 1840 1437 1893 Jahr 1863/64 verfallenen ordinären Brunnenzinse längstens bis 15. August
92 1888 1438 1942 d. Is. um so gewisser anher einzuzahlen, als sonst nach Ablauf dieser Frist die
92 1935 1436 1986 verbleibenden Rückstände durch den Amtsdiener auf ihre Kosten beigetrieben wer¬
93 1994 289 2034 den müßten.
385 2022 1140 2079 K. K. Steueramt Innsbruck
175 2088 502 2128 am 23. Juni 1864.
656 2127 873 2169 Pfaundler.
1399 2080 1437 2112 33
1316 2120 1433 2155 Diem.
