3168 4827
215 122 743 180 Samstag den 1. Juli 1911.
1291 100 1822 155 Innsbrucker Nachrichten
2517 47 2894 112 Nr. 148. Seite 29.
970 192 2146 336 Neu eröffnet!
435 914 2698 1023 Grand Bazar
198 1056 1147 1223 Burggraben 23
1272 1011 2972 1195 Innsbruck Burggraben 23
1417 1193 1747 1247 En detail
251 1257 2931 1516 Spezial-Artikel in -.50, 1, 2, 3, 4 und 5 Kronen!
215 1738 1491 1830 Streng reelles Vorgehen. — — Feste Preise.
244 1815 1467 1893 Auf jedem Gegenstand von der Kunde leserlicher Preis.
221 1875 1495 1955 Freie Besichtigung ohne Kaufzwang. Preise im Schaufenster.
2036 1707 2667 1780 Staunend billige Preise
2047 1780 2640 1838 bei nur regulärer Ware.
1710 1820 2992 1920 Eigene Abteilung für 50 Heller- u. 1 K-Artikel.
464 1917 2751 2038 Geschäftsprinzip: Kleiner Verdienst, grosser Umsatz!
608 2017 2609 2264 Hans Mahlknecht
2840 2220 2959 2272 J4141
854 2253 2379 2347 Filialen in Meran, Bregenz und Dornbirn.
2102 2510 3015 2589 Sport⸗Wägen
2500 2582 3016 2648 inländiſches u. deutſches Fabri⸗
2500 2629 3015 2691 kat in großer Auswahl von
2561 2791 2962 2854 10 K
2683 2871 2847 2925 aufwärts.
2623 2932 2917 2992 Möbelfabrik
495 2461 1990 2541 Tiefgerührt von den vielen Bewe ſen herzlicher Teilnahme, welche mir anläßlich der
334 2505 1987 2590 Krankheit und des Hinſcheidens meines innigſtgeliebten Gatten, reſp. Schwagers, Onkels und
337 2573 1065 2635 Schwiegerſohnes, des wohlgebornen Herrn
707 2636 1634 2806 Jakob Ladſtätter
754 2799 1602 2867 Beamter der Firma Ingenieur Riehl,
346 2862 2002 2949 zuteil wurden, bin ich außerſtande, jedem einzelnen zu danken. Ich ſpreche daher auf dieſem
348 2907 1997 2991 Wege allen und jedem meinen innigſten Dank aus. Insbeſonders danke ich ſeinem Chef. Herrn
349 2951 2001 3035 Ingenieur Riehl, für ſein menſchenfreundliches Entgegenkommen und Teilnahme, ſeinem uner⸗
351 2995 2004 3078 müdlichen behandelnden Arzt, Herrn Dr. Brixa, der hochw. Geiſtlichkeit für die tröſtenden Kran⸗
351 3040 2003 3123 kenbeſuche, der hochverehrten Familie Poſtkontrollor Fink, den Herren Ingenieuren und Beamten
352 3083 2006 3168 der Firma Ing. Riehl, den Spendern der ſchönen Kränze und Blumen und für die zahlreiche
355 3128 2006 3213 Beteiligung am Leichenbegängniſſe. Ich bitte, dem unvergeßlich Dahingeſchiedenen ein frommes
356 3206 754 3257 Andenken zu bewahren.
2845 3233 3032 3283 13125=4ʃ3
516 3249 1121 3306 Innsbruck, am 30. Juni 1911.
1011 3306 1350 3357 In tiefſter Trauer:
817 3353 1550 3433 Wwe. Marie Ladſtätter
854 3412 2012 3486 im Namen aller übrigen Verwandten. J4136
367 3509 1389 3569 „Pietät“ Matthäus Winkler junior, Maria Thereſienſtraße Nr. 22.
318 3647 2069 3842 Techn. Massage - Klinik Lindengarten.
278 3804 2109 3931 Heiden, Schweiz. Prachtvoller Höhenkurort.
688 3902 2111 3987 Wissenschaftliche Spezialkur für 632-4ʃ3
2180 3005 2931 3155 Michael Brüll
2123 3163 2799 3224 J1932 Anichſtraße 7.
2366 3244 2786 3344 Kartoffel.
2172 3338 3028 3402 Neue Roſenerdäpfel (Speiſekartoffel) 100 Kilo ab
2130 3383 2987 3448 Trieſt 10 K, verſendet Franz Roſenkranz, Trieſt.
2187 3517 2981 3626 Vadien und Kautionen
2187 3614 2982 3676 beſtellt, als Kaution haftende Verdienſtrückläſſe
2187 3658 2983 3720 übernimmt, Baukredite gewährt, Bauarbeiten
2187 3702 2985 3767 finanziert, II. Hausſätze (an Kaufleute) gewährt
2214 3758 2960 3827 Vadium- und Kautions-Anſtalt
2243 3820 2930 3884 Wien, I., Wipplingerſtraße 2.
2824 3866 2987 3902 .762—10ʃ½
284 3969 2109 4083 Herz-, Nieren-, Leber-, Gallen-, Magen-, Blasen-, Rheumatik- u. Kehlkopfleiden.
445 4053 2113 4132 Jeder Kranke dieſer ſchweren Fälle, ſpeziell bei Herz und Niere, erreicht die Geneſung ohne Rückfall, ſofern
286 4088 2114 4170 das Leiden nicht zu weit vorgeſchritten und nach ärztlicher Unterſuchung unheilbar erſcheint und ſomit eine Aufnahme
286 4124 2114 4207 nicht erfolgen kann. Die Klinik führt eine kräftige, gute Küche, praktiſche Badeeinrichtung mit verſchiedenen Extraktzu⸗
288 4159 2116 4244 ſätzen, jedem Leiden angepaßt. Wirkſame Heilmittel, welche die Blutſäftemaſſen ſchmerzlos unterſtützen und reinigen,
290 4195 2114 4278 auch wird das exotiſche Pflanzenſerum angewendet, mit Wickeln, bei welchen die kranken Stoffe auf dem natürlichen Wege
290 4231 2116 4317 ausgeſchieden werden. Der bekannte Höhenkurort Heiden mit ſeiner ſauerſtoffreichen Wald⸗ und Seeluft trägt viel zur
293 4266 2117 4348 Geneſung der Patienten bei. Bemerkt ſei noch, daß der Kranke die Vorſchriften genau zu befolgen hat, da die Kur und
293 4302 2117 4385 Behandlung große Mühe und Arbeit erfordert, um die Geneſung zu erreichen, nach welcher kein Rückfall mehr zu be⸗
294 4338 2119 4419 fürchten iſt. Alles weitere in Prospekten, wofür briefliche Anfragen zu richten ſind. Aerztliche patent. Oberleitung.
295 4371 2120 4456 Leiter der Maſſage iſt der bekannte Maſſageſpezialiſt H. Schuſter, der vormals in Wien in ſeinem Berufe tätig war.
2216 3978 2962 4083 Gelegenheitskauf.
2184 4074 3045 4138 Krankheitshalber iſt ein altrenommiertes, neu⸗
2142 4120 3046 4186 renoviertes, gutgehendes Gaſthaus mit elektr. Licht,
2144 4165 3047 4230 Waſſerverſorgung, mit Tanz⸗ u. Speiſeſaal, ſchönem,
2145 4210 3048 4275 ſchattigem Garten, Oekonomie und Wirtſchaftsein⸗
2146 4254 3048 4320 richtung für über 200 Perſonen, ſofort preiswürdig
2147 4298 3050 4368 zu verkaufen. Adreſſe erliegt in der Verwaltung
2147 4342 3051 4411 d. Bl. unter Nr. 13120. 3ʃ8
451 1566 982 1630 Galanterie-, Spiel-, Leder-
1127 1541 2070 1609 Haus- und Küchen-Geräte
2184 1501 2824 1582 Reise- und Turisten-, Sport-,
540 1621 903 1681 und Papierwaren.
1087 1601 2114 1675 Glas-, Porzellan-, Email-, Aluminin - u. Korbwaren
2183 1557 2826 1628 Luxus- und Toilette-Artikel.
