3346 5257
149 80 280 112 Seite 6
2274 101 2502 136 5. Juli 1873
3075 110 3238 144 Nr. 3184
897 84 1176 132 Wien, Samstag
1461 84 2036 149 Neue Freie Presse.
108 151 1140 201 120 fl. Amtspauschale. Diese Bezüge wurden sofort auf Grund
105 191 1141 240 der reellen Brief= und Fahrpost=Einnahmen des Jahres 1872
104 226 1139 278 vom 1. Juli 1873 ab flüssig gemacht. Nach Ablauf von je drei
105 266 1139 317 Jahren (das ist also zunächst mit 1. Juli 1876) wird auf Grund
106 306 1139 360 des Erträgnisses des letztverflossenen Jahres oder aber des Durch⸗
106 346 1138 397 schnitts=Erträgnisses der letztverflossenen drei Solarjahre, wenn
102 384 1139 436 dieses höher sein sollte, eine neuerliche Regulirung der Bezüge
102 424 1139 473 vorgenommen. Die Bestallungen, Amtspauschalien, Personal=
100 461 1136 512 Zulagen wurden eingestellt, die Briefträger= und Packbeihilfen blie⸗
101 501 663 546 ben in der Organisation unberührt.
178 547 1136 596 [Bierconsum.] Im Jahre 1872 wurden innerhalb der
100 585 1135 636 Linien Wiens 78.535,900 Maß Bier consumirt. Es entfällt dem⸗
100 624 1135 676 nach per Tag auf jeden Kopf der männlichen Bevölkerung vom
101 663 1134 712 16. Lebensjahre aufwärts nahezu eine Maß Bier oder auf jeden
100 700 1134 753 Bewohner Wiens (Frauen und Kinder mitgerechuet) 122 Maß
98 740 1133 789 im Jahre, das ist 1 1/8 Seitel per Tag. Im Jahre 1871 war der
99 778 1133 828 Bierverbrauch in Wien um 6.364,200 Maß geringer und es ent⸗
98 818 1131 870 fielen auf die Männer über 15 Jahre per Kopf und Tag blos
98 857 1133 909 circa 3½ Seitel. In Buda=Pest entfiel im Jahre 1872 auf je
98 895 696 941 einen Bewohner nur ein Eimer Bier.
177 942 1132 992 [Eine Grubenfahrt.] In das Programm für die
97 981 1132 1032 Reise des Kronprinzen durch Steiermark war auch die Besichti⸗
98 1021 1129 1071 gung der großartigen Steinkohlenlager an der Köflacher Bahn
97 1055 1133 1111 ausgenommen. Dieselbe fand Mittwoch den 2. d. M. von Graz
96 1098 1131 1145 aus statt. Die „Tagespost“ enthält darüber einen Bericht, dem
98 1136 1132 1186 wir Nachstehendes entnehmen: Mittwoch um halb 8 Uhr fuhr
95 1175 1132 1225 vom Grazer Südbahnhofe mit festlich geschmückter Locomotive
96 1214 1130 1265 der Hof=Separatzug unter den Hochrufen einer zahlreichen Zu⸗
98 1247 1130 1302 schauermenge ab. Alle Stationen waren festlich geschmückt und
97 1292 1129 1343 zahlreiche Menschenschaaren waren herbeigeströmt, um den Prinzen
93 1331 1128 1381 zu begrüßen. In Köflach angelangt, fuhr der Kronprinz im be⸗
94 1369 1127 1422 reitgehaltenen Wagen über den Pichlinger Hügel zum großen
91 1408 1129 1458 Tagbau der Lankowitzer Kohlen=Compagnie, der mit dem Köflacher
92 1443 1127 1498 Bahnhofe durch den Revierstollen in directer Verbindung steht,
92 1484 1127 1564 besichtigte mit Interesse das durch den Tagbau bloßgelegte 8 bis
90 1521 1127 1576 10 Klafter mächtige Kohlenflötz und die Art der Kohlengewin⸗
91 1564 1127 1612 nung, und wohnte dem Abbrennen zweier Minen bei. Von der
91 1602 1125 1652 Pichlinger Höhe aus bewunderte der Kronprinz das sich
80 1635 1124 1693 prächtig gruppirende Landschaftsbild mit den zahlreichen
80 1675 1125 1727 industriellen Etablissements. Auf der Rückfahrt waren bei
80 1714 1124 1767 den unmittelbar an der Bahn liegenden Bergbauen, so
92 1756 1124 1808 namentlich auf dem Verladeplatze der Graz=Köflacher Bahn im
90 1796 1122 1844 Rosenthale, die Bergknappen in voller Uniform ausgestellt. So
91 1834 1122 1883 gelangte der Zug nach Oberdorf und von hier auf der Kainach⸗
91 1873 1122 1922 thaler Flügelbahn bis zu dem Tagbaue der Kainachthaler Koh⸗
87 1912 1122 1960 lenbergbau=Gesellschaft, in welchem die Eisenbahn mit drei Li⸗
91 1951 1120 2002 nien das ganze 12 bis 14 Klafter mächtige Flötz unterfährt. Von
88 1988 1120 2040 der Bahnstrecke begaben sich der Kronprinz und Gefolge zu dem
91 2023 1119 2076 Michaeli=Stollen, welcher, in die Kohle eingebaut, das Flötz vom
88 2066 1119 2116 Liegenden aus verquert und bei der colossalen Mächtigkeit des
91 2106 1122 2154 Flötzes und dem geringen Einfallen trotz einer Länge von 220
89 2141 1118 2190 Klaftern noch nicht das Hangende erreicht hat. Am Stollenmund⸗
89 2184 1118 2232 loche wurde der kaiserliche Prinz von mehrhundertstimmigem
87 2221 1112 2270 „Glückauf!“ der mit Grubenlichtern versehenen, im Stollen auf⸗
85 2260 1119 2308 gestellten Arbeiter begrüßt und von dem Director Schuster in die
86 2300 1116 2350 Grube geführt. Mit gespanntem Interesse durchfuhr der Prinz
85 2333 1116 2389 die ausgedehnten Grubenräume, welche für eine großartige Koh⸗
85 2376 1115 2426 lengewinnung vorgerichtet sind; mit Ueberraschung betrachtete der⸗
85 2416 1115 2464 selbe die imposante Höhe der nur im Kohlenflötz getriebenen dom⸗
87 2452 1115 2502 artigen Strecken, die durch Lampen und Fackeln bis an die Firste
86 2491 1116 2540 beleuchtet waren und den ungeheuren Kohlenreichthum dieser
85 2531 1116 2577 Grube zeigten, welche mit ihren 39 Grubenmaßen für ein jähr⸗
84 2570 1116 2615 liches Förderquantum von 3 Millionen Centnern auf 160 Jahre
86 2609 1117 2655 gedeckt ist. Nach dreiviertelstündiger Grubenfahrt gelangte man
84 2647 1115 2694 durch den Aloisi=Oberbau wieder zu Tage; mit dreimaligem laut
85 2687 1114 2733 hallenden „Glückauf!“ der hinten nachfahrenden Grubenmann⸗
87 2724 1114 2774 schaft wurden dem Wunsche Worte gegeben, daß der Prinz jede
84 2763 1114 2814 Fahrt seine Lebens so glücklich vollenden möge, wie diese seine
84 2802 1113 2851 erste Grubenfahrt, worauf derselbe mit freundlichem „Glück⸗
88 2840 282 2879 auf!“ dankte.
161 2888 1112 2937 [Erzbischof Schaguna.] Dem Pester Lloyd schreibt
79 2928 1109 2976 man aus Hermannstadt, 29. Juni: Erzbischof Schaguna starb
48 2961 1111 3015 in seinem 66 Lebensjahre. Bei der heute vorgenommenen Ob⸗
78 3005 1110 3051 duction wurde constatirt, daß der Tod zumeist durch einen Stein⸗
70 3044 1108 3089 ansatz an den Scheidewänden der zwei Herzkammern und durch
80 3073 1110 3127 die in Folge dessen entwickelte Wassersucht verursacht wurde.
78 3119 1111 3167 Erzbischof Schaguna hat, obgleich im Sinne der Canones berech⸗
80 3160 1110 3209 tigt, über die Hälfte seines Vermögens zu Gunsten seiner Anver⸗
77 3198 1109 3246 wandten zu verfügen, sein ganzes Vermögen, darunter auch den
79 3235 1110 3282 bei den Assicurazioni Generali in Triest auf den Todesfall ver⸗
79 3276 1109 3323 sicherten Betrag von 100,000 fl., zu Kirchen= und Schulzwecken
76 3314 1110 3361 bestimmt. Die irdische Hülle des Metropoliten wird gemäß seiner
75 3353 1109 3400 letztwilligen Anordnung in der Kirche zu Resinari (eine Stunde
74 3391 1108 3439 von hier) beigesetzt werden. Auf Grund der Kirchensatzungen muß
74 3429 1109 3477 der Congreß zur Wahl des Nachfolgers des verstorbenen Erz⸗
72 3469 1110 3517 bischofs spätestens binnen sechs Wochen ausgeschrieben und die
73 3504 1106 3555 Wahl selbst längstens innerhalb drei Monaten vollzogen werden.
151 3554 1108 3603 [Eine Brandscene.] Merkwürdiges aus dem Magyaren⸗
73 3593 1107 3641 reich weiß der „Westungarische Grenzbote“ zu erzählen. In einem
73 3632 1109 3679 offenen Briefe an den Obergespan des Preßburger Comitats er⸗
72 3667 1106 3718 zählt die Redaction des genannten Blattes der Comitatsbehörde
71 3710 1107 3759 folgende Geschichte, die sich in ihrem Amtsbereiche zugetragen:
73 3747 1107 3795 Im Dorfe Bur=Szent=Peter bricht am 27. Juni, Abends 10 Uhr,
72 3787 1107 3835 ein Feuer aus. Nur ein Haus brennt. Es ist das Haus des
75 3826 1107 3871 „Judenwirthes“ Jacob Reich. Der „Jude“ stand bereits wieder⸗
72 3864 1107 3912 holt in Gefahr, sein Haus zu verlieren. Schon zweimal entdeckte
73 3901 1106 3951 er verbrecherische Vorbereitungsmaßregeln, um das Haus in Brand
67 3942 1105 4026 zu stecken. Reich bat den „Richter“, die Ortswache zu verstärken.
68 3982 1107 4027 Achselzucken war die Antwort. Da kam jener Abend. Das Dach
70 4020 1106 4072 loderte plötzlich in hellen Flammen auf, eben zu einer Zeit, als
71 4051 1106 4107 der Wirth, seine Frau und die Kinder schliefen. Furchtbar er⸗
64 4097 1106 4145 schreckt eilen die Familienglieder zum brennenden Hause hinaus;
69 4136 1106 4183 kaum sind sie im Freien, so entdecken sie, daß ein Kind vergessen
70 4174 1106 4221 wurde. Der Vater will zurück, das Kind zu retten, doch er kann
46 4212 1105 4259 nicht. Dis Bauern haben schon das Gebäude umstellt und Nie⸗
57 4245 1103 4298 mand darf retten, helfen, auch der Vater nicht. Mit Hohngelächter
66 4291 1105 4338 wird er zurückgewiesen, und um keine Angst dem Unglücklichen zu
65 4328 1106 4377 ersparen, wirft man noch Brände in das Zimmer. Zum Glücke
65 4368 1105 4415 war es nicht gedielt, die Erde fing nicht Feuer. Was der alte
65 4406 1105 4455 Vater nicht vermochte, versucht ein junger Glaubensgenosse. Er
65 4445 1104 4497 durchbricht die Bauernkette, aber bald haben ihn kräftige Hände
65 4484 1105 4531 ergriffen und drohen, ihn ins Feuer zu werfen, weil er helfen
49 4518 1104 4569 will! Doch Andere waren noch etwas einsichtig und trugen ihn
64 4555 1104 4608 von der Unglücksstätte unter Spottgeschrei weg. Das gnädige Ge⸗
65 4599 1104 4646 schick waltete über dem Kinde; es wurde trotz der Ruchlosigkeit
63 4636 1102 4685 der Bevölkerung gerettet, denn die Flammen drangen nicht in das
63 4676 1102 4722 Innere des Hauses. Und der Ortsrichter? Die Sicherheitsbehörde?
63 4712 1102 4761 Der Herr schaute, gaffte — lächelte!“ So der Bericht. Wenn er
62 4754 1101 4800 nur zu einer Hälfte Wahrheit enthält, so ist er geeignet, die un⸗
64 4785 1021 4841 garische Regierung zur strengsten Untersuchung aufzufordern.
141 4839 1101 4886 [Guldenhetze.] Die Chicane gegen den österreichischen
62 4877 1098 4923 Gulden in Deutschland nimmt immer ausgedehntere Dimensionen
37 4915 1100 4963 an. Die Voss. Ztg. in Berlin macht bekannt, daß sie von jetzt
59 4953 1099 5002 ab die österreichischen Gulden= und Zweiguldenstücke nicht mehr
59 4993 1099 5040 in Zahlung annimmt; die Theaterkassen rechnen den Gulden nur
57 5025 1098 5086 zu 19 Silbergroschen an, kurz, der arme Gulden wird geschunden
1182 165 2211 215 und verfolgt, bis er die deutschen Grenzen verlassen hat. Den
1182 200 2211 260 empfindlichsten Schaden erleiden bei dieser Razzia Personen der
1182 244 2211 294 mittleren und ärmeren Classe. So will die Berliner Bürger=Zei⸗
1182 283 2211 333 tung wissen, daß eine dortige Actien=Gesellschaft für Holzwaaren=
1182 319 2210 369 Fabrication am letzten Samstag von einer Bankfirma in der Jä⸗
1182 360 2210 408 gerstraße für 10,000 Thaler österreichische Silbergulden zum Curse
1180 394 2210 448 von 99½ gekauft und dann ihren Arbeitern die Löhne damit ausge⸗
1180 437 2207 485 zahlt hat. — Herr Borsig, welchem ebenfalls von Bankgeschäften
1180 475 2207 526 Gulden=Offerten gemacht wurden, soll dieselben zurückgewiesen
1180 514 1270 553 haben.
1256 562 2206 609 [Rattazzi's Witwe und die Ex=Königin von
1179 595 2205 649 Spanien.] Aus Rom wird uns geschrieben: Die Ex=Köni⸗
1179 640 2205 688 gin von Spanien machte am Sonntag vor ihrer Abreise aus
1178 678 2204 727 der Ewigen Stadt der Frau Rattazzi's, mit der sie seit fünf⸗
1176 717 2204 764 zehn Jahren befreundet ist, einen Besuch, und Letztere wurde
1177 757 2203 803 nur durch Unwohlsein verhindert, der Ex=Majestät den schuldi⸗
1177 795 2203 841 gen Gegenbesuch zu machen. Die Römer haben diese Intimität
1176 834 2201 881 zwischen der Gattin des verstorbenen Führers unserer parlamen⸗
1176 872 2201 922 tarischen Opposition und der entthronten und landesflüchtigen
1175 910 2200 960 Königin etwas seltsam gesunden, so daß es die Presse für ange⸗
1175 946 2200 999 zeigt hält, zur Ehrenrettung der Frau Rattazzi nachträglich zu
1176 989 2200 1036 erklären, daß den Beziehungen dieser beiden Damen zu einander
1175 1027 2199 1074 die Politik völlig fremd sei; es seien eben zwei „gute und intelli⸗
1174 1067 2200 1113 gente Frauen“, die sich gegenseitig von einander angezogen gefühlt
1174 1099 2198 1152 hätten. Obwol es in der Rangliste des königlichen Hofes heißt,
1174 1143 2197 1189 Frau Rattazzi habe das große Band des Maria=Louisen=Ordens
1173 1183 2198 1229 von der Königin Vittoria erhalten, ist ihr derselbe in Wahrheit
1172 1221 2198 1267 von Isabella verliehen worden, und zwar nur wenige Wochen vor
1173 1259 2196 1306 ihrem Sturze; allein das Decret sei damals verloren gegangen
1172 1298 2197 1345 und Frau Rattazzi erhielt die Decoration officiell erst unter der
1172 1337 2193 1383 Regierung Amadeo's. Bei der Nachricht von Rattazzi's Tode
1172 1376 2195 1422 sendete Isabella der Witwe aus Paris ein eigenhändiges Beileids⸗
1172 1406 2197 1460 schreiben, weßhalb die Letztere der Ex=Königin nach ihrer Ankunft
1171 1452 2194 1501 in Rom einen Besuch machte, um ihr für diese Artigkeit zu dan⸗
1171 1491 2129 1538 ken, und diesen Besuch habe die Ex=Königin einfach erwidert.
1257 1538 2194 1579 [Desertionen in der englischen Armee.) Ueber
1169 1572 2192 1616 die Zahl der Desertionen in der britischen Armee während der letz⸗
1171 1608 2193 1650 ten Jahre liegt jetzt ein amtlicher Bericht vor, aus dem hervorgeht,
1169 1642 2192 1683 daß die jüngsten Angaben darüber nicht übertrieben waren. Das
1170 1676 2192 1718 Unwesen scheint mit jedem Jahre mehr überhand zu nehmen. Im
1167 1710 2194 1752 Jahre 1869 wurden 3341 Mann fahnenflüchtig, im Jahre 1870
1165 1746 2192 1787 3171, im Jahre 1871 4553 und im Jahre 1872 sogar 5361. Nicht
1168 1780 2192 1821 weniger als zehn Regimenter und Vatterien, die in dem Zeitraume
1167 1815 2192 1855 von 1869 bis Ende des Jahres 1872 für den auswärtigen Dienst
1167 1848 2190 1890 designirt wurden, traten in Folge dessen ihre Reise in nicht voll⸗
1165 1882 2189 1924 ständiger Stärke an. Ein weiterer Bericht ergibt die Zahl der Mann⸗
1164 1912 2190 1958 schaften, die wegen Desertion im Mutterlande vor Gericht gestellt
1165 1951 2191 1994 wurden. Im Jahre 1869 belief sich ihre Zahl ans 1500, darunter
1165 1984 2192 2031 191 rückfällige Deserteure; im Jahre 1870 auf 1276, darunter 190
1163 2020 2189 2061 Rückfällige; im Jahre 1871 auf 1917, darunter 287 Rückfällige, und
1162 2055 2186 2096 im Jahre 1872 auf 2231, darunter 421, die sich wiederholte Deser⸗
1161 2089 2187 2130 tionen hatten zu Schulden kommen lassen. Letzterer Umstand er⸗
1162 2125 2189 2166 klärt sich dadurch, daß viele Soldalen vom einem Regimente zum
1162 2159 1440 2191 anderen desertiren.
1350 2235 1998 2283 Ein amerikanisches Fest in Wien.
1237 2292 2185 2341 In altererbter continentaler Spießbürgerlichkeit sind wir ge⸗
1159 2324 2185 2376 wohnt, mit dem Namen des Amerikaners die absonderlichsten An⸗
1160 2371 2185 2417 sichten über originelle Lebensgewohnheiten und Bräuche zu ver⸗
1158 2408 2185 2455 knüpfen; der freie Sohn der großen Union jenseits des Oceans
1162 2449 2186 2494 ist uns Europäern der typische Vertreter der anti=conventionellen
1157 2486 2185 2532 Ungebundenheit geworden, und deßhalb mochte es Manchen unter
1159 2522 2186 2569 uns interessiren, einem Feste auzuwohnen, welches die in unserer
1158 2559 2185 2608 Mitte weilenden Amerikaner in Wien veranstalteten und more
1158 2595 2184 2645 patrio begingen. Die Weltausstellung hat die lernbegierigen Be⸗
1158 2635 2183 2686 wohner der Bereinigten Staaten in großer Zahl nach Wien ge⸗
1157 2672 2182 2724 lockt, und ein guter Theil von ihnen versammelte sich heute Nachmittag
1156 2716 2182 2762 in den Blumensälen der Gartenbau=Gesellschaft, um der Erinnerung
1156 2755 2182 2801 an die Unabhängigkeits=Erklärung der Republik im Jahre 1776
1156 2794 2183 2841 ein festliches Andenken zu weihen. Der große Mittelsaal war
1154 2832 2178 2879 dazu ausersehen die Gäste zu beherbergen. In vier langen Reihen
1155 2870 2176 2918 waren die Tische aufgestellt, an deren oberem Ende eine Quer⸗
1155 2906 2179 2960 tafel lief, an welcher die Präsidenten der Ausstellungs=Commis⸗
1154 2947 2180 2994 sionen und andere hervorragendere Gäste ihre Plätz erhielten.
1154 2981 2178 3035 Die Hauptwand des Saales zierten die Sternenbanner der ame⸗
1154 3022 2178 3073 rikanischen Republik und Fahnen in den österreichischen Farben;
1154 3061 2179 3108 inmitten derselben war ein Porträt des Kaisers Franz Joseph
1152 3099 2178 3150 angebracht, das die Bildnisse von Washington, Abraham Lincoln
1153 3139 2179 3188 und Ulysses Grant umgaben. Schon um 4 Uhr begannen die
1153 3178 2178 3228 Festtheilnehmer sich einzustellen und wurden von den Herren des
1152 3216 2178 3265 Comités: Lewis Seasongood, John G. Avery, G. W. Howe und
1152 3255 2177 3305 Dr. A. Ruppaner, freundlichst begrüßt. Nach und nach füllte sich
1151 3289 2178 3342 der Saal, trotzdem ein großer Theil der Anwesenden sich
1154 3333 2178 3380 in den offenen Garten geflüchtet hatte oder im Neben⸗
1153 3371 2178 3419 saale den Productionen der Weinlicht'schen Damen=Capelle
1153 3410 2177 3458 aufmerksam lauschte. Die wackeren Musikantinnen trugen alle⸗
1153 3450 2177 3497 sammt gleiche Roben in Rosa und Weiß; sie waren zum großen
1152 3487 2177 3537 Ergötzen der horchenden Herren der Schöpfung unermüdlich be⸗
1152 3526 2175 3574 müht, denselben ein amerikanisches Stück, „Frauen=Emancipation“,
1151 3565 2177 3614 vorzudemonstriren, das diesmal allerdings harmonisch ausklang;
1152 3600 2177 3653 man ließ sich diese spielende Art der Capacitirung zur Aner⸗
1150 3642 2115 3692 kennung eines „weiteren“ Berufes der Frauen gerne gefallen.
1229 3683 2176 3729 Nach fünf Uhr wurde das Zeichen gegeben, Alles nahm die
1152 3721 2175 3768 angewiesenen Plätze ein und in diesem Augenblicke war es möglich,
1151 3759 2176 3806 einen Totalblick über die Versammlung zu gewinnen. Sie war in
1151 3793 2176 3847 mannichsacher Beziehung interessant. Der einfache schwarze Frack
1152 3836 2178 3885 herrschte vor; zwischendurch tauchte da und dort die schmucke,
1153 3876 2177 3923 goldbetreßte Uniform eines amerikanischen Officiers, auf und zahl⸗
1151 3915 2178 3962 reiche Damen, in einfacher, aber gewählter Toilette unterbrachen die
1150 3953 2176 4001 feierliche Monotonie des schwarzen Festkleides. Die flimmernde
1150 3992 2175 4041 Augenplage der Orden übte nur sporadisch ihre schmerzliche Wir⸗
1150 4029 2176 4080 kung, ganz besonders aber auf einen Vollblut=Yankee, der den
1150 4069 2176 4116 Berichterstatter mit unnachahmlicher Einfachheit fragte, was denn
1148 4107 2178 4155 die Sternchen und Kettchen im Knopfloche eines anwesenden
1148 4149 1650 4190 Frackes zu bedeuten hätten . . .
1227 4184 2178 4231 An der erwähnten Quertafel nahmen, wie schon bemerkt, die
1149 4222 2177 4271 fremden Ausstellungs=Commissäre ihre Plätze ein. Wir bemerkten:
1148 4261 2176 4310 Hamdi Bey (Türkei), du Sommerard (Frankreich), Staatsrath
1146 4299 2178 4348 Bielsky (Rußland), Mr. Oven (England), Mac Ellroth (Amerika),
1148 4339 2177 4388 Geheimrath Moser (Deutschland), Vandenck (Belgien), Wolfhagen
1147 4377 2177 4426 (Dänemark) und Drew (China). An demselben Tische saßen auch Ge⸗
1147 4417 2178 4464 heimrath Freiherr v. Gagern, General=Director Freiherr v. Schwarz=
1147 4455 2177 4501 Senborn, der amerikanische Gesandte Mr. Jay, Bürgermeister
1147 4494 2178 4539 Dr. Felder und Vice=Präsident Professor Arenstein. An der zweiten
1146 4533 2177 4584 Längentafel saßen die zahlreich geladenen Vertreter der amerikani⸗
1148 4570 2178 4619 schen und Wiener Presse, die Professoren Billroth und Benedict
1146 4613 1491 4653 und Dr. Wittelshöfer.
1222 4648 2177 4694 Professor J. Lawrence Smith aus Kentucky erhob sich nun,
1145 4685 2175 4733 um die Erschienenen in kurzen Worten freundlichst zu begrüßen.
1145 4719 2174 4772 Nach ihm sprach Dr. Chapin, ein Seelsorger aus Newyork, das
1144 4762 2175 4809 in Amerika übliche Tischgebet, worauf denn nach der Seele
1143 4800 2175 4851 Stärkung auch der Magen vorzügliche Atzung erhielt, die
1143 4837 2177 4887 Richard Faber's Menu componirt hatte. Auf den Galerien
1145 4877 2175 4922 zu beiden Seiten des Saales spielten abwechselnd das Weinlich'sche
1143 4915 2174 4964 Frauen=Orchester und die Capelle des Regimentes Baron Rei⸗
1144 4954 2175 5003 schach; drunten im Saale klapperten Messer und Gabel,
1141 4992 2176 5041 klirrten Teller und Gläser, sprangen und krachten die
1141 5030 2174 5080 Korke in ohrenbetäubenden Dissonanzen. Scherze und Gespräche
2254 178 3281 226 nahmen nun Collectivformen an. Auf einer Tafel befand sich
2253 216 3284 265 ein prächtiges Vogelbauer, in welchem ein buntbefiederter künstlicher
2253 255 3283 304 Paradiesvogel saß und die herrlichsten Triller und Läufe pfiff;
2253 290 3283 343 die kunstvolle Nachbildung der Natur erregte vieles Aufsehen und
2251 333 3285 381 Heiterkeit. Noch später fand sich ein anderer, ganz besonderer Gast auf
2251 372 3284 418 den Tischen ein: Schaumwein aus Ohio, den Kellern der Firma Weck
2252 411 3281 459 and Sons in Cincinnati entnommen. Sparkling Catawba nennt
2251 450 3280 497 man diesen kostbaren Saft, einen in natürlicher Gährung befind⸗
2250 487 3280 535 lichen Wein, der dem Champagner ähnlich schmeckt, nur weit stärker
2249 526 3281 578 als dieser moussirt. Auch malt er rascher die Rosen auf die
2248 565 3281 610 Wangen und löst die Zunge schneller als der Perlenwein aus der
2249 603 3275 651 Champagne; denn noch war die zweite Flaschenbatterie nicht auf⸗
2249 643 3052 688 marschirt, da war die Fluth der Toaste losgelassen.
2322 681 3275 727 Zunächst erhob sich Professor Lawrence Smith, um die Be⸗
2246 719 3277 765 deutung des Tages auseinanderzusetzen, an welchem die Amerika⸗
2245 758 3278 803 ner allen Grund hätten stolz, zu sein und sich ihrer Nationalität
2245 796 3274 842 zu freuen. Lauter Beifall, Händeklatschen und Tücherwehen lohnten
2245 835 3274 880 die kraftvollen Worte des Redners; einzelne Kehlen dichteten förm⸗
2244 873 3273 920 liche Onomatopöen durch gewisse indesinirbare Naturlaute, welche
2243 912 3277 957 unsere festländischen Trommelfelle schwer ertragen, in amerikani⸗
2244 944 3276 998 schen Meetings jedoch die landesüblichen Beifallsbezeigungen sein
2243 982 3275 1037 sollen Jedenfalls gehören Ohren dazu, welche an die Brandung
2242 1022 2640 1068 des Oceans gewöhnt sind.
2318 1066 3270 1111 Dann sprach Mr. Jay, der amerikanische Gesandte an un⸗
2243 1104 3266 1149 serem Hofe, den Toast aus den Präsidenten der Republik, Ulysses
2244 1143 3263 1189 Grant. „England und Amerika,“ sagt der Redner, „haben durch
2245 1181 3268 1229 den Vertrag von Washington und durch das Genser Urtheil am
2242 1220 3274 1268 besten bewiesen, welche Vortheile es bringt, wenn zwei Völker auf
2241 1259 3274 1305 derselben Basis sich begegnen, gleichviel, ob sie republikanisch oder
2240 1297 3268 1342 monarchisch regiert sind.“ Auch den Worten des Gesandten
2239 1336 3271 1382 folgte reicher Beifall, worauf abermals Mr. Smith sich er⸗
2242 1374 3271 1420 hob, um einen kräftigen Toast auf Kaiser Franz Joseph auszu⸗
2241 1407 3272 1458 bringen, in welchen die Versammlung lebhaft einstimmte, die
2237 1445 3272 1497 Volkshymne, von der Capelle gespielt, theilweise mitsingend. Auf
2237 1490 3271 1536 dieser Trinkspruch antwortete Freiherr v. Gagern, worauf dann
2237 1527 3271 1575 honorable Charles Francis Adams aus Massachusetts sein Glas
2237 1565 3266 1612 abermals auf die Erinnerung an die Unabhängigkeits=Erklärung
2236 1604 3268 1656 Nordamerikas leerte. Ihm folgte Mr. Kiddro mit einem Toaste
2236 1643 3267 1688 auf die amerikanische Armee und die Marine. Freiherr v. Schwarz
2236 1680 3268 1729 trank auf die Ausstellung, Jackson Schultz auf Amerika und die
2235 1721 3267 1767 Ausstellung, Herr Lewis Seasongood aus Ohio auf das ameri⸗
2235 1759 3266 1806 kanische Vaterland, und zahlreiche andere Redner auf alle nur er⸗
2235 1800 2538 1838 denklichen Themata.
2310 1834 3266 1882 Die Schwüle des Saales und die auch noch im Kopfe moussi⸗
2233 1874 3259 1922 renden Schaumgeister aus Ohio drängten aus dem Saale in den
2235 1913 3264 1958 Garten, der brillant beleuchtet war und von dessen Orchester her
2239 1952 3265 1997 die Töne der Weinlich'schen Capelle erklangen. Hier erging
2234 1990 3264 2035 sich die Gesellschaft in der lauen Abendluft und thut es wol bis
2233 2024 3262 2073 zur Mitternachtstunde, in welcher wir unseren Bericht schließen.
2233 2064 3259 2112 Inzwischen tobte drin im Saale noch der Redesturm, bis Dr. A.
2232 2102 3261 2148 Ruppaner aus Newyork die Reihe der Toaste mit einem herz⸗
2233 2141 3260 2188 lichen Trinkspruche auf die Stadt Wien abschloß. Der Redner ist
2231 2180 3261 2226 jener Arzt, von welchem wir erst jüngst zu erzählen Gelegenheit
2232 2219 3260 2266 hatten, daß er ohne Unterbrechung in 24 Tagen die Reise von
2230 2258 3262 2307 hier nach Newyork und zurück wagte. Der Mann hat seine me⸗
2229 2297 3262 2345 dicinische Ausbildung in Wien genossen, und seine Rede überfloß
2229 2336 3256 2381 in dankbarem Andenken an die herrliche Wiener Studentenzeit.
2306 2375 3257 2424 Der Redner gab seinen Landsleuten eine gedrängte Skizze
2228 2414 3259 2459 von dem raschen, nicht geahnten Aufblühen unserer Stadt, und
2227 2447 3261 2500 pries insbesondere ihre Unterrichtsanstalten. „Nichts aus Europa
2228 2490 3261 2534 ist in Amerika so wohl bekannt“ — ruft der Redner — „als die
2228 2526 3261 2570 Wiener medicinische Facultät und ihr musterhaft eingerichtetes
2227 2557 3261 2609 Hospital, das einzig dasteht. Mit Stolz und mit Recht kann der
2227 2602 3256 2646 Wiener heute die Variante singen: „Seht nun meine Kaiserstadt,
2229 2639 3256 2687 seht mein neues Wien! Und so sei Wien ein herzliches Will⸗
2226 2680 3255 2729 kommen zugebracht; aus vollstem Herzen das fortwährende Blühen
2226 2718 3257 2769 seiner herrlichen Institutionen, sein stetiges Wachsthum und Ge⸗
2224 2763 2653 2804 deihen von uns gewünscht.“
2300 2794 3259 2845 Mit diesen für Wien so überaus sympathischen Worten klang
2224 2837 3254 2884 das Fest der Amerikaner aus; sie sind uns ein Beweis, daß das
2222 2875 3251 2920 Streben dieser Stadt bei den freien und deßhalb neidlosen Bür⸗
2223 2911 3249 2958 gern der amerikanischen Union die verdiente Anerkennung findet.
2220 2948 3165 2996 Darin liegt ein Sporn zu fortgesetzter, unablässiger Arbeit.
2464 3048 3007 3094 Communal=Zeitung.
2306 3106 3252 3149 [Die israelitische Cultussteuer.] Jüngst ist von
2222 3142 3250 3185 Zwistigkeiten gemeldet worden, welche wegen Erhebung der Cultus⸗
2221 3177 3244 3219 steuer zwischen der hiesigen israelitischen Cultusgemeinde und einiger
2222 3209 3253 3254 Gemeinde=Mitgliedern ausgebrochen sind, und daß gegen letztere, da
2221 3242 3252 3289 sie die Zahlung stets und entschieden verweigerten, die gesetzlichen
2219 3279 3251 3323 Zwangsmaßregeln angewendet wurden. Gegen die zu Gunsten der
2220 3314 3251 3357 israelitischen Gemeinde gefällte Magistrats=Entscheidung recurrirten
2220 3346 3252 3393 die Steuerverweigerer an die Statthalterei, und als hier das erste
2221 3380 3255 3427 Erkenntniß bestätigt wurde, brachten dieselben den Gegenstand zur
2221 3415 3254 3460 Austragung an das Ministerium für Cultus und Unterricht, um
2220 3449 3254 3494 eine principielle Entscheidung herbeizuführen. Das Ministerium hat
2220 3484 3254 3527 nun die von der Statthalterei ausgesprochene Bestätigung der Ver⸗
2220 3518 3252 3565 fügung des Wiener Magistrats als legal erklärt, „weil die Zahlungs⸗
2221 3552 3253 3598 pflicht der Betreffenden nach den §§. 3, 5 und 7 des zu Recht be⸗
2220 3586 3254 3633 stehenden Statutes der israelitischen Cultusgemeinde in Wien außer
2219 3621 3251 3669 Zweifel steht“. So lange dieselben Israeliten bleiben und in Wien
2221 3657 3252 3701 wohnen, gehören sie gesetzmäßig zur israelitischen Cultusgemeinde;
2221 3690 3253 3735 nur mit dem Austritt aus dem Judenthum hört die Gemeinde=An⸗
2220 3729 3203 3771 gehörigkeit auf.
2308 3765 3248 3812 [Bürgerrecht.] Das Bürgerrecht der Stadt Wien wurde
2219 3800 3251 3846 in der heute stattgefundenen Sitzung der zweiten Section verliehen
2220 3832 3250 3880 den Herren: Johann Sidor, Tapezierer: Joseph Neumann, Schön=
2221 3868 3250 3915 und Schwarzfärber; Joseph Tonar, Wagenlackirer; Johann Löwel,
2220 3901 3249 3951 Zuckerbäcker; Jacob Auerhahn und Heinrich Ritter, Kaffeesieder;
2221 3936 3250 3984 Anton Urban und Johann Molnar, Schuhmache; Anton Matausch,
2219 3970 3250 4020 Meßner; Joseph Fischer, Möbelhändler; Alexander Hauser, Federn⸗
2221 4006 3251 4054 schmücker; Johann Dirnberger, Maurermeister; Felix Altenberg,
2220 4040 3251 4088 Apotheker; Alois Nowak und Anton Rudolf, Schneider; Franz
2221 4072 3252 4123 Junk, Schnürmacher; Ernst Böhme, Drahtzieher; Karl Genszky,
2221 4108 3252 4157 Glaser; Leopold und Johann Schlögl, Fleischhauer; M. Ethofer,
2221 4154 2377 4188 Vergolder.
2307 4184 3250 4234 [Omnibus=Licenzen.] Die Statthalterei hat dem Ignaz
2223 4220 3250 4270 Haslinger, Stellfuhr=Inhaber in Korneuburg, Stellfuhr=Licenzen zur
2221 4252 3250 4304 Fahrt von Jedlersee nach Wien verliehen. Als Fahr=Route für
2220 4286 3248 4335 die Strecke Jedlersee=Floridsdorf=Zwischenbrücken=Wien und zurück
2221 4322 3249 4370 und der Fahrpreis für Wien=Jedlersee per Person und Fahrt 20 kr.,
2220 4356 3249 4405 für die Zwischenstation Floridsdorf '15 kr. und für Zwischenbrücken
2221 4390 3249 4437 12 kr. festgesetzt. — Ebenso wurde dem Paul Hasenöhrl zu Maria=
2220 4425 3248 4473 Lanzendorf eine neue Stellfuhr=Licenz mit der Route von Himberg
2221 4459 3248 4506 nach Wien (mit der Einstellung beim „goldenen Kreuz“, Wieden)
2221 4494 3248 4539 ertheilt. — Ferner wurde dem Gesuche der Neuen Wiener Omnibus=
2221 4527 3249 4574 Gesellschaft um Zulassung des Omnibusverkehres in
2221 4560 3247 4609 der Praterstraße dahin Folge gegeben, daß nur den zur Welt⸗
2221 4596 3247 4642 ausstellung verkehrenden Omnibuswagen die ausnahmsweise auf
2220 4630 3246 4678 den Fall der Thunlichkeit beschränkte Fahrt in der Praterstraße
2220 4666 3244 4711 unter der Bedingung gestattet wird, daß die Wagen über die Fer⸗
2221 4705 2584 4740 dinandsbrücke verkehren.
2305 4740 3243 4789 [Geschlossene Schule.] Die Schule am Albertsplatz,
2219 4776 3242 4826 Nr. 7, im Bezirke Josephstadt, wird wegen des verfügten Zubauet
2219 4815 2579 4854 am 15. Juli geschlossen.
2305 4861 3248 4909 [Komische Over.] Die Bauleitung der Komischen Ope⸗
2219 4896 3248 4946 hat ohne Genehmigung einige Abänderungen in der Baulinie vor⸗
2218 4931 3246 4979 genommen und der Magistrat hierauf diese Abänderung mit Geld⸗
2218 4966 3248 5015 strafen an den schuldtragenden Individuen geahndet. Die Bau⸗
2217 5000 3249 5047 section des Gemeinderathes hat der Ansicht des Magistrats bei
2217 5042 2351 5076 gestimmt.
