3346 5257
109 156 276 192 Nr. 3184
855 154 1120 197 Wien, Samstag
1402 156 1976 203 Neue Freie Presse.
2221 146 2451 184 5. Juli 1873
66 226 1092 274 rufen: „Wir haben es gewagt“. Sie haben allerdings den Zorn
65 265 1092 311 des Pan Dobrzanski auf ſich gelenkt, und auch das hieſige „Vater⸗
65 299 1093 350 land“ und der „Volksfreund“ haben es nicht an zarten Andeu⸗
65 339 1092 389 tungen fehlen laſſen, daß das ſelbſtſtändige Vorgehen der Juden
67 381 1093 427 Galiziens das Signal zu einer Judenhetze geben könnte. Das
67 418 1093 466 jüdiſche Central⸗Wahlcomité in Lemberg hat außer dem Wahl⸗
66 458 870 504 aufruf noch folgendes Actionsprogramm entworfen:
3053 139 3223 181 Seite 3
151 502 1094 541 1. Alle größeren Orte Galiziens und namentlich auch die in
65 535 1094 576 der Gruppe der Landgemeinden als Wahlorte bezeichneten Städte
64 571 1095 609 werden zu Händen der Cultusvorſtände mittelſt Circulärs von der
65 604 1094 645 Conſtituirung unſeres Central⸗Wahlcomités verſtändigt, und hieran
64 639 1094 679 die Bitte geknüpft, auf Grund der früheren Wählerliſten für den Land⸗
63 671 1094 714 tag und Gemeinderath über die Anzahl der ſtimmberechtigten Juden
63 709 1095 747 und deren Verhältniß zur Geſammtziffer der Wähler Bericht erſtatten.
149 744 1095 781 2. Die Cultusvorſtände und die zu beſtimmenden Vertrauens⸗
42 778 1095 815 männer der in der Reichsraths⸗Wahlordnung in der Gruppe der
62 811 1095 849 Städte aufgeführten Ortſchaften werden aufgefordert, Notablen⸗
63 845 1095 883 Wahlverſammlungen der Juden einzuberufen und Mitglieder für
62 880 1078 917 unſer Central⸗Wahlcomité, und zwar in folgender Anzahl zu wählen:
63 914 1095 952 a) die Städte Krakau und Brody je fünf Mitglieder; b) Tarnow,
63 948 1095 986 Rzeszow, Przemysl, Stanislau, Tarnopol, Kolomea und Drohobycz
62 979 1095 1021 je drei Mitglieder: c) Neu-Sandec, Bochnia, Jaroslau, Sambor,
63 1016 1095 1055 Stryj, Brzezany, Tysmienice, Buczacz und Zloczow je zwei Mitglie⸗
63 1051 1096 1089 der; d) Viala, Wieliczka, Grobek, Sniatyn je ein Mitglied. Ueber
63 1084 1095 1124 den Vollzug dieſer Wahlen iſt unter Bekanntgabe der Gewählten
63 1122 565 1155 dem Central⸗Comité zu berichten.
147 1153 1092 1192 3. Aufgabe dieſer auswärtigen Mitglieder des hieſigen Cen⸗
60 1187 1094 1225 tral⸗Wahlcomités iſt es, ebenſo in ihren Wohnſitzen, als auch in
63 1222 1094 1260 den benachbarten Wahlbezirken der Landgemeinden unſer Intereſſe
61 1256 1095 1295 im Auge zu behalten. Außerdem werden noch nach Einlangen der
62 1291 1095 1328 im erſten Punkte dieſes Programms erwähnten ſtatiſtiſchen Daten
62 1321 1095 1363 für die Wahlbezirke der Landgemeinden mit zahlreicher jüdiſcher
61 1359 1015 1397 Bevölkerung ebenfalls Mitglieder des Central⸗Comités beſtellt.
147 1394 1095 1431 4. Der Verkehr zwiſchen dem Lemberger Central⸗Wahlcomité
62 1423 1093 1466 und ſeinen auswärtigen Mitgliedern iſt zunächſt ein ſchriftlicher.
62 1457 1095 1500 Von allen wichtigeren Beſchlüſſen werden die auswärtigen Mitglie⸗
63 1496 1095 1534 der verſtändigt. Dieſelben können auch ſelbſtſtändige ſchriftliche
41 1527 1096 1569 Anträge einbringen, zu jeder Sitzung erſcheinen und Stimmrecht
62 1564 1095 1604 ausüben. In dringenden Fällen können die auswärtigen Mitglie⸗
62 1598 1095 1638 der auch zum Erſcheinen in Lemberg eingeladen werden. Ebenſo
63 1632 1095 1672 kann das Lemberger Central⸗Wahlcomité von Fall zu Fall Mitglie⸗
64 1671 512 1705 der in die Provinz entſenden.
148 1703 1094 1740 5. Die auswärtigen Mitglieder jener Orte, welche zuſammen
63 1736 1095 1775 Einen Wahlbezirk bilden, correſpondiren direct mit einander oder
63 1773 634 1809 durch das Lemberger Central⸗Comité.
140 1808 1094 1851 Die von der Gazeta Narodowa gebrachte Nachricht, daß die
64 1846 1094 1890 meiſten und hervorragendſten Mitglieder aus dem iſraelitiſchen
64 1884 1095 1928 Central⸗Wahlcomité bereits ausgetreten ſind, muß als vollſtändig
64 1923 1094 1966 erfunden bezeichnet werden. Nur Dr. Fried, deſſen Bemühungen
63 1961 1094 2005 um das Zuſtandekommen eines Compromiſſes mit dem polniſchen
64 2000 1094 2044 oſtgaliziſchen Central⸗Wahlcomité ſcheiterten, ſah ſich in Folge
63 2039 1094 2084 des Mißlingens ſeiner Beſtrebungen veranlaßt, dem Obmann
62 2076 1093 2120 Dr. Julius Koliſcher ſeinen Austritt aus dem iſraelitiſchen Co⸗
63 2116 1093 2160 mité anzuzeigen. Das Central⸗Comité wird ſich wol über dieſen
62 2154 1094 2198 nichts weniger als unerſetzbaren Verluſt zu tröſten wiſſen. Die
62 2192 1094 2235 undankbaren Glaubensgenoſſen des Herrn Dr. Fried haben bisher
63 2229 1095 2273 deſſen „Verdienſte“ nicht zu ſchätzen gewußt; vielleicht wird nun
61 2266 1093 2310 jetzt Herr Johann Dobrzanski dieſen neuen Vaterlandsretter mit
65 2306 448 2344 einem Mandat belohnen.
139 2340 1088 2386 Ueber den Gang der Wahlagitation in Dalmatien
63 2382 750 2424 wird uns aus Zara, 30. Juni, geſchrieben:
148 2425 1093 2463 Der Commis voyageur des clericalen ultra⸗nationalen Cen⸗
62 2460 1094 2500 tral⸗Wahlcomités, Dr. Klaic, iſt hieher zurückgekehrt. Gleich nach
65 2495 1095 2534 ſeiner Ankunft in Zara hielt das Central⸗Wahlcomité der Verfaſ⸗
66 2530 1096 2570 ſungsgegner eine mehrſtündige Conferenz in der hieſigen Citavnica
64 2566 1096 2604 ab, in welcher der national⸗clericale Parteiführer über die Thätig⸗
64 2599 1097 2638 keit und das Reſultat ſeiner Wahlagitations⸗Reiſe Bericht er⸗
64 2631 1096 2672 ſtattete. Da mit dem geheimen Wahlcirculär unſere Annexioniſten
64 2666 1095 2705 ein klägliches Fiasco erlebten, ſo einigten ſich die Conferenz⸗Mit⸗
65 2697 1096 2738 glieder dahin, die nationalen verfaſſungstreuen Candidaten und
63 2730 1107 2769 die italieniſchen Autonomanen energiſch zu bekämpfen und erſt nach
65 2764 1096 2802 Conſtituirung der Bezirks⸗Wahlcomités mit der Nominirung der
64 2795 1097 2836 Reichsraths⸗Candidaten vor die Wähler zu treten. Nachdem für
64 2834 1095 2872 die Candidatur des Archimandriten Gerotej Rovacevic keine An⸗
65 2869 1097 2908 hänger unter der Landbevölkerung der Bezirke Arbe, Pago, Selve,
63 2903 1097 2944 Zaravecchia, Obvodazko und Benkovac aufzutreiben waren, ſtellten
64 2940 1098 2980 unſere Wahlreform⸗Gegner für dieſen Reichswahlbezirk den Pfarrer
63 2973 1096 3015 Joſeph Kerſtic, Mitarbeiter des Narodni Liſt, als Candidaten auf.
64 3010 1099 3050 Doch wird auch dieſer nicht gegen den von der großen Majorität
65 3044 1099 3084 der Wähler getragenen Reichsraths⸗Abgeordneten Dr. Joſeph An⸗
64 3080 740 3128 tonietti durchdringen.
151 3136 1099 3179 Poisdorf, 3. Juli. [Orig.⸗Corr.] (Die Gemeinde⸗
65 3171 1098 3212 wahlen.) Die Gemeindewahlen, die am 1. Juli hier vollzogen
70 3208 1100 3249 wurden, fielen trotz der heftigſten Agitation von Seite der Clericalen
77 3243 1099 3281 u Gunſten des liberalen Bürgerthums aus. Es gab aber einen
1135 224 2166 264 heißen Kampf! Von 7 Uhr Morgens bis 5 Uhr Nachmittags ward
1135 260 2165 298 nur mit einer kleinen Zwiſchenpauſe beiderſeits gekämpft. Die Cle⸗
1135 294 2164 333 ricalen fühlten ſich ganz ſicher und betrachteten den neuen Ausſchuß
1136 329 2164 366 ſchon im vorhinein als ihre ausſchließliche Domäne. Hatte doch das
1136 361 2166 400 in Poisdorf beſtehende katholiſch⸗politiſche Caſino ſchon das vorige
1136 395 2165 435 und heurige Jahr unausgeſetzt für die Gemeindewahlen gearbeitet;
1136 428 2167 469 ja unmittelbar vor den Wahlen, nämlich Sonntag den 29. Juni,
1140 462 2166 503 kam der bekannte penſionirte Statthaltereirath Harrant hier
1137 500 2165 537 an, der ehemalige Stiftsrichter in Zwettl, welcher, eingedenk
1137 533 2166 572 der Wirkungen des weiland „Haslinger“ aus ſeiner dama⸗
1137 567 2165 606 ligen Praxis, denſelben bei einer Wählerverſammlung in
1138 601 2165 641 Zwettl als das beſte Recept für die Bauern anempfahl. Die
1138 635 2165 674 ſer Herr glaubte in Poisdorf einen beſonders ſtarken Druck auf
1138 666 2166 708 die bevorſtehenden Wahlen ausüben zu können — er wurde auch
1138 703 2164 743 ſpeciell von der hieſigen ſchwarzen Coterie dazu eingeladen — und
1138 739 2167 776 erzählte den Bauern von dem „großen Krach“, welchen die Liberalen
1139 772 2167 810 herbeigeführt hätten, daß deren Geld keinen Segen bringen konnte,
1137 806 2165 845 weil ſie nicht beten und an keinen Gott glauben und dergleichen mehr.
1138 836 2167 879 Jedoch verfingen auch dieſe Dinge nicht mehr bei den vernünftigen
1138 874 2167 912 Bauern, denn wie man bemerkte, verlieb ein großer Theil derſelben
1138 908 2167 947 mit großem Unwillen und noch vor Schluß der Verſammlung den
1139 944 2167 982 Saal. Herr Harrant möge daraus ſehen, daß er ſich ein andermal
1139 976 2166 1017 dieſe Mühe erſparen kann. Es iſt trotz des hier beſtehenden katho⸗
1139 1008 2167 1050 liſchen Caſinos bereits vergebens, gegen die Liberalen anzukämpfen,
1139 1042 2165 1083 die ihren Mittelpunkt im hieſigen Club haben, welchen die Mit⸗
1140 1076 2166 1118 glieder des Miſtelbacher Deutſchen Vereins aus Poisdorf und
1139 1114 2166 1153 Wetzelsdorf bilden und an deſſen Spitze das tüchtige Vereins⸗Aus⸗
1139 1148 2167 1186 ſchußmitglied Herr Scholz ſteht. Eine beſondere Rührigkeit bei der
1137 1182 2164 1221 Wahlagitation entwickelten die beiden Doctoren der Medicin v. Campi
1139 1217 1683 1255 und Spielmann (Vereinsmitglieder).
1216 1306 2165 1352 Krakau, 3. Juli. [Orig.⸗Corr.] (Die Polen als
1138 1345 2164 1390 Volkswirthe.) Unſere polniſchen Blätter leiern faſt täglich
1139 1384 2165 1429 ein und dasſelbe Lied: daß an der in Folge der Börſenkriſis
1139 1423 2165 1468 herrſchenden Geldcalamität einzig und allein die deutſchen Cen⸗
1139 1462 2165 1512 traliſten die Schuld tragen. Bezüglich der Mittel zur Abwen⸗
1138 1498 2166 1544 dung dieſes Zuſtandes gehen ſie jedoch völlig auseinander. Die
1138 1538 2166 1583 Clericalen meinen, Oeſterreich müsſe wieder „fromm“ werden und
1139 1578 2167 1622 treu zum Unfehlbaren halten; nur durch Syllabus und Concor⸗
1139 1616 2167 1661 dat könne das Reich wieder glücklich werden. Die soi-disant
1139 1654 2168 1699 freiſinnigen polniſchen Journale behaupten ihrerſeits, daß nicht
1139 1693 2167 1737 der Ultramontanismus, ſondern der Föderalismus Oeſterreich von
1139 1732 2167 1777 dem Abgrunde, an deſſen Rand es durch die Schuld der Ver⸗
1139 1771 2167 1815 faſſungspartei ſich befinde, zu retten vermöge. Das hieſige „De⸗
1137 1809 2168 1854 mokratenblatt“ brachte dieſer Tage einen Artikel, in welchem die
1137 1847 2169 1892 Regierung aufgefordert wird, ſtatt ſich in die Börſen⸗Angelegen⸗
1137 1886 2168 1930 heiten zu mengen, lieber den bereits conceſſionirten Eiſenbahnbau
1137 1924 2169 1970 in Galizien in Angriff zu nehmen, damit dem polniſchen Land⸗
1137 1962 2168 2009 volke Arbeit verſchafft und dem in Folge von Hungersnoth und
1137 2001 2167 2046 Krankheiten in Galizien herrſchenden Elende abgeholfen werde.
1137 2041 2169 2084 Eiſenbahnen können nun bekanntlich mittelſt hochtönender Phraſen
1137 2078 2169 2123 nicht gebaut werden. Dazu bedarf es des Geldes, das gegenwär⸗
1137 2116 2168 2165 tig knapp genug iſt. Darum aber kümmern ſich die polniſchen
1136 2154 2168 2201 Volkswirthe nicht. Wozu iſt die Regierung da, wenn ſie nicht
1137 2192 2169 2240 für Galizien in den großen allgemeinen Staatsſäckel greifen
1137 2230 2171 2277 mag? An dieſem haben ja die Polen, wie männiglich bekannt,
1137 2267 2169 2316 ein rührendes Intereſſe. Wenn es gilt, die Taſchen der Wiener
1136 2304 2170 2353 Deutſchen in Anſpruch zu nehmen, ſo iſt man hierzulande immer
1135 2345 2169 2392 bereit, denn Galiziens Kapitalien thun es freilich nicht. Hat
1137 2385 2167 2429 doch der galiziſche Laudesausſchuß das Anlehen von fünf Millio⸗
1137 2423 2166 2469 nen Gulden deßhalb nicht realiſtren können, weil die „Wiener“
1137 2461 2168 2510 dieſes Geſchäft aus Mißtrauen gegen die autonome Wirthſchaft
1138 2502 2169 2548 in Galizien zu machen keine Luſt hatten. Damit es aber der
1138 2540 2169 2587 Regierung ermöglicht wäre, das zum galiziſchen Eiſenbahnbau
1139 2581 2170 2624 erforderliche Conſortium aus Wiener Kapitaliſten zu ſchaffen,
1137 2619 2169 2661 muß früher der in Folge der Börſenkriſis entſtandenen Geldnoth
1139 2657 2170 2700 abgeholfen werden, und darum ſollten die Volkswirthe in Galizien
1138 2688 2169 2740 die Letzten ſein die gegen die diesbezüglichen Schritte des Finanz⸗
1137 2732 1386 2772 miniſters eifern.
1216 2801 2170 2851 Tarnopol, 2. Juli. [Orig.⸗Corr.] (Ein deutſches
1140 2841 2168 2886 Schulfeſt.) Zu Ehren des Directors der hieſigen iſraelitiſchen
1139 2876 2170 2925 Hauptſchule, Herrn Michael Perl, welcher am 13. d. M. ſeinen
1142 2920 2170 2966 ſiebzigſten Geburtstag begeht, findet hier an dem gedachten Tage
1142 2959 2170 3004 eine Schulfeierlichkeit ſtatt. Herr Perl iſt der würdige und ver⸗
1142 2998 2169 3042 dienſtvolle Sohn jenes Mannes, welcher im Jahre 1813 die erſte
1142 3037 2171 3083 deutſche Schule für Juden in Galizien hier gegründet und ſein
1143 3076 2170 3121 ganzes Leben hindurch für die Verbreitung der deutſchen Cultur
1143 3114 2170 3160 unter den galiziſchen Juden unermüdlich gewirkt hat. Den Kampf
1142 3149 2170 3198 mit der jüdiſchen Orthodoxie, den ſein Vater unerſchrocken aufge⸗
1142 3192 2168 3236 nommen, ſetzte Director Perl, der ſeit ungefähr vierzig Jahren
1144 3231 2170 3276 die iſraelitiſche Hauptſchule als Director unentgeltlich leitete, mit
151 3328 1097 3377 Mit dem fünften Jubeljahre (1450) treten wir in eine
66 3371 1095 3418 neue Welt ein. Die Kirche geht ihrer äußerſten Entartung,
67 3414 1096 3463 der Zeit eines Sixtus IV., eines Alexander VI., entgegen;
67 3457 1097 3505 die Menſchheit aber findet, wie umgewandelt durch Zauber⸗
66 3500 1096 3547 künſte und hingeriſſen durch unwiderſtehliche Reize, ihre volle
66 3544 1096 3591 Jugendſchönheit wieder. Perikles, der Olympier, wird in
66 3586 1097 3633 Lorenzo dem Erlauchten wiederlehren und die Hochzeit Ale⸗
65 3630 1096 3677 rander's mit Roxane von Sodomma's Meiſterpinſel zu einem
66 3674 1098 3719 Freudenfeſte für uns Spätgeborene ausgemalt werden. Das
68 3716 1097 3761 ewige Leben der Antike, das im Dunkel des Mittelalters
66 3759 1096 3804 nur erſchaut werden konnte, wie wir das Leuchten des Meeres
68 3802 1097 3849 erblicken in ſchwarzer Nacht, bricht mit aller Gluth der
68 3843 1098 3893 Morgenröthe zu Tage; es ergreift und verfolgt uns, wo
68 3888 1099 3934 wir ihm zu entrinnen ſuchen, es überragt uns um die Höhe
68 3930 1098 3977 wolkenbekrönter Alpenzinnen, wenn wir durch allen Fort⸗
68 3968 1098 4020 ſchritt der Zeiten uns ſeiner Größe längſt entwachſen glaubten.
70 4010 1098 4063 Wir mögen ihn glücklich preiſen, den alleinigen und echten
68 4053 1099 4106 Renaiſſance⸗Papſt Nikolaus V., der die Einnahme des Ju⸗
71 4096 1099 4149 biläums, Opfergaben und Mehrertrag der Zölle, eine —
70 4139 1099 4193 wie ſein humaniſtiſcher Biograph ſagt — beinahe unzähl⸗
71 4183 1100 4234 bare Summe Goldes und Silbers, auf Monumental⸗Bauten,
70 4225 1099 4278 Bücher⸗Abſchreiben, Anſtellung von Copiſten und Latiniſten
70 4269 1100 4321 und Ueberſetzern aus dem Griechiſchen, deren er ſtets ganze
71 4311 1100 4364 Schwärme auf ſeinen Reiſen mit ſich führte, zu verwenden
70 4355 1101 4406 wußte. Es mag ſein, daß der Ertrag eines Jubeljahres zu
71 4397 1102 4449 anderen Zwecken beſtimmt iſt; aber es bleibe unbeſtritten,
72 4440 1101 4493 daß ihn für Kunſt und Wiſſenſchaft auszugeben ſchöner iſt,
72 4481 1101 4536 als ihn für Baſtarde und Repoten aufzuſpeichern oder in
73 4527 814 4578 kriegeriſchen Unternehmungen zu verzetteln.
159 4577 1101 4628 Der Vorwurf, letzteres gethan zu haben, trifft mit
75 4617 1102 4671 ſchwerwiegender Wucht die beiden Päpſte, welche die noch
72 4660 1103 4713 ins Mittelalter fallenden Jubeljahre 1475 und 1500 ge⸗
75 4703 1103 4757 feiert haben: Sixtus IV. della Rovere, und Alexander VI.
74 4747 1105 4799 Borgia. Es ſind die Namen zweier Verbrecher, die ein
74 4789 1105 4843 heiliges Amt in frechſter Weiſe mißbraucht haben — der
75 4833 1106 4882 della Rovere's verdunkelt durch den Alexander's, welcher
75 4876 1105 4929 typiſch geworden iſt für die Bezeichnung des höchſten Grades
76 4918 1105 4971 den Verruchtheit, auf den eine Kraft, die das Böſe will und
76 4961 1106 5015 das Böſe ſchafft, ihren von Stellung und Umſtänden be⸗
77 5003 1106 5057 günſtigten Träger emporſchnellt. Wenn aber das Angedenken,
77 5046 1107 5101 das Sixtus IV. hinterlaſſen hat, einigermaßen gemildert
77 5090 1105 5142 wird durch das viel ſchlimmere, welches ſeinem zweitnächſten
1140 3322 2172 3370 Nachfolger geworden, ſo läßt ſich doch nicht verkennen, daß
1142 3366 2170 3412 beide Genoſſen im höchſten Hirtenamte und in ſeiner ge⸗
1141 3409 2171 3455 wiſſenloſen Ausbeutung einander werth waren. Dieſelbe
1140 3452 2171 3500 Hand, welche im Jubeljahre 1475 (durch Paul II. war
1141 3496 2170 3541 ſchon am 19. April 1470 die Jubiläumsfriſt auf fünfund⸗
1141 3538 2170 3585 zwanzig Jahre herabgeſetzt worden) den Segen urbi et orbi
1142 3581 2170 3628 ertheilte, hat die Fäden der Verſchwörung eingefädelt,
1141 3623 2170 3670 welche in dem mörderiſchen, während eines Hochamtes bei
1142 3666 2171 3716 Erhebung der Hoſtie verſuchten und halb gelungenen Atten⸗
1141 3702 2170 3757 tate auf Lorenzo den Erlauchten und ſeinen Bruder Ein⸗
1141 3751 2171 3799 liano gipfelte. Die wildeſte Einbildungskraft bebt vor dieſen
1142 3793 2171 3842 Schändlichkeiten zurück, und die Krönung des Ungeheuer⸗
1141 3836 2172 3884 lichen, des Unerhörten erfolgte durch Sixtus IV., indem er
1143 3880 2171 3929 diejenigen, die gegen ſeine Miſſethaten ſich zur Wehr ſetzten,
1142 3927 1553 3969 mit dem Banne belegte.
1227 3973 2170 4020 Auf der Schwelle zwiſchen Mittelalter und Neuzeit ward
1144 4017 2171 4064 es dem Papſte Alexander VI. beſchieden, die Chriſtenheit
1143 4060 2171 4109 aufzufordern, daß ſie zur Feier des fünfzehnhundertſten Jahres
1144 4102 2169 4154 des Heils nach Rom ſich von Sünden zu reinigen eile. Nach
1143 4140 2170 4194 Rom mit ſeinen niederdrückend großartigen Erinnerungen
1143 4190 2169 4237 und ſeiner damals entſetzensvoll grauenhaften Gegenwart!
1144 4232 2170 4281 Man ſträubt ſich, es zu faſſen, und begreift kaum, wie es
1144 4277 2170 4323 doch möglich geworden, daß die Menſchen einem Rufe aus
1144 4320 2170 4366 ſolchem Munde folgten. Dieſer Papſt, den ſeine gekrönten
1144 4362 2169 4409 Zeitgenoſſen, ein König Ferrante von Neapel. ein Ferdinand
1145 4405 2170 4450 der Katholiſche des ſchändlichſten, von Allen verabſcheuten
1145 4448 2171 4493 Wandels beſchuldigten, den ſein größter Nachfolger auf Sanet
1145 4491 2170 4537 Petri Stuhle durch eine Bulle (24. Januar 1504) als heuch⸗
1146 4534 2171 4578 leriſchen Räuber, der ſich an fremdem Gute ſättigt, brand⸗
1148 4576 2171 4622 markte; der Papſt, deſſen älteſter Baſtard durch ſeinen
1146 4619 2171 4666 zweitgebornen Bruder, wie ſich Rom inmitten des Jubel⸗
1146 4661 2171 4708 jahres erzählte, ermordet worden, deſſen Tochter Lucrezia
1149 4704 2173 4750 von dem Mörder, ihrem Bruder, dem ſein Vater willenlos
1148 4746 2174 4794 Alles gewähren und Alles verzeihen muß, zur Witwe ge⸗
1149 4791 2172 4837 macht wird — dieſer von einem furchtbaren Sohne zum
1149 4834 2175 4879 Werkzeug ſchrankenloſen Ehrgeizes benützte Greis als Führer
1150 4878 2174 4922 der Verirrten, als Retter der Büßenden aus der namen⸗
1150 4920 2175 4966 loſen Qual geängſtigter Gewiſſen, als Haupt der Kirche,
1150 4962 2176 5009 als Hüter des Heiligſten und Port des Gerechten! Er
1150 5005 2175 5053 feiert ein Jubeljahr, das Cäſar Borgia die Mittel ſchaffen
1149 5047 2176 5092 muß, ſeine Spießgeſellen fürſtlich zu entlohnen und ſeine
1148 5089 2176 5132 kaum begründete Herrſchaft in der Romagna durch Berrath
2208 219 3232 263 Ausdauer fort, obwol ſeit Beginn der Goluchowski'ſchen Aera die
2209 258 3232 308 hieſigen Organe der Regierung ſtets auf Seite der Orthodoxen
2209 298 3233 342 ſtehen und die deutſchgebildeten civiliſirten Iſraeliten ihres legiti⸗
2208 336 3240 380 men Einfluſſes auf die Gemeinde⸗ und Schulverwaltung thun⸗
2209 374 3235 417 lichſt zu entkleiden ſtreben. Daher iſt es begreiflich, daß Regie⸗
2209 412 3235 456 rung und Gemeindevorſtand die deutſche Hauptſchule der Juden
2208 450 3236 501 mit nicht beſonders günſtigen Augen anſehen und daß die Schule
2209 488 3235 533 nur der Opferwilligkeit ihres Directors ihr wachſendes Gedeihen
2209 527 3243 577 und ihre Vergrößerung verdankt. Namentlich iſt die vor ungefähr
2209 561 3234 610 zehn Jahren mit ihr in Verbindung gebrachte Mädchenſchule, die
2210 604 3237 647 auch auf die materiellen Verhältniſſe der armen jüdiſchen Bevöl⸗
2209 643 3233 687 kerung wohlthätig einwirkt, weil die Mädchen in den gut bezahl⸗
2209 681 3234 725 ten feinen weiblichen Handarbeiten unterrichtet werden, ganz das
2209 719 3234 762 Werk des Directors Perl und ſeiner nunmehr verſtorbenen Gat⸗
2210 758 3235 801 tin. Wir wünſchen aufrichtig, daß der um die deutſche Bildung
2209 797 3238 841 und Aufklärung der hieſigen Judengemeinde ſo hochverdiente
2209 834 3237 879 Mann, deſſen deutſche und ſtreng verfaſſungstreue Geſinnung ſich
2210 874 3238 917 auch während der vorherrſchenden polniſchen Strömung der letzten
2209 911 3239 956 Jahre gleichgeblieben iſt und die nun immer mehr zu Ehren
2211 943 3238 995 kommt, noch lange in der bisherigen Weiſe und mit dem bisheri⸗
2209 990 2879 1040 gen Erfolge fortwirke.
2287 1069 3238 1120 Innsbruck, 1. Juli. [Orig.⸗Corr.] (Zur Lage in
2209 1108 3239 1152 Wälſchtirol.*) Sie haben in jüngſter Zeit mehrere Corre⸗
2210 1147 3240 1196 ſpondenzen aus Wälſchtirol veröffentlicht, deren Zweck es war,
2210 1186 3239 1230 von dem Beſtehen einer liberalen verfaſſungstreuen Partei dort⸗
2209 1224 3238 1268 ſelbſt, welche den Reichsrath aus Anlaß der directen Wahlen be⸗
2209 1263 3239 1307 ſchicken will, Zeugniß zu geben. Geſtatten Sie daher auch ein⸗
2208 1301 3237 1345 mal einem Manne, der Wälſchtirol aus langjähriger Anſchauung
2208 1341 3240 1384 genau zu kennen glaubt, ſeine Anſicht über die Lage der dortigen
2207 1375 2644 1422 Verhältniſſe frei darzulegen.
2285 1423 3239 1470 Die ſogenannte liberale, beſſer geſagt die national⸗italieniſche
2208 1460 3241 1508 Partei in Wälſchtirol hat ſich bisher in der Abſtinenz⸗Poli⸗
2209 1500 3241 1546 tik, das heißt der Nichtbeſchickung des Tiroler Landtages gefallen.
2209 1537 3241 1585 Sie identificirte das ehemalige geiſtliche Fürſtenthum Trient, allen ge⸗
2211 1577 3242 1624 ſchichtlichen Thatſachen zum Trotze, kühn mit dem ganzen italieni⸗
2211 1611 3242 1662 ſchen Südtirol, bezeichnete deſſen Incorporirung in Tirol als einen
2211 1655 3243 1699 landesherrlichen Gewaltact und gewöhnte ſich; Wälſchtirol als ein
2210 1693 3241 1738 rein italieniſches Land „Trentino“ zu benennen, welches nach
2210 1732 3241 1777 der herrſchenden Anſicht beſtimmt war, dem Königreiche Italien
2211 1770 3243 1816 als reife Frucht in den Schoß zu fallen. Ueber die Nordgrenzen
2210 1803 3242 1853 dieſes Trentino ließen ſich die Parteiführer öffentlich nie beſtimmt
2210 1847 3243 1892 aus; ja, wer ihnen glauben wollte, mochte annehmen, daß ſie die⸗
2210 1887 3245 1931 ſelbe an die Sprachgrenze bei Salurn verlegen und großmüthig
2210 1926 3241 1969 darüber nicht hinausgehen wollten. Deſto ungenirter legte man
2210 1964 3243 2007 den Zukunfts⸗Mitbürgern in spe im Reiche Italien die Idee
2210 2002 3243 2046 klar, daß das Trentino bis auf die Haiden von Toblach und
2209 2042 3244 2083 Mals und auf den Brenner ſich erſtrecke, wie dies erſt vor weni⸗
2210 2081 3244 2122 gen Monaten noch ſeitenseines Trientiners in Liberi's
2210 2117 3242 2168 Buche: „L'Italia esposta agli Italiani“, geſchehen iſt. Wie geſagt,
2209 2157 3245 2201 die nationalen Wälſchtiroler gefielen ſich in der Abſtinenz⸗Politik
2209 2194 3245 2238 und prieſen dieſelbe, nämlich die Nichtbeſchickung des Innsbrucker
2210 2233 3245 2277 Landtages, als die denkbar größte politiſche Weisheit, welche
2209 2272 3245 2315 jemals in der Welt exiſtirte. Vergebens blickten die in die Min⸗
2210 2310 3246 2354 derheit gedrängten liberalen deutſchtiroliſchen Landtags⸗Abgeordneten
2210 2348 3244 2391 nach den angeblich liberalen Walſchtirolern aus, mit deren Hilfe
2209 2385 3244 2429 ſie manchen Streich der Clericalen hätten hindern oder abſchwä⸗
2210 2423 3236 2467 chen können; die nicht kamen, das waren die Liberalen Wälſchtirols
2209 2461 3247 2507 Nach ihrer Meinung mußte Oeſterreich zerfallen; wie hätten ſie
2210 2502 3246 2546 ſich dann im Parlament in Florenz darüber ſchämen müſſen, daß
2211 2541 3247 2584 ſie je mit den verhaßten Deutſchen in einer und derſelben politi⸗
2211 2582 2809 2624 ſchen Verſammlung zuſammengeſeſſen!
2287 2626 3246 2670 Das Jahr 1866 brachte einen entſcheidenden Umſchlag. Die
2211 2665 3247 2709 Abſtinenz-Politik trug bittere Früchte, indem ſie der bis dahin
2210 2703 3247 2746 nur im Keime vorhandenen clericalen Partei in Wälſchtirol auf
2211 2742 3246 2786 die Füße half und bewirkte, daß dieſelbe allmälig in den Land⸗
2210 2776 3248 2824 Wahlbezirken faſt überall ſiegte, ſo daß eine ganz anſehnliche Zahl
2211 2818 3248 2861 von clericalen Abgeordneten aus Wälſchtirol im Innsbrucker Land⸗
2211 2856 3248 2899 tage erſchien. Faſt noch ſchwerer wurde die nationale Partei durch
2211 2895 3249 2938 die Rückwirkung italieniſcher Staatszuſtände auf die Bevölkerung
2212 2933 3249 2977 in Wälſchtirol betroffen. Dieſe Zuſtände waren und ſind noch
2212 2971 3251 3016 durchaus nicht danach angethan, im Volke mit Ausnahme jener
2211 3011 3248 3055 Wenigen, welche bei einem Anfalle Wälſchtirols an Italien An⸗
2212 3050 3248 3093 wartſchaft auf Aemter und Würden hätten, den Wunſch nach der
2211 3088 3248 3134 Vereinigung mit Italien aufkommen zu laſſen. Dieſe beiden
2210 3125 3249 3174 Haupturſachen haben die Nationalen in Wälſchtirol veranlaßt,
2211 3166 3250 3211 eine Schwenkung vorzunehmen und ſich der erſtaunten Welt im
2296 3232 2732 3270 *) Von einem Deutſchtiroler.
2215 3317 3250 3364 und Geld auszudehnen; er muß ſich herbeilaſſen, den Aben⸗
2214 3360 3253 3407 teurern, e ſich in die Heerſchaar ſeines Sohnes einreihen
2214 3402 3252 3451 laſſen, fürddieſen Soldknecht⸗ oder Henkersdienſt die Abläſſe
2213 3446 3252 3492 zu verleihen, die an Bußübungen und Kirchengänge während
2214 3488 3252 3536 des Jubeljahres geknüpft waren; er muß es geſchehen laſſen
2214 3532 3253 3578 und findet kein Wort des Tadels, daß Cäſar ſeine Send⸗
2214 3576 3256 3623 linge nach Florenz ſchickt, um die Indulgenzgelder aus der
2214 3618 3257 3664 Jubiläumskaſſe zu beheben und ſie ſeiner Fieldkaſſe einzu⸗
2214 3662 3257 3707 verleiben. Gräßlicher aus der Art geſchlagen ſtellt ſich uns
2213 3704 3259 3750 das Papſtthum in dem wechſelvollen Verlauf ſeiner Ge⸗
2214 3746 3258 3794 ſchichte ſelten, vielleicht nie wieder dar, und man muß nur
2213 3790 3256 3836 ſtaunen, wie es nach ſolchen Schlägen, die es ſich ſelbſt zu⸗
2214 3832 3256 3880 gefügt, immer wieder verjüngt, gekräftigt und geſtählt ſich
2214 3877 3257 3923 aufrichtete, wie es nach Ausſtreuung einer solchen Saat
2213 3921 2864 3964 immer wieder goldene Früchte erntete.
2298 3969 3256 4016 Mit Alexander VI. und dem letzten Jubeljahr des
2213 4014 3253 4060 Mittelalters ſchließt eine Epoche der Papſtgeſchichte ab,
2213 4057 3256 4102 gegen deren Wiederkehr fortſchreitende Geſittung und das
2213 4099 3253 4145 läuternde Feuer der Reformation einige Sicherung geboten
2213 4143 3253 4189 haben. Was uns jedoch die Zukunft an Papſtgeſtalten
2214 4185 3253 4231 bringen wird, wer weiß es? Wer kann, ſelbſt vom recht⸗
2214 4229 3251 4275 gläubigſten Standpunkt ausgehend, vor dem ja die Erwäh⸗
2213 4273 3252 4318 lung frommer Seelenhirten oder reißender Wölfe im Schafs⸗
2212 4315 3251 4361 pelze mit Recht als freier Willensentſchluß der Gottheit
2213 4358 3248 4403 gilt, es vorausſagen wollen? Wenn wir den ſchrecklichen
2213 4402 3248 4449 Alexander mit dem neunten Pius vergleichen, nicht im Hin⸗
2213 4443 3246 4490 blick auf Charakter und Geſinnung, die ſie um Himmelsweite
2214 4487 3245 4532 auseinander hält, ſondern in Erwägung der Falzen ihres
2213 4530 3245 4575 Thuns, der äußeren Wirkſamkeit als weltliche Herrſcher —
2215 4572 3245 4618 iſt dann der Unterſchied ein in Wahrheit ſo großer? Beide
2214 4616 3246 4661 hatten ihres Glückes Schiff an Frankreich gekettet; dem
2216 4659 3244 4703 Einen ſollten die Franzoſen behilflich ſein, dauernd die Größe
2217 4696 3244 4745 ſeiner Familie zu gründen, dem Andern den irdiſchen Be⸗
2217 4744 3245 4789 ſitz der Kirche zu retten. Es war ganz Verſchiedenes, was ſie
2217 4787 3242 4831 wollten, wie es in der Natur ſo grundverſchiedener Männer
2216 4830 3240 4874 liegt, und ſie hatten ihre Hoffnung doch auf Eines und das
2216 4870 3242 4916 Nämliche geſetzt. Die Geſchichte hat Beide gerichtet, ohne
2218 4913 3243 4960 Rückſicht auf Schuld oder Seelenadel, auf Verworfenheit
2218 4955 3240 5001 oder Lauterkeit der Abſicht; denn ſie iſt wie das Fatum der
2219 4995 3239 5045 Alten, das auch nicht die Herzen prüft und ſchonungslos über
2219 5036 3237 5087 die hinwegſchreitet, welche die Wahrheit nicht erkannt haben
2217 5077 3195 5128 zur rechten Stunde und im rechten Sinn. M. Br.
