3346 5257
122 120 287 155 Nr. 3184
871 113 1139 152 Wien, Samstag
1435 115 2003 148 Neue Freie Presse.
2245 105 2473 141 5. Juli 1873
3098 105 3219 139 Seite 7
163 188 1118 231 [Einſpänner.] Von morgen den 5. Juli angefangen
77 223 1120 264 wird die Zahl der an den Bahnhöfen aufgeſtellten Einſpänner auf
80 259 708 299 Wunſch dieſer Genoſſenſchaft vermindert.
163 307 1122 349 [Lebensmittelpreiſe.] Die heutigen Wochenmärkte
78 342 1121 381 waren von den Landleuten gut befahren; die Conſumenten erſchie⸗
78 377 1122 414 nen desgleichen ſehr zahlreich, und ſind einige wichtigere Artikel
78 411 1121 451 im Preiſe geſtiegen, andere wurden billiger. Es wurden verkauft:
78 446 1122 483 Erdäpfel auf dem Obſtmarkte fl. 2 per Büttel und 4—7 kr. per
77 479 1123 519 Pfund; Kirſchen 80 kr. bis fl. 1.10 per Büttel und 10—20 kr. per
78 514 1122 552 Pfund; Marillen 40 kr., Johannisbeeren 20—25 kr., Reineclauden
78 548 1122 586 14—16 kr., Birnen 15—20 kr. per Pfund; Erdbeeren 8—15 kr.,
80 582 1113 624 Himbeeren 30—50 kr. per Körbchen; Kohl 2—5 kr., Blumenkohl
80 616 1121 656 10—40 kr., Kohlrüben 1—3 kr., Gurken 2—12 kr., Salat 1—4 kr.
78 650 1121 690 per Stück; Paradeisäpfel 20—25 kr. per Pfund; grüne Erbſen
79 684 1123 724 10—25 kr. per Seitel; Spargel 30—80 kr. per Bund; Zwiebel
79 718 1121 759 5—6 fr., Knoblauch 6—8 kr. per Pfund. Eier 38—42 Stück für
80 753 1122 792 1 fl.: Butter in der Groß⸗Markthalle 50—72 kr., auf den anderen
80 786 1121 828 Märkten 64—80 kr., Topfen 14—20 kr. per Pfund: Rahm 32 bis
80 821 1121 864 48 kr. per Maß; Hühner 80 kr. bis fl. 1.10 per Paar; Guten 60
81 855 1121 896 bis 80 kr., italieniſche fl. 1.20, Gänſe fl. 1.50—1.60 per Stück;
80 889 1118 931 Linien fl 1.10—1.15, Erbſen fl. 1.10—1.15, Bohnen 75—85 kr.
79 921 1122 966 per Achtelmetzen: gedörrte Zwetſchken 16—22 kr., Powidl 16 bis
80 956 1123 999 24 kr per Pfund. Auf dem Fiſchmarkte koſteten Karpfen 60—70 kr.,
80 988 1122 1032 Hechte 80 kr. bis fl. 1.20, Schaiden fl. 1—1.20, Schiele fl. 1—1.20,
81 1025 1122 1068 Stierlen fl. 1—1.20, Rheinlachſe fl. 3.50 bis fl. 4 per Pfund: Krebſe
80 1066 699 1108 2—7 kr. per Stück.
404 1127 789 1165 Lokalbericht.
168 1177 1124 1219 [Mißverſtändniß.] Geſtern nach 9 Uhr Abends wurde
81 1211 1121 1252 in Währing, in dem abgelegenen Bockgäßchen, ein Schuſterjunge,
81 1246 1124 1286 welcher im Auftrage ſeines Meiſters eine Partie Leder nach Hauſe
82 1280 1124 1323 zu tragen hatte, von einem Manne unter dem Vorwande, daß der
82 1314 1124 1356 Junge wahrſcheinlich das Leder geſtohlen habe, feſtgenommen und
82 1349 1124 1390 ihm mit Arretirung gedroht. Der Junge, mit den bezüglichen Rech⸗
82 1383 1124 1425 nungen der Lederhandlung verſehen, legitimirte ſich unter lautem
82 1414 1124 1457 Weinen vollſtändig, allein der Mann wollte den Jungen nicht los⸗
83 1451 1124 1493 laſſen und denſelben über die Türkenſchanze auf das Commiſſariat
85 1485 1125 1525 Döbling führen. Eine große Anzahl von Menſchen ſammelte ſich an,
83 1519 1124 1561 nahm Partei für den zagenden Jungen und hielt den Mann,
85 1552 1125 1593 in welchem man einen Gauner vermuthete, feſt. Endlich nach einer
84 1588 1124 1626 halben Stunde erſchienen Sicherheitsmänner und brachten den An⸗
85 1622 1125 1668 haltenden, ſowie den Lehrjungen auf das Commiſſariat. Daſelbſt
83 1656 1124 1698 entpuppte ſich Erſterer als der proviſoriſche Sicherheitswachmann
82 1691 1119 1728 Willibald Tſchörner. Derſelbe hat wahrſcheinlich in beſter Abſicht,
87 1727 711 1766 jedenfalls aber wenig tactvoll gehandelt.
168 1767 1125 1807 [Raub.] Der Telegraphen⸗Beamte Anton Lotocki wurde heute
81 1803 1123 1841 Nachts 2 Uhr auf dem Paradeplatze von zwei unbekannten Gaunern
85 1836 1062 1876 überfallen und ſeiner aus 52 fl. beſtehenden Barſchaft beraubt.
169 1878 1126 1918 [Ein übler Scherz.] Der Taglöhner Emerich Visvary
83 1914 1127 1951 wurde geſtern Nachmittags von zwei Kameraden, den Taglöhnern
82 1946 1127 1985 Joſeph Androvits und Johann Sokol, „ſcherzweiſe“ über eine zwei
82 1981 1125 2020 Klafter hohe Stiege hinabgeſtoßen, wodurch der Unglückliche einen
82 2019 509 2054 Bruch des Rückgrates erlitt.
168 2058 1127 2097 [Verbrennung.] Geſtern Nachmittags ſpielte die fünf⸗
82 2090 1126 2131 jährige Tochter des Glasſchleifers Albert Singer am Ufer des
82 2128 1127 2164 Alſerbaches. Durch eine unvorſichtig weggeworfene brennende
84 2162 1127 2199 Cigarre geriethen die Kleider des Kindes in Brand. Obwol man
86 2195 1126 2231 denſelben ſofort zu unterdrücken ſuchte, erlitt das Mädchen doch
83 2230 548 2266 lebensgefährliche Verletzungen.
168 2268 1127 2305 [Gaunerſtreich.] Der zehnjährige Schuhmacherlehrling
82 2302 1127 2339 Rudolph Leiter wurde geſtern Abends von ſeinem Lehrherrn mit
82 2335 1126 2372 einem Betrage von 24 fl. in die Leopoldſtadt geſendet, um dort
85 2370 1126 2407 Einkäufe zu beſorgen. Unterwegs geſellte ſich zu dem Knaben der
82 2403 1123 2444 Militär⸗Urlauber Haſching, nahm ihm auf gewaltſame Weiſe das
88 2437 673 2478 Geld ab und ergriff damit die Flucht.
175 2482 1129 2522 [Flüchtige Betrüger.] Vom hieſigen Landesgerichte wer⸗
87 2517 1130 2558 den der Spediteur Johann Nitzky, Weihburggaſſe Nr. 10 wohnhaft
84 2550 1129 2593 geweſen, und der Private Moriz Groß, wegen Verbrechens des Be⸗
85 2589 1130 2628 truges verfolgt. Die Genannten ſind im Mai l. J. aus Wien flüch⸗
90 2625 290 2660 tig geworden.
175 2662 1131 2700 [Unglücksfälle.] Der Fabriksarbeiter Joſeph Oberauer
83 2694 1129 2734 wurde geſtern Abends im Walzwerke in Zwiſchenbrücken von einem
81 2726 1129 2766 Wagen an die Wand gedrückt und hiebei lebensgefährlich verletzt.
85 2758 1129 2800 Der Verunglückte wurde ins Spital der Barmherzigen Brüder ge⸗
85 2794 1127 2833 bracht. — Der Brauergehilfe Franz Bendich fiel am 2. d. im Schwe⸗
86 2830 1130 2878 chater Brauhauſe durch den Auſzug in einen mehrere Klafter tiefen
88 2867 829 2905 Keller und erlitt dadurch tödtliche Verletzungen.
174 2910 1130 2949 [Verhaftungen.] Der Kutſcher Anton Trimmel wurde
84 2944 1131 2986 heute Vormittags verhaftet, weil er der Bäckermeiſterswitwe Thereſia
84 2982 1130 3021 Schmidt, Thereſianumgaſſe wohnhaft, vor einigen Tagen einen Be⸗
83 3018 1131 3057 trag von 112 fl. veruntreut hatte. — Der Platzmeiſter Moriz Stößel,
84 3048 1131 3091 welcher vor einigen Wochen dem Eiſenhändler Joachim Süß, Otta⸗
84 3085 1131 3125 kringerſtraße Nr. 100, Eiſen im Werthe von 100 fl. ſtahl, wurde
87 3120 322 3158 heute verhaftet.
155 3160 1131 3200 [Ein reiſender Hochſtapler.] Wie man uns mittheilt,
88 3194 1131 3235 treibt ſich gegenwärtig ein Hochſtapler unter dem Namen „Mar⸗
87 3231 1130 3270 ſchallkowicz Wladislaw Baron v. Billewicz“ mit falſchem Paſſe in
85 3266 1126 3303 verſchiedenen Städten des Continents, beſonders in Deutſchland und
85 3300 1127 3338 in Ungarn herum, überall Schwindeleien verübend. Der Gauner, der
84 3334 1126 3373 ſich auch den Namen Waldemar Gordwein beilegt, gibt an, ruſſiſch⸗
86 3368 1128 3408 polniſcher Emigrant zu ſein. Billewicz, dem außer Betrügereien
85 3402 1127 3442 auch Diebſtähle zur Laſt fallen, iſt 30 Jahre alt, mittelgroß und
83 3436 1125 3477 ſpricht mehrere Sprachen. Seine Photographie kann bei den Poli⸗
85 3472 1128 3512 zei⸗Directionen in Königsberg, Dresden, Wien und Preßburg ein⸗
87 3509 324 3546 geſehen werden.
175 3547 1131 3587 [Sterblichkeits⸗Wochenbericht.] In der mit dem
87 3583 1131 3622 21. Juni abgelaufenen 25. Jahreswoche waren in Wien unter
87 3616 1131 3658 dem Civile, mit Ausſchluß der im Gebär⸗ und Findelhauſe verſtor⸗
85 3648 1130 3693 benen Kinder, 395 Perſonen (gegen 388 in der Vorwoche) geſtorben;
87 3686 1131 3726 davon 257 zu Hauſe und 138 in den Spitälern; 361 hatten in Wien
87 3721 1131 3762 gewohnt, 34 waren aus der Umgebung und zugereiſt. Zunahme gegen
88 3755 1130 3796 die Vorwoche wird für folgende wichtigere Krankheiten verzeichnet:
88 3788 1130 3830 Lebensſchwäche (von 16 auf 26), Typhus (von 7 auf 9), Maſern
88 3822 1131 3864 (von 3 auf 4), brandige Bräune (von 1 auf 3), Hirn⸗ und Hirn⸗
87 3857 1131 3898 haut⸗Tuberculoſe (von 9 auf 13), Magen⸗ und Darmkatarrhe (von
88 3893 1130 3933 22 auf 27), organiſches Gefäß⸗ und Herzleiden (von 14 auf 15)
88 3925 1131 3966 und Nieren⸗Entartung (von 4 auf 10); dagegen Abnahme: Alters⸗
87 3961 1132 4004 ſchwäche (von 22 auf 18), Kindbettfieber (von 4 auf 2), Schlag⸗
86 3994 1132 4037 fluß (von 9 auf 5), Blattern (von 22 auf 20), Scharlach (von 6
89 4028 1133 4072 auf 5), Keuchhuſten (von 3 auf 2), häutige Bräune (von 3 auf 1),
89 4062 1131 4107 Lungentuberculoſe (von 102 auf 101), Entzündung der Athmungs⸗
90 4096 1131 4142 organe (von 49 auf 37) und Tod in Folge von Verunglückung
94 4132 1132 4177 (von 7 auf 6). Derſelben Ziffer wie in der Vorwoche begegnen
93 4164 420 4203 wir für Ruhr mit 0.
145 4209 1131 4254 [Beſtrafte Kutſcher.] Im Monat Mai wurden von der
96 4238 1131 4286 k. k. Polizei⸗Direction 841 Kutſcher und Eigenthümer öffentlicher
90 4276 1130 4322 Perſonen⸗Lohnfuhrwerke beſtraft, und zwar: wegen Taxüberſchrei⸗
91 4312 1131 4355 tung: 6 Fiaker⸗ und 8 Einſpänner⸗Eigenthümer, 8 Fiaker⸗ und 13
91 4346 1129 4390 Einſpänner⸗Kuttcher; wegen Fahrtverweigerung: 2 Fiaker⸗ und
89 4376 1130 4425 5 Einſpänner⸗Eigenthümer, 6 Fiaker⸗ und 10 Einſpänne⸗Kutſcher;
90 4414 1130 4460 wegen Trunkenheit, Exceſſes und groben Benehmens: 3 Fiaker⸗
92 4448 1128 4496 und 7 Einſpänner⸗Eigenthümer, 7 Fiaker⸗, 18 Einſpänner⸗, 6 Stell⸗
91 4482 1128 4532 wagen⸗Kutſcher und 1 Stellwagen⸗Conducteur; wegen Uebertretung
91 4512 1130 4561 des §. 430 des Strafgeſetzes und Abſentirung vom Wagen: 16
96 4529 1134 4597 Fiaker⸗, 12 Einſpänner⸗Eigenthümer, 29 Fiaker⸗, 37 Einſpänner⸗,
92 4563 1135 4632 3 Stellwagen⸗Kutſcher und 1 Tramway⸗Kutſcher; wegen ſonſtiger
94 4596 1134 4663 Ausſchreitungen: 201 Fiaker⸗, 176 Einſpänner⸗Eigenthümer und 12
94 4655 1129 4696 Stellwagen⸗Inhaber, 103 Fiaker⸗, 120 Einſpänner⸗, 25 Stellwagen⸗
93 4688 1128 4734 und 19 Tramway⸗Kutſcher, 22 Stellwagen⸗ und 10 Tramway⸗Con⸗
97 4718 1127 4770 ducteure. Nebſtbei wurde ein Kutſcher mit dem Fahrverbote belegt.
313 4793 905 4842 Theater⸗ und Kunſtnachrichten.
858 4853 1094 4895 Wien, 4. Juli.
170 4873 1130 4938 [Burgtheater.] Das Burgtheater hat heute eine Kleinig⸗
94 4913 1129 4977 keit von Bauernfeld zum erſtenmale geſehen. Es iſt „Der
101 4964 1127 5015 Alte vom Berg“, Schauſpiel in einem Aufzuge. Der Ver⸗
101 5003 1127 5054 faſſer führt uns einen Mann vor, der durch unglückliche Liebe
101 5041 1125 5089 Peſſimiſt geworden und durch das Wiederfinden ſeiner todtgeglaub⸗
1165 181 2196 224 ten Tochter von ſeiner Schwarzſeherei gehellt wird. Das kleine
1165 220 2196 264 Stück macht keinen ganz reinen Eindruck; es ſchwankt unentſchie⸗
1166 259 2196 301 den zwiſchen Ernſt und Scherz, es fehlt ihm an Haltung und
1167 297 2197 340 Styl. Von den Herren Lewinsky und Baumeiſter wurde
1167 336 2205 379 das Stückchen ganz löblich gegeben und vom Publicum. freundlich.
1169 375 2015 417 aufgenommen. Der Verfaſſer wurde dreimal gerufen.
1242 420 2200 464 — Morgen Samſtag findet im Hofoperntheater
1170 459 2199 501 ſtatt der angekündigten Vorſtellung von „Romeo und Julie“ die
1173 499 1731 540 Aufführung der „Afrikanerin“ ſtatt.
1243 544 2199 586 — In der Zaytz'ſchen Operette „Mannſchaft an Bord“,
1165 583 2199 625 welche morgen Samſtag im Carltheater zu einigen anderen Piecen
1165 616 2198 665 gegeben wird, ſind die Damen Link und Ida Jäger beſchäftigt.
1170 660 2058 703 Herr Eppich wird zum erſtenmale den Piffard ſingen.
1240 706 2197 748 — Die Herren Berla und Millöcker haben ein großes
1165 744 2201 785 Quodlibet beendet, welches demnächſt im Theater an der Wien
1166 778 2200 826 unter dem Titel „Theatraliſche Weltausſtellungs⸗Träume“ in
1166 823 1435 866 Scene gehen ſoll.
1243 867 2199 911 — Die diesjährige ſatzungsmäßige Sommer⸗Liedertafel des
1166 907 2200 950 Männergeſang⸗Vereines findet unter der Leitung der
1168 946 2199 988 Chormeiſter Rudolph Weinwurm und Eduard Kremſer Mittwoch
1166 984 2199 1026 den 16. Juli in Schwender's Park „Neue Welt“ in Hietzing
1166 1022 2196 1066 ſtatt. Bei demſelben wird unter Anderm die Polka „Liebesglück“
1166 1062 1890 1104 von Kremſer zur erſten Aufführung gelangen.
1245 1107 2201 1151 — Zum Beſten der hier beſtehenden Unterſtützungs⸗Geſell⸗
1167 1146 2200 1188 ſchaft für mittelloſe in Wien lebende Franzoſen wird nächſten
1171 1184 2201 1228 Montag eine muſikaliſch⸗declamotoriſche Akade⸗
1169 1222 2200 1265 mie im Reſidenz⸗Theater ſtattfinden. Die Chanſonnettenſängerin
1169 1261 2198 1303 Mademoiſelle Theo (welche für das Gaieté⸗Theater Offenbach's
1167 1300 2201 1345 engagirt iſt) und einige andere franzöſiſche Kunſtkräfte werden bei
1169 1341 1615 1383 dieſer Vorſtellung mitwirken.
1243 1386 2079 1430 — Wir erhalten das folgende Epigramm zugeſendet:
1439 1435 1927 1467 Den Wiener Kritikern.
1405 1475 1965 1514 Wer bös von eurem Tadel ſpricht,
1404 1512 1911 1546 Dem könnt zum Troſt ihr ſagen:
1408 1544 1986 1582 Die ſchlecht'ſten Weſpen ſind es nicht,
1406 1580 1852 1615 Die an den „Birnen“ nagen.
1203 1620 1372 1660 Leipzig.
1771 1620 2169 1660 Wilhelm Buchholz.
1372 1695 1998 1744 Jubiläum in Heſſen⸗Darmſtadt.
1447 1746 1947 1776 (Orig.⸗Corr. der „Neuen Freien Preſſe“.)
1943 1774 2168 1811 — Ende Juni.
1247 1814 2201 1859 Die Feier der ſilbernen Hochzeit des Großherzogs mit dem
1171 1853 2203 1903 Lande ging im Weſentlichen ganz innerhalb des Nahmens von
1169 1892 2203 1935 ſtatten, den ich Ihnen in meinem letzten Berichte aufgezeichnet,
1169 1930 2202 1974 nur daß dem Feſte der angekündigte Glanz zweier Kaiſerkronen
1169 1968 2203 2012 nicht zu Theil ward, indem der deutſche Kaiſer durch ſein Unwohl⸗
1172 2008 2202 2051 ſein verhindert war, bei dem Feſte in Perſon zu erſcheinen, und
1173 2045 2203 2090 an ſeiner Stelle ſein Sohn zur Beglückwünſchung des Jubilars
1171 2083 2201 2128 erſchien. Auch die Schweſter des Großherzogs, die Kaiſerin von
1171 2121 2203 2167 Rußland, konnte aus gleichem Grunde erſt post festum aus
1169 2160 2203 2205 Italien auf dem Boden der Heimat eintreffen, wo ſie jetzt auf
1169 2199 2202 2243 dem reizenden Landſitze ihres anderen Bruders, des Prinzen
1170 2236 2203 2286 Alexander von Heſſen, dem Heiligenberge bei Jugenheim, an der
1172 2273 2203 2322 Bergſtraße, ihre Lieblings⸗Sommer⸗Villeggiatur hält. Ihr Gemal,
1170 2312 2204 2359 der Czar, brachte bei der Galatafel im Schloſſe den Toaſt auf
1169 2350 2202 2397 den Jubilar aus. Von fürſtlichen Gratulanten waren ſonſt noch
1171 2391 2201 2436 am 17. Juni in der heſſiſchen Reſidenz erſchienen: der Groß⸗
1171 2429 2202 2476 herzog von Baden, Erzherzog Ludwig Victor (nach anderer Lesart
1171 2470 2202 2514 Karl Ludwig) für den Kaiſer von Oeſterreich, Prinz Luitpold von
1172 2510 2203 2554 Baiern für den König dieſes Landes, Prinz Hermann von Wei⸗
1173 2550 2203 2593 mar für den König von Würtemberg ꝛc. Die Feier war, von
1174 2589 2204 2637 ſchönem Wetter begünſtigt, eine im ganzen Lande um ſo herzlichere,
1173 2627 2204 2671 als der hohe Herr in ſeinen alten Tagen noch ehrlichen Frieden
1172 2664 2204 2707 gemacht hatte mit ſeinem Volke; die Wogen der Feſtfeierlichkeiten
1172 2700 2204 2746 gingen natürlich in der Reſidenz am höchſten. Ihre weiten ſtatt⸗
1172 2736 2203 2785 lichen Straßen waren aufs ſchönſte geſchmückt, und die Abgeord⸗
1172 2775 2203 2823 neten des ganzen Landes hatten ſich dort zuſammengefunden, dem
1172 2813 2202 2862 Großherzoge ihre Glückwünſche und Gaben darzubringen. Das
1172 2853 2202 2900 darunter figurirende Album mit photographiſchen Anſichten aus
1172 2892 2203 2937 dem Großherzogthume war ein Unicum von Pracht und künſt⸗
1174 2931 2203 2979 leriſchem Geſchmacke, das Erzeugniß einer der renommirteſten
1173 2970 2203 3017 Albumfabriken Offenbachs: die Deckel des Albums mit grünem
1174 3010 2204 3056 Sammt bekleidet und aufs reichſte mit Silber beſchlagen; der
1174 3049 2204 3095 obere Deckel enthielt in einem Lorbeerkranze von getriebe⸗
1175 3089 2204 3134 nem Silber die Widmung. Das aufgeſchlagene Buch zeigte
1174 3128 2204 3172 nächſt dem Titelblatte drei Blätter mit bildlichen Dar⸗
1173 3167 2203 3211 ſtellungen, die drei Provinzen des Landes ſehr ſinnreich
1173 3206 2203 3249 ſymboliſirend: Starkenburg durch Induſtrie und Handel,
1173 3244 2203 3287 Rheinheſſen durch Schifffahrt und Weinbau, Oberheſſen durch
1172 3284 2205 3326 Univerſität und Landwirthſchaft. Das Hoftheater⸗Perſonal brachte
1173 3322 2204 3366 ſeinem hohen Gönner einen kunſtvoll gemalten Schild mit einem
1174 3360 2204 3405 photographiſchen Gruppenbilde ſämmtlicher Bühnen⸗Angehörigen
1173 3399 2204 3444 dar. Die dem Fürſten namens des Landes ferner dargebrachte
1172 3438 2204 3483 Stipendium⸗Stiftung erreicht bis jetzt bereits einen Betrag von
1173 3477 2204 3526 über 22,000 fl., wozu die Firma von Cornelius Heyl in Worms (die
1173 3516 2202 3559 renommirte Lacklederfabrik) für ſich allein die Summe von 1000 fl.
1174 3555 2203 3598 beiſteuerte. Die beiden Darmſtädter Banken haben weiter gemein⸗
1174 3593 2205 3640 ſam zur Feier dieſes Tages 20,000 fl. zu Stipendien für das
1173 3631 2204 3677 Darmſtädter Polytechnicum geſtiftet, und die Heſſiſche Ludwigsbahn
1174 3670 2204 3712 endlich hat dem Monarchen eine kleine, in Gold und Silber aus⸗
1174 3709 2206 3753 geführte, reich mit Edelſteinen beſetzte Locomotive überreichen laſſen,
1174 3747 2205 3791 welche, durch einen ſinnreichen Mechanismus getrieben, einen eben⸗
1174 3780 2205 3830 falls ſehr geſchmackvollen Cigarrenwagen zieht. Zur Feſtparade,
1173 3824 2205 3867 welche General v. Boſe abnahm, war der größte Theil der heſ⸗
1174 3863 2205 3908 ſiſchen Diviſion auf dem Darmſtädter Marsfelde vereinigt. Die
1174 3896 2205 3947 Feſtvorſtellung Abends im Theater wurde durch einen Prolog mit
1175 3939 2205 3984 lebenden Bildern aus der heſſiſchen Geſchichte eingeleitet, welchen
1173 3978 2204 4024 Hoftheater⸗Director Dr. Julius Werther verfaßt hatte und auch
1175 4018 2205 4063 ſelbſt zum wirkungsvollen Vortrage brachte; ihm folgte Weber's
1178 4056 2206 4103 „Euryanthe“, eine Vorſtellung, welche durch die Mitwirkung der
1174 4094 2206 4143 Frau Mallinger und der Herren Betz und Nachbaur zu einer
1175 4135 2206 4177 wahrhaft glänzenden und der beſten Traditionen der Darmſtädter
1174 4172 2206 4219 Hofbühne würdigen geſtempelt wurde. Die ſchönſte Beigabe aber
1176 4212 2205 4255 erhielt dieſe Jubiläumsfeier durch eine in jenen Tagen im
1174 4250 2203 4295 Beſſunger Hofgarten (einer Perle der Nococo⸗Gartenbaukunſt) durch
1174 4288 2205 4334 die Herren Hof⸗Garten⸗Director Geyger und Hof⸗Garten⸗Ingenieur
1178 4328 2206 4373 Siesmayer arrangirte Roſenausſtellung, ſo einzig großartig in ihrer
1173 4367 2204 4412 Art (war ſie doch ſogar bis von Sachſen und Belgien her be⸗
1174 4405 2206 4449 ſchickt), wie Deutſchland wol kaum noch eine geſehen. Sie war
1173 4443 2204 4487 denn auch von Tauſenden aus Darmſtadt und ſeiner näheren und
1174 4482 2205 4526 ferneren Umgebung beſucht. Der bei ſolchen feſtlichen Anläſſen
1172 4516 2205 4563 übliche Ordens⸗Sternſchnuppenfall iſt denn natürlich auch in Darm⸗
1174 4559 2204 4604 ſtadt nicht ausgeblieben; doch war die Richtung, in der er theil⸗
1173 4598 2204 4645 weiſe niederging, bezeichnend für die Thatſache, daß in unſeren
1174 4637 2204 4680 höheren Regionen der Wind total umgeſprungen iſt; außer den
1172 4676 2205 4720 Miniſtern, verdienten Mitgliedern der Hofbühne, zahlreichen Hof⸗
1173 4714 2205 4756 bedienſteten ꝛc., empfing das Ritterkreuz erſter Claſſe vom Orden
1172 4753 2205 4795 Philipp's des Großmüthigen unter Anderen auch eine Reihe
1173 4792 2204 4837 von Perſonen, welche der entſchiedenſten Richtung der Fortſchritts⸗
1172 4831 1943 4874 partei im Lande und in der Kammer angehören.
1391 4918 1979 4964 Thiers und die Bonapartiſten.
1248 4975 2205 5018 Endlich iſt uns die ſeitens der bonapartiſtiſchen Preſſe ſo
1170 5015 2206 5059 lärmend angekündigte Broſchüre „M. Thiers et les Napoléons
1170 5053 2206 5098 (Jérôme)“ zugegangen. Dieſelbe iſt ein intereſſeloſes, nichtsſagendes
2240 179 3309 223 Pamphlet. Offenbar aus der Umgebung des Prinzen Napoleon
2242 220 3311 261 oder gar von dieſem ſelbſt herrührend, hat die Broſchüre keinen
2242 258 3267 299 anderen Zweck, als nur der Welt darzuthun, daß Herr Thiers
2242 296 3294 338 ſich eines furchtbaren Wechſels ſeiner Geſinnungen ſchuldig ge⸗
2243 335 3268 375 macht habe, indem er einſt, vor ungefähr 35 Jahren, ſich dafür
2244 371 3310 415 bemühte, daß dem König Jérôme die Erlaubniß zur Rückkehr nach
2244 411 3302 454 Frankreich ertheilt werde, während er jetzt, ſo lange er nämlich
2243 450 3269 492 noch Präſident der Republik war, ſich gegen den Aufenthalt des
2242 483 3295 530 Prinzen Napoleon in Frankreich ſtemmte. Vor 35 Jahren konnte
2244 527 3306 570 er die Rückkehr des einſtigen Königs „Luſtik“ für gefahrlos halten;
2243 565 3269 611 heute dürfte er in der Anweſenheit des ränkeſüchtigen Prinzen
2243 604 3182 645 eine Gefahr für das ſo tief erſchütterte Frankreich erblicken!
2319 643 3269 684 Uebrigens beweiſt der uns vorliegende Briefwechſel deutlich,
2244 681 3270 723 daß Herr Thiers, als er bei ſeiner 1837 in Florenz ſtattgehabten
2243 719 3270 761 Zuſammenkunft mit Jérôme dieſem das Verſprechen gab, ſich für
2243 758 3271 799 ihn zu verwenden, daran dachte, den jüngſten Bruder des Grün⸗
2243 796 3269 837 ders der napoleoniſchen Dynaſtie gewiſſermaßen zu einer Aner⸗
2244 835 3269 878 kennung der in Frankreich herrſchenden Verhältniſſe zu veran⸗
2244 873 3271 915 laſſen. Er wollte nämlich von Jérôme keinen andern Weg ein⸗
2244 912 3270 954 geſchlagen wiſſen, als den eines Schreibens an den König Louis
2244 950 3272 992 Philipp. Als Jérôme ſich im Jahre 1847 an die Kammer wen⸗
2243 989 3272 1031 dete, da nahm Thiers durchaus keinen Anſtand, ſich dem napo⸗
2244 1027 3310 1070 leoniſchen Agenten Pietri gegenüber in entſchieden mißbilligender
2245 1065 3272 1108 Weiſe zu äußern. Die Deputirten⸗Kammer hatte beinahe ein⸗
2247 1099 3270 1146 ſtimmig den Beſchluß gefaßt, die Petition Jérôme's dem Miniſter⸗
2244 1143 3271 1185 rathe zu überweiſen, und auch Thiers hatte, in Erfüllung ſeines
2248 1181 3272 1224 einſt gegebenen Wortes, in dieſem Sinne geſtimmt. Trotzdem
2244 1221 3273 1261 ſagte er aber zu Pietri, daß er, wenn er Miniſter wäre, den
2245 1258 3273 1301 Wünſchen der Kammer nicht willfahren würde; je günſtiger die
2245 1297 3271 1340 Kammer einem ſolchen Beſchluſſe wäre, deſto feindſeliger würde
2244 1336 3272 1377 er ſein; er würde, mit Einem Worte, in einem ſolchen Falle die
2246 1375 2702 1416 Kammer „ſpazieren“ ſchicken.
2322 1412 3273 1455 Und auch damals trennte Thiers die Sache des Königs
2244 1448 3274 1494 Jérôme von der des Prinzen Napoleon, von welch Letzterem er
2244 1488 3273 1537 nicht glaubte, daß man ihm die Pforten Frankreichs öffnen werde,
2245 1526 3275 1568 da derſelbe ſchon in jener Zeit Spuren jenes Talentes der Tact⸗
2245 1564 3274 1608 loſigkeit verrieth, welches ſpäter die Mitwelt ſo oft und ſo aus⸗
2246 1603 2750 1647 giebig in Erſtaunen ſetzen ſollte.
2322 1642 3269 1685 So viel, was das Meritoriſche des Pamphetes betrifft, welches
2246 1681 3273 1724 ſich überdies bemüht, den Heldenmuth und aufopferungsvollen
2246 1719 3272 1763 Patriotismus der Linie Jérôme Bonaparte in ein glänzendes Licht
2246 1758 3275 1802 zu ſetzen! Jetzt noch einige Details, die zur genaueren Charakte⸗
2245 1797 3273 1839 riſtik der heute wieder im Vordergrunde ſtehenden Bonapartiſten
2248 1834 3275 1879 dienen mögen. Als Jérôme ſeine larmoyanten Bittgeſuche 1847
2247 1869 3274 1915 vor die Kammern brachte, unterließ er es nicht, ſich ſchriftlich an
2248 1913 3275 1955 viele Pairs und Deputirte zu wenden, um ſich und ſeiner Sache
2246 1952 3276 1995 ihre Gunſt zu gewinnen. So beehrte er auch den Marquis de
2246 1991 3275 2032 Lawoeſtine mit einem Schreiben. Der Marquis, ſpäter ein
2246 2030 3275 2073 willenloſes Werkzeug Napoleons III., bemerkt in ſeiner Antwort
2245 2067 3275 2111 unter Anderem Folgendes: „. . . Ja, gewiß, Frankreich
2246 2107 3276 2147 will heute nichts Anderes, als was es beſitzt, ſeine Re⸗
2246 2144 3276 2187 gierung ſagt ihm zu; es hat volles Vertrauen in die
2246 2184 3272 2226 Geſchicklichkeit und Weisheit des Königs, und es iſt erfüllt von
2246 2222 3271 2264 Sympathien für ſeine Söhne, die im hohen Grade jene Eigen⸗
2246 2261 3273 2303 ſchaften in ſich vereinen, welche in unſerem Lande die Prinzen
2245 2299 3274 2340 populär machen.“ Wir ſehen, Herr v. Lawoeſtine war ein treuer
2243 2337 3274 2377 Orleaniſt, den die Machinationen Louis Napoleon's, der damals
2245 2374 3274 2417 bereits aus Ham entwichen war, mit Abſcheu erfüllten, denn er
2245 2411 3274 2456 ſchreibt an Jérôme: „Ich muß Eurer Majeſtät noch ſagen, daß alle
2245 2450 3274 2495 wahrhaften Freunde der kaiſerlichen Familie geſeufzt haben bei
2246 2490 3274 2534 den ſinnloſen Verſuchen des Prinzen Louis: dieſe Unbe⸗
2247 2530 3274 2576 ſonnenheit hat Ihrer Sache ſehr geſchadet . . .“ Und doch zögerte
2247 2569 3275 2612 Lawoeſtine ſpäter nicht, dem „unbeſonnenen“ Prinzen Louis den
2247 2610 2803 2651 Staub von den Stiefeln zu küſſen!
2324 2646 3272 2688 Seit der Discuſſion, die ſich in der Deputirtenkammer über
2246 2685 3315 2728 die Petition Jérôme's entſpann, war Letzterer nicht ſehr zufrieden.
2248 2724 3272 2765 „Man hat,“ wie er unterm 27. Juni 1847 an Pietri ſchreibt,
2247 2762 3274 2805 „das Exil nicht vom geſetzlichen Standpunkte aus beleuchtet; man
2245 2800 3274 2843 hätte all das Odiose zeigen können, welches das auf mich an⸗
2245 2838 3274 2880 gewendete Ausnahmeprincip enthält; die Strafe des Oſtracismus
2244 2876 3277 2920 an und für ſich wurde nicht energiſch genug angegriffen, was
2245 2915 3274 2964 übrigens nicht ſchwer iſt; ohne große Anſtrengungen kann man
2246 2954 3275 2997 beweiſen, daß das Exil eine Strafe iſt, die nie und in kei⸗
2246 2994 3273 3036 nem Falle zur Anwendung kommen ſollte; das Exil iſt, wenn
2253 3033 3276 3075 auch etwas gemildert, eine Erklärung, daß der davon Betroffene
2246 3071 3276 3121 außerhalb des Geſetzes ſtehe. Die Geſetze aller civiliſir⸗
2247 3110 3275 3152 ten Völker haben dieſe Schmach, wie auch die der Confiscation
2247 3148 3276 3194 beſeitigt! . . .“ Ein echter und rechter Bonaparte, dem Exil und
2247 3187 3275 3229 Confiscation ein Gräuel ſind! Und doch ſind die „napoleoniſchen
2242 3225 3275 3270 Ideen“ in ihrer Bethätigung ohne Exil, Deportation und Con⸗
2248 3264 3274 3308 fiscation gar nicht denkbar, und es iſt auch nichts bekannt gewor⸗
2247 3303 3277 3346 den, was darauf ſchließen laſſe, daß König Jérôme es je verſucht
2247 3342 3275 3385 hätte, ſeinen Neffen, den Kaiſer Napoleon, von Exilirungen und
2247 3382 2676 3425 Confiscationen abzubringen.
2324 3419 3275 3461 In einem Anfalle moraliſcher Entrüſtung ſchreibt Pietri an
2247 3458 3271 3505 den Prinzen Napoleon: „Es iſt traurig, zu geſtehen, daß es heute
2247 3497 3271 3539 keinen anderen Tempel als die Börſe, keinen anderen Gott als
2245 3536 3273 3578 das Geld gibt. Die Gewiſſen und Ueberzeugungen werden wie die
2247 3575 3272 3615 Rente berechnet und verkauft!“ So Pietri, der einige Jahre ſpäter
2247 3612 3274 3656 das verruchteſte Polizeiwerkzeug jenes Regimes werden ſollte, wel⸗
2247 3651 3273 3695 ches den Börſenſchwindel zur Höhe eines kaiſerlichen Re⸗
2248 3690 3270 3735 gals erhob! Dieſe edlen bonapartiſtiſchen Seelen, die das Geld
2247 3729 3274 3772 nur inſolange verachten, als es nicht dazu dient, ihre eigenen
2247 3770 2532 3811 Taſchen zu füllen!
2324 3805 3274 3849 In Erwiderung des Dankes, den Jérôme an Victor Hugo
2246 3844 3275 3887 für ſeine in der Pairskammer zu Gunſten der Petition gehaltene
2247 3883 3276 3926 Rede richtete, ſchreibt der berühmte Dichter: „Prinz, Ihre könig⸗
2247 3922 3277 3964 lichen Worte haben mich tief ergriffen. Ich plaidirte die Sache
2247 3954 3277 4004 des Exilirten, ich plaidirte die Sache des Ruhmes; es ſind dies
2247 4000 3275 4045 zwei Motive, um ſtets und immer von Frankreich verſtanden zu
2247 4038 3276 4082 werden. Prinz, was Frankreich verſtanden hat, kann in der Aus⸗
2247 4077 3277 4125 führung nicht lange mehr auf ſich warten laſſen.“ Dies die Hul⸗
2247 4116 3276 4161 digung Victor Hugo's an Jérôme, an „Napoléon le plus petit“!
2324 4154 3277 4198 Schließlich noch eine hiſtoriſche Reminiscenz! In einem
2247 4193 3276 4236 Schreiben an ſeinen ehemaligen Adjutanten Vatry beſtätigt
2248 4232 3273 4274 Jérôme ebenfalls, daß Cambronne nie die ſo berühmt gewordenen
2247 4270 3274 4313 Worte: „Die Garde ſtirbt, aber ſie ergibt ſich nicht!“ gerufen
2248 4309 3275 4352 habe; wol aber ſeien ſie dem Munde eines Grenadiers von der
2247 4348 3275 4389 Inſel Elba entſtrömt, der ſie in dem Augenblicke rief, als er
2248 4385 3235 4432 auf dem Schlachtfelde von Waterloo ſich tödtete. M. L. H.
2489 4453 3035 4508 Aus dem Gerichtsſaale.
2332 4509 3276 4550 Wien, 4. Juli. [Orig.⸗Ber.] (Affaire des Baron
2247 4542 3276 4583 Max Heine. — Schluß aus dem Abendblatte.) Die als Zeugen
2247 4576 3277 4617 vernommenen Sicherheitswachmänner bekräftigen unter ihrem Dienſt⸗
2248 4614 3202 4651 eide die Angaben, welche die Grundlage der Anklage bildeten.
2333 4647 3276 4687 Der Vertheidiger Dr. Schönhof ſtellte den Antrag, es ſei
2248 4685 3032 4720 Lieutenant Rottel als Entlaſtungszeuge vorzuladen.
2334 4715 3276 4755 Der Gerichtshof gab dieſem Antrage keine Folge, und nach⸗
2249 4750 3276 4788 dem hierauf das Beweisverfahren geſchloſſen war, ſtellte Staats⸗
2248 4784 3273 4822 anwalts⸗Subſtitut Dr. v. Pelſer den Schlußantrag: Der Ange⸗
2249 4817 3274 4856 ſchuldete ſei des Verbrechens der öffentlichen Gewaltthätigkeit nach
2249 4853 3274 4892 dem höheren Strafſatze und der Uebertretung der Wachebeleidigung
2250 4887 3270 4926 ſchuldig zu erkennen, zu achtzehn Monaten ſchweren Kerkers, zum
2250 4919 3317 4960 Erſatze der Gerichtskoſten, dann des erwieſenen und angeſprochenen
2250 4953 3272 4994 Schadens zu verurtheilen und des Adels für verluſtig zu erklären.
2336 4986 3273 5026 Der Vertheidiger bekämpft in erſter Linie den That⸗
2250 5020 3270 5061 beſtand der öffentlichen Gewaltthätigkeit, in zweiter Linie die An⸗
2249 5056 2919 5093 wendung des geltend gemachten Strafſatzes.
