3488 5338
277 108 418 161 Seite 2
1059 143 1323 181 Wien, Samstag
1585 151 2158 195 Neue Freie Presse.
2419 163 2646 202 6. Juli 1895
3166 178 3358 219 Nr. 11085
233 195 1259 257 eine Quote entnommen und zur Incamerirung, beziehungs⸗
233 238 1256 300 weiſe zur Herſtellung von Straßen verwendet werden ſoll.
231 281 1255 341 — In der Debatte über das Budget für die Landesvertheidi⸗
230 322 1254 384 gung wurden verſchiedene Wünſche zum Ausdrucke gebracht,
227 366 1255 427 welche dem Zeitpunkte für die Einrückung der Recruten, für
226 409 1253 470 die Controlverſammlungen und für die Waffenübungen galten.
225 452 1253 515 Für Herrn Laginja war das Gebiet der Landesverthei⸗
223 495 1252 557 digung offenbar ein zu enges, denn er zerrte die iſtrianiſche
223 537 912 593 Amtstafelfrage in die Discuſſion hinein.
303 615 1247 667 Abgeordnetenhaus. (406. Sitzung. — Fortſetzung aus
218 646 1246 702 dem Abendblatte; Budget⸗Debatte: Voranſchlag des Mini⸗
220 681 1248 738 ſteriums des Innern.) Abg. Dr. Rutowski (Generalredner
215 715 1248 772 pro) begrüßt die vom Miniſter in Ausſicht genommene Reform auf
214 744 1244 804 dem Gebiete des Sanitätsweſens und dankt ihm für die verſprochene
214 784 1244 840 Erhöhung des Standes der politiſchen Behörden in Galizien. Er
211 818 1243 876 empfiehlt der Regierung, die Löſung der Verſicherungsfrage baldigſt
209 853 1239 910 in die Hand zu nehmen, und erwartet, daß die gegenwärtige Regierung
209 887 1239 943 die vom früheren Miniſter des Innern verſprochene Reviſion des
208 921 1238 979 Regulativs über das Privat⸗Verſicherungsweſen durchführen werde.
208 956 1237 1012 Er unterſtützt weiters den Wunſch der Privatbedienſteten um Ein⸗
207 986 1236 1048 führung einer obligatoriſchen Altersverſicherung und erörtert ſodann
206 1025 1240 1082 eingehend die Wünſche Galiziens in Bezug auf Flußregulirung. Die
205 1059 1238 1119 Regierung möge die vorliegenden Projecte überprüfen, damit die
206 1089 1234 1148 Arbeiten bald in Angriff genommen werden, und bei Abfaſſung des
204 1128 1236 1186 Präliminares für 1896 größere Summen für Flußregulirungen ein⸗
205 1163 665 1211 ſtellen. (Beifall bei den Polen.)
291 1198 1235 1253 Es folgt eine Reihe von thatſächlichen Berichtigungen.
289 1233 1232 1288 Abg. Dr. Bartoli erklärt, daß der Abg. Spincic auf ein ein⸗
202 1265 1235 1324 faches On dit hin Beſchuldigungen gegen die italieniſche Bevölkerung
202 1300 1232 1357 des Küſtenlandes vorgebracht habe, welche als gänzlich grundlos und
202 1334 734 1384 falſch zurückgewieſen werden müſſen.
287 1370 1232 1424 Abg. Dr. Dvorak wendet ſich gegen die geſtrigen Ausführungen
201 1403 1231 1458 des Miniſters des Innern in Bezug auf das Sanitätsweſen, wobei
201 1437 1231 1492 er wiederholt vom Präſidenten mit der Mahnung unterbrochen wird,
198 1472 1229 1530 keine Polemik zu führen, ſondern ſich in dem Rahmen einer thatſäch⸗
198 1507 633 1555 lichen Berichtigung zu halten.
285 1543 1226 1598 Abg. Spincic conſtatirt, daß der Abg. Bartoli keine der von
197 1570 1014 1631 ihm angeführten Thatſachen thatſächlich berichtigt habe.
283 1608 1224 1667 Berichterſtatter Dr. Kathrein verzichtet auf das Schlußwort.
199 1645 546 1692 (Heiterkeit und Beifall.)
281 1680 1225 1733 Bei der Abſtimmung werden die in Verhandlung geſtan⸗
197 1713 1223 1767 denen Titel des Miniſteriums des Innern, ſowie die vom
194 1742 1094 1805 Ausſchuſſe hiezu beantragten Reſolutionen angenommen.
280 1783 1223 1836 Es werden ſodann die Stimmzettel für die Erſatzwahlen
191 1815 1220 1873 in mehrere Ausſchüſſe abgegeben. — Hierauf wird die Budgetberathung
192 1850 1221 1912 fortgeſetzt, und es werden die Titel „Staatsbaudienſt“,
193 1885 1217 1946 „Straßenbau“, „Waſſerbau“ und „Neubauten der
192 1919 1217 1979 politiſchen Verwaltung“ in Verhandlung gezogen. Zum
191 1950 1218 2012 Worte gemeldet ſind contra: die Abgeordneten Formanek,
189 1988 1218 2048 Kaftan, Morre, Spincic, Fořt, Kaizl, Brzeznovsky,
190 2023 1217 2081 Slavik; pro: die Abgeordneten Forcher, Kaiſer, Schorn,
189 2058 606 2103 Lorber, Poſch, Funke.
273 2093 1215 2148 Abg. Formauek beſpricht die Nothwendigkeit der Regulirung
186 2125 1215 2184 und Schiffbarmachung der oberen Elbe und beantragt eine Reſolution,
186 2159 1214 2219 durch welche die Regierung aufgefordert wird, durch ein Specialgeſetz
187 2190 1212 2253 die Regulirung der oberen Elbe von Melnik bis Jaromierz möglichſt
185 2229 959 2282 bald zu verwirklichen. (Beifall bei den Jungczechen.)
271 2264 1213 2320 Abg. v. Forcher beantragt und begründet eine Reſolution,
183 2292 1213 2355 durch welche die Regierung aufgefordert wird, die Incamerirung der
184 2332 1211 2391 Straßenſtrecke Eiſenerz⸗Steyr, der ſogenannten „Eiſenſtraße“, baldigſt
181 2370 397 2412 zu veranlaſſen.
268 2402 1211 2458 Abg. Kaftan tadelt die mangelhafte Organiſation der Staats⸗
180 2435 1209 2491 bauämter und die Unterordnung der techniſchen Beamten unter die
179 2466 1207 2532 politiſchen. Er erörtert ſodann die Nothwendigkeit der Canaliſirung
179 2504 1208 2561 der Elbe und der Moldau, welche im Ganzen nur zwölf Millionen
178 2534 1207 2597 erheiſchen würde, und erwartet, daß der Miniſter des Innern, der
180 2573 1204 2631 als Statthalter von Niederöſterreich die Wiener Verkehrsanlagen ſo
180 2608 1206 2666 energiſch gefördert hat, mit der gleichen Energie und mit dem gleichen
177 2636 1207 2700 Wohlwollen auch an die Aufgabe herantreten werde, die Moldau und
177 2676 850 2725 die Elbe von Auſſig bis Prag zu canaliſiren.
261 2710 1205 2768 Abg. Kaiſer empfiehlt eine Aenderung der Straßen⸗Organiſa⸗
172 2744 1202 2802 tion in Schleſien und tritt für die Incamerirung der Bezirksſtraße
174 2781 516 2829 Jägerndorf⸗Beniſch ein.
259 2814 1202 2872 Abg. Morre ſchildert den bisherigen Verlauf der Mur⸗
170 2848 1200 2907 Regulirungs⸗Arbeiten. Man habe ſich ſeitens einzelner Gemeinden
171 2882 1198 2942 und Intereſſenten bemüht, daß die Arbeiten an beſonders bedrohten
171 2917 1200 2973 Stellen in Angriff genommen werden. Die Regierung that dies aber
168 2952 1198 3008 nur dann, wenn von den betreffenden Gemeinden dem Staate der
170 2986 1196 3042 erforderliche Koſtenaufwand als unverzinslicher Vorſchuß gegeben
168 3020 1197 3076 wurde. Wenn ich einmal in den Himmel komme, ſagt Redner, ſo
166 3055 1196 3113 werde ich unſerem Herrgott die Geſchichte erzählen, wie es da zugeht,
168 3086 1196 3146 damit der alte Herr auch einmal etwas zu lachen hat. (Heiterkeit.)
165 3120 1195 3180 Was würden Sie ſagen, wenn unſer Finanzminiſter zum erſten beſten
165 3158 1194 3216 Dienſtmann gehen und ihm ſagen würde: „Sie, können's mir nicht
166 3188 1192 3250 drei Kreuzer leihen, daß ich mir zwei Inländer kaufen kann?“ (Leb⸗
161 3226 1191 3286 hafte Heiterkeit.) Ganz ſo geht es bei der Mur⸗Regulirung.
162 3262 1192 3319 Dort iſt eine kleine Gemeinde, beſtehend nur aus kleinen
163 3296 1191 3356 Häuslern, deren ganzer Reichthum in vielen Kindern beſteht
162 3326 1191 3391 (Heiterkeit), welche bekanntlich freſſendes Kapital ſind. Dieſer
160 3365 1190 3421 Gemeinde drohte das Unglück, daß ihr ein großes Stück
160 3400 1187 3458 Wieſengrund weggeriſſen werde, und es wurden die nöthigen
1304 216 2324 272 Schritte unternommen, damit man mit den Schutzbauten beginne.
1302 250 2324 307 Da erklärten die Behörden: Wir ſind bereit, das zu thun, aber die
1301 285 2323 341 Gemeinde muß uns 2000 fl. unverzinslich vorſchießen. Die arme Ge⸗
1299 320 2322 380 meinde muß dem Kaiſerthum Oeſterreich 2000 fl. vorſchießen — wenn
1298 354 2322 410 unſer Herrgott das von uns erfährt, wird er lachen darüber, was er
1298 383 2321 443 für Ebenbilder auf dieſer Welt zurückgelaſſen hat. (Lebhafte Heiter⸗
1297 417 2321 478 keit.) Bei jedem Hochwaſſer bildet der Markt von Radkersburg eine
1296 457 2319 512 trockene Inſel, auf der man ſich bewegen kann. Eine Verjauchung
1296 487 2318 546 und Verſumpfung des Ortes muß eintreten. Laibach wurde von einem
1295 521 2318 583 unvorhergeſehenen Ereigniſſe heimgeſucht. In Radkersburg iſt aber
1294 555 2317 616 das Unglück vorauszuſehen, und die Bewohner dieſer ſchwergeprüften
1295 593 2316 650 Stadt müſſen zu Bettlern werden. Es geht aber nicht an, daß wir
1293 623 2316 684 Alles dem Almoſen überlaſſen. Heute ſchämen ſich nicht einmal die
1291 662 2314 718 Hochgeſtellten, auch die hohen Adeligen nicht, betteln zu gehen, aller⸗
1291 693 2314 754 dings für wohlthätige Zwecke. (Abg. Dr. Scheicher: Um einen
1289 731 2314 787 Orden zu kriegen!) Wenn ſo eine Comteſſe oder ein ſchönes Fräulein
1288 766 2313 821 irgendwo bei einem Bazar Blumen verkauft, iſt ſie mehr als eine
1289 799 2312 856 Blumenverkäuferin? Könnte ſie ſich deſſen nicht entſchlagen, wenn ſie
1287 829 2313 891 ſagen würde: Ehe ich weine Perſon ſo an die Oeffentlichkeit ſtelle,
1286 865 2311 924 zahle ich lieber den Betrag, den ich verdienen werde? (Heiterkeit.)
1288 899 2310 961 Aber es iſt einmal ſo. Wenn Einer eine Tanzunterhaltung geben
1284 937 2310 999 will, fragt er nicht, wo Tanzluſtige ſind, ſondern er fragt, wo ein
1284 971 2310 1028 Unglück geſchehen iſt, damit er ein Wohlthätigkeitskränzchen veranſtalten
1285 1003 2307 1062 kann. (Heiterkeit.) Wir ſind ſo geſchäftsmäßige Bettler geworden, daß
1282 1037 2309 1096 wir eingeſperrt werden ſollten. (Lebhafte Heiterkeit.) Der Staat, der
1282 1071 2307 1131 ſich das Recht anmaßte, die Mur⸗Regulirung in die Hand zu nehmen,
1283 1110 2307 1166 den Plan und die Ausführung derſelben nach ſeinem Willen zu ge⸗
1280 1139 2307 1199 ſtalten, iſt verantwortlich. Wären wir, die wir an der Grenze der
1280 1177 2307 1234 Mur ſind, ſtark genug, ſo ſtark wie der Staat, und ließe ſich eine
1280 1212 2306 1268 ſolche Frage mit den Waffen austragen, ſo würden wir den Staat
1277 1243 2304 1303 mit den Waffenzwingen, uns Erſatz für das zu leiſten, was er angeſtellt hat.
1278 1277 2304 1337 Wir ſind aber arme und ſchwache Leute, wir ſtehen hilflos da. Man
1277 1316 2299 1372 kann ſich eines Fluſſes wegen nicht empören. Redner beantragt fol⸗
1276 1351 2301 1406 gende Reſolution: „Die Regierung wird beauftragt, unverweilt die
1275 1381 2300 1440 zum Schutze der arg bedrohten Stadt Radkersburg erforderlichen
1275 1419 2299 1480 Maßregeln zu treffen und nöthigenfalls durch Inanſpruchnahme eines
1273 1449 2298 1510 Nachtragscredits zu veranlaſſen, daß entweder durch ſofortige Aus⸗
1272 1488 2299 1544 baggerung oder auf andere zweckdienliche und erfolgreiche Weiſe die
1272 1523 2297 1579 ausſchließlich nur in Folge der Mur⸗Regulirung im Flußbette der
1272 1557 2296 1615 Mur oberhalb und nächſt Radkersburg angeſchwemmte Geſchiebsmaſſe
1270 1592 2296 1648 entfernt werde, und ſonach das urſprüngliche Niveau des Murbettes
1269 1626 2295 1683 wieder herzuſtellen und zu erhalten; ferner mit allem Nachdrucke
1269 1661 2294 1716 auf die raſche Ausführung jener Reconſtructions⸗Arbeiten hinzuwirken,
1266 1691 2294 1750 welche der Verwaltung der Luttenberger Bahn aufgetragen wurden,
1267 1730 2292 1784 und durch Entfernung des Bahndammes den Hemmungen und
1268 1764 2292 1819 Störungen des Flußlaufes zu begegnen; endlich den weiteren Aus⸗
1265 1798 2292 1854 bau der Mur⸗Regulirung dadurch zu ermöglichen, daß mit Rückſicht
1265 1833 2290 1887 auf die außerordentlichen Opfer, welche Steiermark für die Mur⸗
1264 1867 2289 1924 Regulirung ſchon gebracht hat, nunmehr den tief begründeten An⸗
1263 1903 2289 1957 ſprüchen des ſteiermärkiſchen Landtages Rechnung getragen, im
1264 1936 2288 1992 Sinne des von demſelben am 16. Februar 1895 gefaßten Beſchluſſes
1262 1971 2286 2026 vorgegangen und demgemäß eine Beitragsleiſtung von den Adjacenten
1260 2001 2287 2061 nicht mehr gefordert wird.“ (Lebhafter Beifall.) Dieſe Reſolution wird
1261 2035 2069 2091 unterſtützt und dem Budget⸗Ausſchuſſe zugewieſen.
1347 2075 2284 2130 Abg. Dr. Schorn empfiehlt die Incamerirung der Iſelthal⸗
1258 2109 2285 2165 ſtraße und beantragt eine diesbezügliche Reſolution. Des Weiteren
1258 2143 2284 2200 ſtellt er folgenden Reſolutions⸗Antrag: „Bei Verwendung der Kaſſen⸗
1259 2173 2283 2238 beſtände zur Förderung des öffentlichen oder wirthſchaftlichen Ver⸗
1257 2207 2283 2267 kehres iſt, um die einſeitige Begünſtigung einzelner Kronländer und
1256 2246 2280 2302 Bezirke zu vermeiden, in den Alpenländern dort, wo die Beſchaffen⸗
1256 2281 2282 2336 heit des Terrains dem Baue von Eiſenbahnen entgegenſteht oder für
1255 2312 2281 2371 derlei Inveſtitionen die finanziellen, techniſchen oder commerziellen
1254 2348 2280 2408 Bedingungen nicht ganz gegeben ſind, demungeachtet aber die Aus⸗
1254 2383 2278 2439 geſtaltung des Communicationsweſens eine Vorausſetzung der wirth⸗
1253 2419 2280 2474 ſchaftlichen Entwicklung des betreffenden Landes oder Bezirkes bildet,
1252 2454 2279 2509 eine entſprechende Quote der Kaffenbeſtände zur Incamerirung ver⸗
1253 2483 2288 2544 kehrswichtiger Straßen und, inſoſerne eine ſolche Incamerirung nicht
1250 2521 2278 2579 ſtattfindet, behufs Herſtellung und Erhaltung ſolcher Straßen zur
1250 2558 1940 2605 Dotirung von Straßenbaufonds zu verwenden.
1336 2594 2276 2647 Auf Antrag des Abg. R. v. Zaleski wird die Debatte
1249 2626 1475 2665 geſchloſſen.
1334 2660 2275 2715 Abg. Spincic überreicht einen Reſolutions⸗Antrag wegen Regu⸗
1247 2689 2273 2749 lirung des Mirnafluſſes, des Rekabaches und des Baches auf der
1246 2729 2273 2784 Inſel Veglia in Iſtrien, ſowie einen weiteren Reſolutions⸗Antrag be⸗
1245 2764 2272 2819 züglich des Straßenbauweſens in Iſtrien und Reparatur der Straßen
1245 2799 1511 2839 Pazin⸗Ucka⸗Fiume.
1330 2834 2271 2888 Abg. Hauck überreicht folgenden Reſolutions⸗Antrag: „Die
1244 2868 2269 2925 Regierung wird aufgefordert, Verſuche in der Richtung anſtellen zu
1244 2902 2268 2957 laſſen, ob der Gefahr, in welcher die Caiſſon⸗Arbeiter ſchweben, nicht
1242 2936 2268 2992 dadurch zu begegnen wäre, daß dieſelben mit Anzügen nach jener
1242 2967 2267 3026 Art, in welcher die Taucher ausgerüſtet werden, verſehen würden,
1241 3001 2265 3061 welche es geſtatten, friſche Luft ohne Ueberdruck einzuathmen und
1240 3035 2145 3091 auch ohne Ueberwindung von höherem Drucke auszuathmen.“
1326 3076 2263 3129 Abg. Peric überreicht einen Reſolutions⸗Antrag wegen Regu⸗
1239 3105 2062 3162 lirung der Gewäſſer im Keſſenthale.
1325 3141 2258 3199 Abg. Dr. Fořt (Generalredner contra) bezeichnet den Hafen⸗
1237 3176 2263 3233 bau in Prag als einen öſterreichiſchen Scandal und beantragt eine
1237 3213 2260 3267 Reſolution, durch welche die Regierung aufgefordert wird, zu Beginn
1236 3241 2260 3303 der Herbſtſeſſion behufs Sicherung und thunlichſt baldiger Inangriff⸗
1234 3277 2261 3337 nahme dieſer Canaliſirung ſofort eine entſprechende Geſetzvorlage
1236 3317 1422 3353 einzubringen.
1320 3351 2259 3407 Abg. Dr. Funke (Generalredner pro) tritt gleichfalls für die
1233 3381 2258 3441 Canaliſirung der Flußſtrecke Prag⸗Auſſig ein, indem er bemerkt, daß
1231 3415 2257 3480 ſo wichtige Unternehmungen mit der größten Schnelligkeit durch⸗
2368 239 3396 295 geführt und überhaupt nicht mit der kritiſchen Sonde von Rentabi⸗
2367 273 3397 330 litäts⸗Berechnungen unterſucht werden müſſen. Die Schuld an dem
2367 304 3396 364 langſamen Fortſchritte ſolcher Arbeiten erblickt er jedoch im Gegenſatze
2365 342 3394 399 zum Vorredner in dem Mangel einer ſtarken centraliſtiſchen Leitung.
2364 372 3395 432 Er erörtert die Nothwendigkeit der Schaffung des Donau⸗Moldau⸗
2365 409 3394 466 Elbe⸗Canals, ſetzt ſich für eine Vermehrung der bautechniſchen
2362 440 3394 502 Beamten im Staatsdienſte ein und empfiehlt ſchließlich das Beispiel
2361 477 3394 537 Bayerns in Bezug auf die Trinkwaſſerfrage, wo ein eigenes Departe⸗
2362 510 3045 563 ment für dieſe Angelegenheit beſtehe. (Beifall.)
2447 544 3391 603 Berichterſtatter Dr. Kathrein verzichtet auf das Schlußwort.
2445 584 3391 639 Die in Verhandlung geſtandenen Titel werden hierauf ſammt
2359 616 3388 671 den vom Ausſchuſſe beantragten Reſolutionen angenommen und
2359 650 3389 707 ſodann Capitel VII!, „Miniſterium für Landesverthei⸗
2358 685 3389 743 digung“, in Verhandlung gezogen. (Berichterſtatter Freiherr
2358 719 2602 758 v. Schwegel.)
2443 750 3391 810 Hiezu ſind zum Worte gemeldet: contra: Formanek, Stei⸗
2355 788 3388 847 ner, Purghart, Tſchernigg; pro: Laginja, Pergelt,
2357 821 2602 857 Sokolowski.
2442 858 3386 915 Abg. Formanek beklagt ſich über die ſchlechte Behandlung
2353 888 3387 947 kranker Soldaten und die Ueberanſtrengung der Reſerviſten bei den
2353 924 3386 983 Waffenübungen. Er wünſcht, daß das Einrücken der Recruten zum
2354 956 3385 1018 Militärdienſte vom 1. October auf den 1. December, eventuell
2352 994 3385 1051 1. November verlegt werde, daß die Controlverſammlung der Reſer⸗
2351 1027 3384 1085 viſten der Landwehr und Landwehrpflichtigen nicht im October, ſon⸗
2352 1063 3384 1120 dern erſt im November ſtattfinde und daß endlich die vierwöchentlichen
2350 1092 3385 1153 Waffenhauptübungen der Reſerviſten im Monate Mai und die vier⸗
2349 1130 3381 1187 zehntägigen Waffenübungen erſt nach der Ernte ſtattfinden. Redner
2350 1162 3356 1223 ſchlägt eine alle dieſe Wünſche zuſammenfaſſende Reſolution vor.
2439 1198 3384 1260 Abg. Dr. Laginja erſucht den Landesvertheidigungs⸗Miniſter,
2348 1234 3382 1294 die Intereſſen Dalmatiens und des Küſtenlandes bei Heranziehung
2348 1268 3379 1326 der Mannſchaft zur Ausübung der Militärdienſtpflicht zu berück⸗
2345 1303 3380 1361 ſichtigen. Er beſchwert ſich darüber, daß Officiere der Landwehr, welche
2343 1334 3375 1395 zu den Uebungen einrücken, oft nicht genügend der croatiſchen Sprache
2344 1368 3374 1430 mächtig ſeien, und erſucht den Miniſter, vom ſtrategiſchen Geſichts⸗
2342 1402 3375 1463 punkte für den Ausbau der Verbindung zwiſchen Innerkrain und
2342 1438 3375 1496 Fiume und der Verbindung von Barban nach Latin oder Albona
2342 1475 3369 1533 einzutreten. Redner beſchuldigt die Italiener irredentiſtiſcher Umtriebe.
2341 1509 3374 1567 Die Beamten der Civilverwaltung im Küſtenlands ſeien ihrer Auf⸗
2339 1544 3372 1602 gabe nicht gewachſen. Wenn es dort unten noch Leute gebe, die ſo
2341 1580 3371 1638 etwas nicht ſehen, ſo ſeien es entweder Hochverräther oder Leute,
2339 1613 2658 1653 dumm wie die Nacht.
2425 1649 3278 1703 Präſident erſucht den Redner, zur Sache zu ſprechen.
2424 1684 3369 1740 Abg. Dr. Laginja beginnt nun, gegen eine Aeußerung des
2337 1715 3367 1775 Abg. Dr. Ruß in der Delegation über die Amtstafel⸗Frage zu
2339 1750 2506 1787 polemiſiren.
2422 1782 3148 1838 Präſident ruft den Redner neuerlich zur Sache.
2421 1822 3364 1877 Abg. Dr. Laginja ſchließt mit der Bemerkung, daß die Ver⸗
2336 1853 3364 1912 hältniſſe im Küſtenlands und das bisher beobachtete Vorgehen der
2334 1884 2980 1936 Civilbeamten daſelbſt höchſt bedenklich ſeien.
2418 1920 3361 1980 Abg. Steiner beantragt eine Reſolution, durch welche die
2331 1957 3361 2014 Regierung aufgefordert wird, in Rücksicht auf die Mängel des Militär⸗
2331 1992 3357 2050 tax⸗Geſetzes eheſtens eine Vorlage, betreffend die Militärtaxe, einzu⸗
2330 2024 3359 2085 bringen, welche Beſtimmungen bezüglich der Steuergrundlage, des
2329 2061 3359 2118 Veranlagungs⸗ und Bemeſſungsverfahrens enthalten ſoll. Sodann
2329 2092 3356 2152 ſpricht Redner den Wunſch aus, daß während der Erntezeit Be⸗
2328 2126 3357 2186 urlaubungen von Soldaten ſtattfinden ſollen, und klagt über die
2327 2163 3356 2222 großen Strapazen bei den Manövern. Weiters bedauert Nedner, daß
2327 2199 3354 2257 für das Nachtmal der Soldaten noch immer kein Geld vorhanden ſei,
2326 2232 3354 2290 während man für neue Gewehre, neue Uniformen, neue Schiffe und
2325 2267 3353 2324 neue Kanonen immer Geld habe. Er klagt auch darüber, daß beim
2325 2298 3359 2359 Militär die Sonntagsruhe nicht beachtet werde. Schließlich befürwortet
2324 2335 3351 2395 Redner eine humanere Behandlung der zur Waffenübung einberufenen
2325 2370 2499 2408 Mannſchaft.
2410 2406 3055 2454 Die Verhandlung wird ſodann abgebrochen.
2409 2437 3354 2495 Präſident gibt das Reſultat der im Laufe der Sitzung vor⸗
2322 2475 3353 2531 genommenen Erſatzwahlen bekannt. Gewählt wurden: In den
2322 2504 3351 2567 Verwaltungsausſchuß Abg. Paſtor, in den Eiſenbahnausſchuß Abg.
2321 2544 2526 2582 Popowski.
2406 2579 3352 2633 Abg. König und Genoſſen ſtellen einen Dringlichkeitsantrag in
2320 2608 3348 2667 Betreff der Gewährung von Staatshilfe aus Anlaß der in der letzten
2319 2642 3347 2701 Zeit verurſachten Elementarſchäden im Bezirke Rokitzan
2318 2681 3347 2736 in Böhmen. Dieſer Antrag wird dem Budget⸗Ausſchuſſe zugewieſen.
2404 2717 3345 2770 Abg. Dr. Waibel und Genoſſen interpelliren den Miniſter
2318 2749 3346 2805 des Innern in Betreff eines Vorganges bei der Arbeiter⸗Unfall⸗
2315 2785 3036 2833 verſicherungs⸗Anſtalt in Salzburg.
2402 2819 3345 2873 Abg. Hajek und Genoſſen interpelliren den proviſoriſchen Vor⸗
2314 2853 3344 2908 ſitzenden im Miniſterrathe und Miniſter des Innern über das ſeitens
2314 2882 3343 2943 des Bezirkshauptmannes in Piſek ergangene Verbot eines zum
2312 2923 2987 2970 Gedenktage an Huß abzuhaltenden Vortrages.
2398 2956 3342 3011 Nächſte Sitzung morgen, Samſtag, den 6. d., 10 Uhr
2311 2986 3341 3046 Vormittags. Tagesordnung: Fortſetzung der Special⸗Debatte über das
2310 3027 3342 3080 Budget, und zwar über Capitel „Landesvertheidigungs⸗
2310 3060 3339 3115 Miniſterium“ und „Miniſterium für Cultus und Unter⸗
2308 3095 2867 3142 richt“. Schluß der Sitzung ¼6 Uhr.
2727 3179 2923 3240 Inland.
2381 3244 3329 3304 Wien, 5. Juli. (Parlamentariſches.) In der geſtrigen
2306 3283 3332 3342 Sitzung des Budget⸗Ausſchuſſes, in welcher über Peti⸗
2304 3321 3331 3381 tionen und Reſolutionen verhandelt wurde, erklärte ſich Abg. Dr.
2304 3361 3333 3420 Beer in Folge des von allen Parteien des Ausſchuſſes aus⸗
2302 3399 3333 3459 geſprochenen Wunſches bereit, das Referat über „Mittelſchulen“ bei⸗
2301 3438 3330 3500 zubehalten; es wurde ihm jedoch die Freiheit der Abſtimmung
159 3531 1187 3552 Jeder bildet ſein Weſen und ſein Daſein aus ſo weit und
159 3530 1186 3597 hoch wie er kann, Jeder hat ſeine eigene Religion, ſeinen
159 3574 1186 3640 eigenen Gott — aber für den Staat, für das Vaterland,
158 3617 1185 3683 für die Menſchheit ſtehen Alle wie Einer zuſammen!“ Jeder
155 3660 1183 3723 Individualiſt iſt nothwendigerweiſe Ariſtokrat im Geiſte und
157 3703 1182 3769 im Herzen, und dieſer ſeiner ariſtokratiſchen Geſinnung hat
155 3745 1179 3807 Wilbrandt nachdrücklich genug im Romane „Adam's Söhne“
154 3789 1182 3850 Ausdruck gegeben, wo er die ſocialiſtiſche Gruppe in recht
154 3832 1181 3896 ſchwarzen Farben ſchildert. Er iſt ein Gegner der Lehre
152 3875 1179 3937 von der abſoluten Gleichheit der Menſchen, ein Feind des
151 3918 1178 3979 Staatsideals der Socialiſten und ſteht mit dieſer geiſtes⸗
151 3961 1177 4023 ariſtokratiſchen Geſinnung, die ſich ſtolz von der Menge der
152 4004 1175 4070 „Heerdenthiere“ abſchließt, auf dem gleichen Boden wie
150 4048 457 4096 Friedrich Nietzſche.
234 4090 1174 4150 Aber dieſe Verwandtſchaft mit den Ideen Nietzſche's
147 4133 1173 4193 konnte aus Wilbrandt nur einen theilnahmsvollen Freund,
146 4176 1172 4235 aber keinen Parteigänger des Philoſophen machen. Nietzſche's
147 4219 1171 4282 leidenſchaftliche Uebertreibungen des Ideals der Vollmenſch⸗
148 4261 1171 4325 lichkeit, ſeine Verherrlichung der rohen Kraft aus leiden⸗
144 4305 1169 4368 ſchaftlichem Haß der Schwäche, was ihn bis zur Verherr⸗
143 4348 1168 4410 lichung des Ceſare Borgia trieb: das mußte den Dichter,
142 4391 1167 4453 der ſich auf männliche Leidenſchaften, ſeinem Berufe gemäß,
140 4433 1166 4496 ſo gut verſteht, tragiſch ſtimmen, und alſo erklären wir uns
140 4475 1165 4539 die Entſtehung des Romans „Die Oſterinſel“ in Wil⸗
140 4520 403 4567 brandt's Geiſte.
224 4563 1164 4627 Helmuth Adler iſt ein Philoſoph, der in einer nord⸗
138 4604 1164 4668 deutſchen Hafenſtadt als Privatgelehrter lebt. Von ſeiner
138 4647 1162 4711 Profeſſur an einer ſüddeutſchen Univerſität hat er ſich
137 4690 1160 4754 zurückgezogen, einmal weil es ihn langweilte, jahraus jahr⸗
136 4733 1160 4795 ein dieſelbe fremde Weisheit vorzutragen, ohne eigene Ge⸗
136 4775 1159 4837 danken ausſprechen zu können, ſodann weil ihm ſeine
134 4819 1158 4882 leidenſchaftlich geliebte Frau Annamarie auf den Tod
135 4862 1158 4925 erkrankte, ſeiner beſonderen Pflege bedurfte, und
134 4906 1158 4968 weil ſie ſchließlich in ihrer Heimat, eben jener
133 4948 1156 5013 Handelsſtadt am Strande der Oſtſee, unter der wir uns
134 4991 1154 5054 wol Roſtock denken dürfen, ſterben wollte. Wir lernen den
134 5035 1152 5099 Profeſſor gerade zu der Zeit kennen, wo ſeine noch im
134 5078 1153 5143 Tode ſchöne Frau aufgebahrt im Sterbezimmer liegt und
1232 3509 2257 3571 der leidenſchaftliche, im Innerſten ſeines Weſens erſchütterte
1230 3552 2256 3613 Mann allein die Todtenwache hält. Bei ihm gehen Liebe
1229 3595 2255 3659 zur Frau und Liebe zur Wiſſenſchaft Hand in Hand; er
1228 3638 2254 3699 iſt kein Denker blos, ſondern eine Natur, in der die Leiden⸗
1228 3681 2252 3742 ſchaften ſich zuſammenſchließen und ſich, gegenſeitig hemmen
1227 3724 2251 3786 oder ſteigern. Adler klagt über das Schickſal, das ihm nicht
1227 3767 2248 3829 geſtattete, noch zu Lebzeiten der geliebten Frau, die an allen
1225 3810 2248 3872 ſeinen Studien intenſiven Antheil nahm, ihn anſpornte und
1225 3853 2247 3915 ermuthigte, mit ſeinen Gedanken abzuſchließen und heraus⸗
1221 3896 2246 3958 zutreten. Nun, am Todtenbette der Geliebten ſchwört er
1220 3939 2123 3999 ſich's, daß er nicht länger zögern werde, es zu thun.
1305 3984 2243 4043 Und er hat eigene Gedanken: Schopenhauer muß über⸗
1219 4026 2243 4088 wunden werden. „Als junger angehender Philoſoph (erzählt
1220 4067 2241 4130 er ſpäter einmal) hielt ich die Weltanſchauung dieſes gräm⸗
1217 4110 2240 4171 lichen, gedankenvollen, ſchönſchreibenden Einſiedlers für das
1216 4153 2239 4213 Tiefſinnigſte, das es gibt, und ſank bis über die Ohren in
1216 4196 2238 4258 den Sumpf hinein. Wer hat mich herausgezogen? Eigent⸗
1215 4239 2238 4300 lich meine junge Frau. Ich war mit ihr ſo unverſchämt
1214 4282 2235 4344 glücklich — und das Lebensgefühl war in ihr ſo rein, ſo
1213 4325 2235 4386 ſtark — daß ſich die lebensmüde Theorie gegen dieſe himmel⸗
1212 4368 2232 4430 hochjauchzende Praxis nicht behaupten konnte. Aber nur ſo
1211 4411 2234 4473 nach und nach — wie es mit dieſen zähen Schmarotzer⸗
1210 4454 2231 4514 pflanzen, den Theorien, geht — fiel ſie von mir ab.
1210 4497 2231 4557 Schmählich lange hat ſie mich in meinem ureigenen Denken
1209 4541 2229 4602 aufgehalten. . . .“ Jetzt ruft er ſeinem Schwager, dem
1208 4582 2227 4644 Bildungsphiliſter und Schopenhauerianer Wieſe, der ihn im
1208 4626 2229 4688 Sterbegemach beſucht, zu: „Ein kranker Menſch!“ (war
1206 4667 2229 4730 Schopenhauer). „Was wollt ihr denn immer noch mit
1206 4712 2228 4771 eurem Schopenhauer? Seid ihr denn Germanen? Seid
1204 4755 2227 4817 ihr ein männliches Volk? — Sieh' doch nicht ſo weh⸗
1204 4798 2226 4860 leidig verwundert auf mich und auf die Annamarie; —
1201 4841 2224 4907 ja, dies iſt nicht die Stunde, um am Leben zu hängen;
1202 4884 2224 4947 aber für euer ſchwächliches Deſertiren fehlt mir doch der
1200 4926 2224 4991 Sinn. Wenn mich auf dem Marſche der Durſt quält oder
1199 4970 2221 5032 mir in der Sonnengluth vor den Augen ſchwach wird, tret'
1197 5013 2221 5080 ich darum aus Reih' und Glied? Ich marſchire bis zum
1196 5056 2220 5123 Abend weiter; es wird ſchon geh'n, denn es muß. Zu was
1196 5100 2220 5159 für einem Ziel? Für die Ehre. Oder weil die Kraft da iſt
2299 3531 3330 3591 — und weil ſie da iſt, ſoll ſie denn auch wirken. Oder
2299 3574 3327 3635 weil — — Laſſen wir's. Ich mag heut' nicht reden. Könnt'
2298 3617 3325 3678 ich nur jedem Deutſchen dieſen Dorn im Fleiſch, dieſen
2297 3660 3328 3720 Schopenhauer, aus dem Leibe reißen; wir wären ein ge⸗
2295 3703 3327 3764 ſünderes Volk. Könnt' ich überhaupt dieſer verzärtelten, ver⸗
2295 3746 3321 3807 pimpelten, nervenſchwachen Zeit dieſes Weltgewinſel — —“
2292 3788 3322 3849 Adler endigt den Satz nicht. Später kommt er auf die⸗
2293 3831 3320 3893 ſelben Gedanken zurück, als er mit ſeiner todten Frau
2292 3875 2454 3917 allein iſt:
2376 3918 3321 3980 „Wie oft klagteſt du in ſtillen Stunden: Aber was
2287 3960 3319 4027 wird aus den Menſchen? Wohin will denn dieſe troſtloſe,
2286 4002 3319 4066 greiſenhafte Zeit? Sie wollen nichts Großes mehr; nur
2284 4046 3314 4107 Ruhe und Bequemlichkeit wollen ſie, und daß Alles gleich
2285 4089 3314 4151 wird. Es wäre beſſer, meinen ſie, die Welt exiſtirte nicht;
2284 4132 3315 4194 aber da ſie nun einmal da iſt, machen wir uns auf ihr
2284 4175 3312 4237 mit allen Hilfsmitteln der Wiſſenſchaft, mit Inſtrumenten
2281 4217 3313 4278 und Maſchinen einen guten Tag! Das Glück liegt im
2280 4260 3311 4322 Frieden und daß uns nichts ſtört. Es ſoll keine gewaltigen
2280 4304 3312 4365 Menſchen mehr geben, ſie ſtellen nur Unfug an; und ſie
2278 4346 3308 4408 überheben ſich; wir Alle, wir ſind ihnen gleich; Jeder iſt
2277 4389 3307 4452 ihnen gleich. Hängt euer Herz an das Schwache und Ge⸗
2276 4432 3304 4493 brechliche; von alledem, das nicht leben und nicht ſterben
2275 4474 3305 4537 kann, laßt nichts untergehen. Mitleid, Mitleid, Mit⸗
2274 4518 3305 4579 leid! Und dazu Frühkartoffeln aus Algier, gute
2273 4561 3300 4623 Gifte zum Schlafen und geſunden Sinn für das
2271 4603 3300 4666 Nützliche! So iſt dieſe Zeit. Wer hilft uns aus ihr
2272 4646 3300 4707 empor? Wer kann uns erlöſen?“ Und im Ver⸗
2271 4688 3302 4753 lauf der langen bangen Nacht an der Leiche ſeiner Gattin,
2269 4733 3299 4794 während der er ſich, wie er ſpäter einmal geſteht, mit Gewalt
2269 4775 3297 4837 dem Wahnſinne abringen mußte, faßt Helmuth Adler den
2268 4819 3298 4882 Entſchluß, ſelbſt jener Erlöſer zu werden, den ſeine geliebte
2266 4861 3297 4925 Frau geſucht und nicht gefunden hatte: „Wer kann uns
2267 4904 3293 4968 erlöſen? fragteſt du. Ich kann's. Ich, der Phönix, kann's!
2266 4948 3292 5010 — Ja, die Menſchheit iſt alt geworden, ihre Zeit vergeht.
2265 4991 3290 5053 Sie glaubt an ſich ſelbſt nicht mehr, ſie glaubt an die
2264 5035 3290 5097 Götter nicht mehr, die ſie geſchaffen; weltgrämlich ſitzt ſie
2263 5077 3289 5140 da, in ihren Leiden und Gebrechen wühlend. Ihr Verſtand
2247 5121 3288 5184 iſt größer geworden als all ihr Anderes zuſammen, er er⸗
