2746 3589
216 206 565 279 Auskünfte.
200 278 599 339 J. B., Wilfersdorf bei
199 340 599 374 Miſtelbach. Ueber die
199 376 601 412 Aufnahme zur Finanz⸗
197 411 601 448 wache finden Sie einen
197 448 600 484 ausführlichen Artikel im
194 483 601 519 Auskunftskalender erſter
197 520 600 556 Teil, über die Bezüge
197 557 601 592 im Auskunftskalender 3.
194 593 599 628 Teil. Beide Auskunfts⸗
201 630 597 664 kalender werden Ihnen
193 665 599 702 Lei Einſendung von 25 h
192 702 597 738 in Briefmarken portofrei
194 738 356 776 zugeſchickt.
191 791 597 825 Joſef H., langjähriger
198 828 598 861 Leſer. Ueber das Vor⸗
197 862 597 898 leben von Privatperſo⸗
194 900 598 930 nen können wir keine
194 935 599 973 Erhebungen pflegen. Die
194 973 598 1009 Zeitung iſt ja kein De⸗
197 1008 597 1043 tektivebureau. Wegen
191 1044 598 1086 derartiger Erhebungen
194 1081 598 1117 müßten Sie ſich an ein
191 1117 596 1148 Detektivebureau wenden
193 1154 599 1191 und das iſt jedenfalls
195 1190 517 1227 keine billige Sache.
191 1227 600 1277 Edmund Fillinger. Man
194 1279 596 1314 kann dieſe Arbeiten nicht
191 1307 597 1352 ſelbſt vornehmen, wenn
192 1349 597 1385 man nicht über die ent⸗
191 1384 597 1429 ſprechenden Fachkennt⸗
197 1422 402 1457 niſſe verfügt.
190 1458 597 1508 Tüchtig, Joſef J., Gum⸗
197 1504 598 1543 pendorferſtraße. Wie die
191 1545 596 1580 Verhältniſſe heute liegen,
189 1577 596 1617 iſt es ganz ausgeſchloſ⸗
187 1615 596 1652 ſen, daß man bei einer
194 1651 593 1686 Bank ohne Protektion
188 1686 596 1721 unterkommt. Jede Bank
194 1723 597 1757 hat viele Direktoren und
194 1758 594 1793 jeder Direktor hat viele
194 1793 595 1828 Bekannte und jeder Be⸗
196 1827 595 1858 kannte eines Direktors
194 1863 594 1899 hat viele Verwandte und
194 1898 594 1932 von dieſen Verwandten
194 1934 595 1964 wollen alle bei der Bank
187 1969 596 2006 untergebracht werden.
195 2004 595 2038 Sie haben ja keine
197 2040 595 2075 Ahnung, wie Bankdirek⸗
196 2075 595 2109 toren von allen mög⸗
185 2104 595 2146 lichen Perſonen um An⸗
194 2144 596 2180 ſtellung beſtürmt werden.
195 2180 595 2217 Unter ſolchen Umſtänden
195 2215 595 2249 können natürlich ſolche
194 2251 595 2287 Perſonen, die keine Pro⸗
194 2286 595 2322 tektion haben, überhaupt
183 2320 595 2357 nicht angeſtellt werden.
194 2356 593 2393 Es iſt ganz zwecklos,
183 2392 593 2427 wenn Sie ein Geſuch an
191 2428 592 2462 irgend eine Bank richten.
194 2463 592 2498 Selbſt wenn Sie von
192 2499 591 2533 irgend einem wohlwollen⸗
194 2533 593 2568 den Herrn in einer Bank
194 2569 592 2604 nach Ueberreichung des
182 2604 592 2638 Geſuches die Mitteilung
180 2639 592 2677 erhalten werden, daß
182 2674 591 2710 Sie vorgemerkt ſind, ſo
182 2707 592 2744 hat eine ſolche Vormer⸗
182 2741 590 2780 kung abſolut nichts zu
193 2780 591 2814 bedeuten. Das iſt ſo, wie
194 2816 591 2850 wenn jemand aus einem
193 2850 591 2885 Geſchäft hinausgeht, der
192 2884 591 2920 nichts kaufen will, mit
192 2921 591 2955 der Vertröſtung, er
192 2956 590 2989 werde morgen kommen
192 2992 590 3026 und das kaufen. Da weiß
192 3025 588 3061 jeder Kaufmann ſchon
192 3061 590 3096 daß ſolche Kunden nicht
191 3097 592 3130 wiederkommen. So iſt es
190 3132 590 3169 auch mit den Vormerkun⸗
182 3167 591 3205 gen. Der Vorgemerkte
191 3203 592 3240 hört nie mehr etwas von
191 3238 592 3272 der Bank, und ſollte er
191 3274 592 3311 bis zum Tage des jüng⸗
193 3309 592 3346 ſten Gerichts vorgemerkt
189 3346 396 3378 bleiben.
667 175 1021 214 Seite 8. Nr. 4130.
1403 180 1913 217 Illuſtrierte Kronen⸗Zeitung.
2395 181 2689 222 1. Juli 1911.
1258 274 2100 344 Eine amerikanische Rieſenlokomotive.
1279 776 1943 840 Die größte Lokomotive der Welt.
718 858 1639 896 Amerika hat, wie ſchon oft in techniſchen Dingen, wieder
625 894 1639 933 einmal den Vogel abgeſchoſſen. Die Verwaltung der Pacific⸗
626 929 1639 967 Eiſenbahn hat nämlich ſoeben eine Rieſenlokomotive in Dienſt
626 966 1640 1002 geſtellt, die man nur als echt amerikaniſch bezeichnen kann.
625 1000 1639 1038 Unſere beiſtehende Abbildung zeigt das Enakskind aus Stahl
625 1036 1639 1073 und Eiſen; das rieſige Dampfroß beſitzt etwa die doppelte
1676 863 2690 901 Leiſtungsfähigkeit wie unſere gewöhnlichen Lokomotiven und
1677 898 2690 936 iſt mit Leichtigkeit imſtande, einen beladenen Güterzug von über
1676 934 2688 971 hundert Wagen zu ziehen. Die Lokomotive, die einen im Ver⸗
1676 970 2688 1008 hältnis zu ihren Dimenſionen geringen Kohlenverbrauch be⸗
1674 1006 2688 1043 ſitzt, iſt auch in erſter Linie für den ſchwierigen Gütertransport
1679 1040 2170 1076 von Ozean zu Ozean beſtimmt.
631 1140 1639 1179 Fall, daß ein Auswanderer ohne Fahrkarte in den Waggon
629 1176 1639 1214 gepreßt wurde, ſondern jeder Reiſende mußte vor Eintritt auf
629 1212 1639 1250 den Perron mit einer Fahrkarte verſehen ſein. Es iſt nicht
630 1247 1638 1285 richtig, daß derartige Zuſtände geherrſcht haben, die ſchon
627 1282 1638 1321 früher zur Schließung des Bureaus der „Univerſale“ geführt
628 1318 1639 1356 haben. Der Vertreter des Bureaus iſt niemals auf dem Nord⸗
626 1354 1637 1396 bahnhof erſchienen, um ſeine Opfer wegzuſchleppen und das
627 1389 1638 1426 Polizeikommiſſariat Leopoldſtadt hätte keinerlei Grund gehabt
626 1424 1639 1462 zu einer Bewachung. Das Bureau „Univerſale“ iſt ſeit
628 1460 1637 1497 längerer Zeit wieder geöffnet. Hochachtend Dr. Leopold
627 1495 1260 1531 Popper, Hof⸗ und Gerichtsadvokat,“
708 1538 1628 1582 (Beſter Ponder der Welt:) Des Porzellan⸗
627 1585 1625 1628 pouder. Ueberall erhältlich zu 3 und 1 K.
708 1636 1639 1680 (Die Folge einer Bürgſchaft.) In den letzten Tagen
626 1683 1640 1725 fand in Köflach die Reviſion des Poſtamtes ſtatt, da
626 1728 1640 1770 man verſchiedenen Unregelmäßigkeiten auf die Spur ge⸗
626 1775 1641 1815 kommen war. Während der Reviſion entfernte ſich der
625 1818 1638 1859 Poſtaſſiſtent G., eilte in ſeine Wohnung und jagte ſich
624 1864 1637 1905 eine Kugel in den Kopf. Er iſt lebensgefährlich verletzt.
626 1908 1640 1951 Zu der Tat wurde er dadurch getrieben, daß er ſich infolge
627 1952 1638 1994 bedrängter finanzieller Verhältniſſe Unregelmäßigkeiten
626 1997 1639 2038 zuſchulden hatte kommen laſſen. Der Grund ſeiner ma⸗
628 2040 1640 2083 teriellen Schwierigkeiten iſt darin zu erblicken, daß er
625 2088 1639 2128 eine Bürgſchaft für einen Freund übernommen hatte
626 2133 1293 2175 und zahlungspflichtig wurde.
728 2184 1637 2218 (Konkurseröffnung über das Vermögen des Armeniers
627 2219 1636 2256 Dedejan.) Vom Landesgericht wurde der Konkurs eröffnet über
627 2254 1636 2292 die Verlaſſenſchaft nach Jakob Dedejan, geweſenen Agenten,
629 2290 1636 2326 20. Bez., Greiſeneckergaſſe 11. Konkurskommiſſär: Landes⸗
625 2324 1635 2364 gerichtsrat Theodor Thanner. Proviſoriſcher Maſſeverwalter:
626 2357 1635 2398 Dr. Iſak Allerhand. Dedejan iſt bekanntlich am 16. Jänner
626 2396 1635 2434 d. J. von ſeinem Landsmann Digran Alemian ermordet
626 2432 744 2460 worden.
724 2476 1634 2511 (Ausſtellung von Knabenhandarbeiten.) Das Lokal⸗
625 2511 1633 2548 komitee „Währing“ des Zentralvereines der Knabenhorte in
626 2546 1634 2584 Wien veranſtaltet Sonntag den 2. d. bis inkl. 5. d. in der
624 2580 1634 2619 Hortſtation, 18. Bez., Staudgaſſe 78, eine Ausſtellung von
624 2617 1634 2654 Knabenhandarbeiten, die Flecht⸗, Papp⸗, Flachſchnitt⸗ und Kerb⸗
625 2651 1634 2689 ſchnittarbeiten, ferner Modellier⸗, Hobelbank⸗, Korbflecht⸗
624 2688 1288 2723 arbeiten und Papierſchnitte ꝛc. umfaßt.
705 2732 1636 2775 (Ein Schiff in Seenot.) Aus Korfu wird uns von
621 2778 1634 2819 einem Freunde unſeres Blattes telegraphiert: Das ruſſi⸗
621 2823 1636 2864 ſche Kanonenboot „Chiwinetz“ hat unter dem Kom⸗
623 2868 1635 2910 mando des Fregattenkapitäns Volkoff den hieſigen
619 2914 1621 2954 Hafen mit dem Beſtimmungsort Antivari verlaſſen
621 2957 1635 2999 Eine hier eingetroffene Depeſche meldet nun, daß das
620 3002 1633 3045 Schiff „wegen Seenot“ den Hafen von Gravoſa anlaufen
623 3049 736 3085 mußte.
726 3096 1632 3136 (Ein Exekutionsbeamter als Defraudant.) Der 28jährige
623 3134 1632 3171 Max Mayr, hat ſich geſtern dem Sicherheitsbureau mit der
621 3169 1631 3206 Selbſtanzeige geſtellt, daß er im Laufe der letzten Monate
621 3205 1634 3242 Amtsgelder in der Höhe von 800 K, die er in ſeiner
621 3238 1632 3277 Eigenſchaft als Vollſtreckungsorgan des Bezirks⸗
621 3275 1632 3313 gerichtes Sillian eingenommen hatte, unterſchlagen
621 3309 1631 3349 hat. Mayr, welcher zuletzt obdachlos war, wurde dem
621 3346 1626 3383 Landesgerichte eingeliefert.
1764 1147 2688 1192 (Kochen iſt keine Kunſt,) aber gut kochen iſt eine
1682 1192 2687 1236 große Kunſt, das weiß jede kluge Frau. Es gibt nichts,
1680 1238 2687 1279 was die Hausfrau mehr erfreuen könnte, als wenn ſie
1682 1280 2686 1324 ſieht, wie das von ihr zubereitete Mahl ihren Lieben
1681 1327 2686 1367 ſo ausgezeichnet ſchmeckt. Darum ſtreben auch alle Damen
1681 1371 2687 1412 danach, in den Beſitz guter und dabei ſparſamer Koch⸗
1682 1416 2686 1456 rezepte zu gelangen. Eine überreiche Menge ſolcher Re⸗
1679 1460 2685 1502 zepte bietet nun das neueſte Kochbuch der „Ill. K.⸗Ztg.“
1679 1504 2686 1545 Das Kochbuch „Gute Küche“ enthält auf zirka 500 Seiten
1681 1548 2687 1592 über 2000 bewährte Kochrezepts und koſtet, ſteif ge⸗
1680 1591 2688 1629 bunden mit! Leinwandrücken nur 1 K 40 h. Senden Sie
1683 1636 2688 1677 1 K 40 h per Poſtanweiſung an die Bibliothek der
1683 1680 2687 1720 „Kronen⸗Zeitung“, Wien, IX/1, Pramergaſſe 28. Die
1679 1724 2685 1767 Zuſendung erfolgt franko. Gegen Nachnahme wird nichts
1682 1769 1845 1807 verſendet.
1776 1817 2687 1854 (Ein abgängiger Bauarbeiter.) Seit Montag iſt der
1677 1853 2687 1889 33jährige Gerüſter Karl Maurer, 18. Bez., Leopold Ernſt⸗
1676 1889 2687 1925 gaſſe 6 wohnhaft geweſen, abgängig. Er holte ſich an dieſem
1676 1923 2688 1961 Tage von dem Bau auf der Nußdorferſtraße, wo er beſchäftigt
1676 1959 2687 1995 war, ſein Arbeitsbuch und ſeither iſt er verſchwunden. Seine
1674 1994 2562 2032 Angehörigen bitten unter obiger Adreſſe um Nachricht.
1772 2046 2686 2085 (Jagd auf einen Leichenfledderer.) Donnerstag mittags
1675 2082 2685 2120 ſchlief der Hilfsarbeiter Anton Dragamicz, 20. Bezirk,
1674 2116 2685 2154 Staudingergaſſe 8 wohnhaft, auf einer Bank auf der Bri⸗
1676 2153 2686 2190 gittenauerlände ein. Dies benützte ein Gaunerkleeblatt, zwei
1676 2188 2686 2225 Männer und eine Frau, um dem Schlafenden die Uhr ſamt
1675 2224 2687 2262 Kette und Anhängſel zu ſtehlen und die Flucht zu ergreifen.
1675 2260 2686 2296 Kinder, die den Vorgang bemerkten, weckten den Schlafenden
1673 2295 2685 2332 auf, teilten ihm alles mit und erſtatteten auch dem Sicherheits⸗
1674 2329 2687 2368 wachmann Joſef Gogg die Anzeige, dem ſie auch gleichzeitig
1672 2364 2684 2403 eine ziemlich genaue Perſonsbeſchreibung der Diebe gaben.
1674 2401 2684 2438 Als Wachmann Gogg eine Stunde ſpäter die Pappenheimgaſſe
1673 2437 2684 2474 paſſierte, glaubte er nach der Perſonsbeſchreibung einen der
1674 2472 2686 2509 Täter zu erkennen. Dieſer bemerkte den Wachmann und ergriff
1674 2507 2685 2545 die Flucht durch die Kloſterneuburgerſtraße und Denisgaſſe.
1674 2542 2684 2580 Schließlich rannte er in das Haus Romanogaſſe 11, über⸗
1673 2577 2685 2620 kletterte die Hofmauer und einen Schupfen und gelangte ſo
1673 2612 2685 2651 wieder auf die Straße. Erſt nach halbſtündiger Jagd gelang
1672 2648 2684 2687 es dem Wachmann, den Täter in der Treuſtraße feſtzunehmen.
1672 2678 2682 2723 Während der Eskorte zum Kommiſſariat nahm der Wachmann
1672 2718 2683 2757 das an dem Diebſtahl beteiligte Frauenzimmer feſt; bei der
1673 2754 2684 2794 Polizei wurde die Frau als die Thereſia Stransky, der
1672 2787 2685 2827 Täter als der oft vorbeſtrafte 19jährige Hilfsarbeiter Robert
1672 2824 2683 2863 Pichler agnosziert. Nach dem dritten Täter, der angeblich
1669 2859 2288 2899 Publik heißen ſoll, wird gefahndet.
1753 2912 2684 2957 (Großer Fabriksbrand in Ungarn.) Die in Sümeg
1670 2959 2685 3002 befindliche Leder⸗ und Heeresausrüſtungsfabrik der Firma
1670 3004 2684 3044 Brüder Eitner iſt geſtern nachts mit großen Waren⸗
1672 3049 2686 3091 vorräten total abgebrannt. Der Schaden beträgt
1672 3093 2685 3133 600.000 Kronen. Die Feuerwehr konnte nur mit
1672 3137 2684 3181 den größten Anſtrengungen eine Keſſelexploſion ver⸗
1673 3188 1812 3226 hindern.
1764 3235 2683 3275 (Die Mutter beſtohlen.) Tie 25jährige Erzieherin
1670 3271 2682 3310 Helene Kauſchitz, zuletzt Döbling, Sommergaſſe 3 wohn⸗
1670 3306 2682 3346 haft, hat am Montag gelegentlich eines Beſuches bei ihrer
1667 3341 2679 3382 Mutter, der Wirtſchaftsbeſitzerin Thereſia Selich in
