3346 5257
154 75 279 106 Seite 4
899 68 1189 114 Wien, Samstag
115 142 1139 185 der normalen. Die Luft iſt ſchwach, bei Bludenz, Debreczin, Lem⸗
111 177 1139 218 berg, Agram, Liſſa und Szegedin mäßig bewegt und meiſtentheils
112 211 1137 254 heiter; zu Prag war heute Morgens Nebel, zu Pola geſtern Mit⸗
111 247 1139 288 tags entferntes Gewitter in Oſt. Das Meer iſt ruhig, bei Liſſa
112 283 308 318 leicht bewegt.
197 314 1139 356 Nach Berichten des Pariſer Obſervatoriums, neuerliches Fallen
111 349 1140 390 des Luftdruckes in ganz Europa, ſehr ſtark in Irland, ſchwaches
111 382 1139 425 Steigen desſelben in der Provence und in der Schweiz, ſchwache
110 418 1140 460 Winde herrſchen bei heiterem Himmel auf dem Feſtlande und auf der
111 452 1140 494 See, der niedrigſte Luftdruck zu 748 Millimeter zu Greencaſtle, der
110 484 1139 528 höchſte 767 Millimeter zu Lyon. — Berichte aus Florenz melden
110 521 1139 563 unveränderten Stand des Luftdruckes in Italien, meiſt heiterer
110 555 1137 596 Himmel, ruhige See und ſchwache Winde aus Nordweſt, geſtern
110 591 581 628 ſtarke Regen in Mittel⸗Italien.
1449 72 2024 113 Neue Freie Presse.
2272 67 2505 104 5. Juli 1873
3080 63 3196 103 Nr. 31
144 654 1108 698 Meteorologiſche Beobachtungen an der k. k. Central⸗Anſtalt für
253 697 1006 738 Meteorologie. Hohe Warte. Seehöhe 194 Meter.
228 766 319 817 Stunde
121 767 211 817 Datum
1085 851 1121 901 —
1081 882 1120 933 3•0
1075 909 1121 960 5•0
203 969 1062 1012 5. Juli: höchſte Temperatur 27˙0°, tiefſte 12˙4° Celſius.
493 1009 742 1043 Niederſchlag 0•4.
194 1047 1140 1089 Luftdruck gefallen um 2•6 Millimeter, Nachts geſtiegen um
110 1082 1142 1124 1•1 und iſt 1•8 Millimeter unter dem normalen. Temperatur ſteigt
111 1117 1141 1158 bis 1˙8° über die normale. Wind tagsüber, Nachts ziemlich ſtark
111 1150 1142 1191 aus Weſt. Tagesmittel der Geſchwindigkeit 22•7 Kilometer per
111 1182 1141 1225 Stunde. (Maximum 12—1 Uhr Nachts 53 Kilometer.) Tagsüber
111 1217 1139 1262 leichte Federwolken, Abends trüb, Wetterleuchten im Süden. Regen.
110 1250 1139 1294 5. Juli Morgens: Temperatur 2˙0° über der normalen, größten⸗
110 1287 1140 1330 theils bewölkt, ſtarker Weſt. Tiefſte Temperatur 17˙5° Celſius. Stadt,
114 1323 1140 1364 12 Uhr Mittags: Temperatur ＋ 23˙3° Celſius (＋ 18˙7° Réaumur).
286 1389 962 1446 Wiener Börſe vom 5. Juli.
339 1450 910 1488 Notirungen um 12 Uhr 45 Minuten.
195 1491 1140 1532 An der heutigen Vorbörſe beſchränkte ſich der Handel zu⸗
110 1524 1140 1567 meiſt auf die internationalen Werthe. Die günſtigen Meldungen
110 1560 1139 1602 der deutſchen Plätze wirkten anregend; auch die Localpapiere waren
111 1598 286 1634 gut gefragt.
195 1629 1139 1669 Nationalbank erhöhten ſich bis 985, Creditactien ſtiegen bis
109 1664 1138 1704 235.50, Anglo⸗Bank⸗Actien blieben 190.50, Staatsbahn avancirten
108 1699 979 1738 auf 341, Lombarden auf 142, Karl⸗Ludwigbahn bis 229.
196 1733 1138 1773 Sonſt waren von Bankpapieren Vereinsbank bis 55, Franco⸗
110 1769 441 1806 Bank zu 80 umgeſetzt.
194 1800 1138 1843 Von Baubankwerthen erhöhten ſich Allgemeine Baugeſellſchaft
108 1836 1138 1877 von 125 bis 128; Wiener Baugeſellſchaft notirten 137.50 nach 136,
107 1870 1137 1913 Bauverein 44 nach 43, Parcellirungs⸗Baugeſellſchaft 61.50 nach 60,
107 1906 780 1944 Brigittenauer Baugeſellſchaft 41.50 nach 40.
193 1941 524 1978 Um 11 Uhr ſchloſſen:
193 1974 1137 2015 Creditactien 235, Anglo⸗Bank⸗Actien 191, Hypothekar⸗Renten⸗
107 2006 1067 2048 bank 74, Vereinsbank 55, Lombarden 192, Staatsbahn 340.50.
195 2038 1138 2083 Der Beginn des Mittagsgeſchäftes erfolgte in feſter, theil⸗
107 2076 1138 2117 weiſe lebhafter Stimmung. Mai⸗Rente war bis 67.80, Silber⸗Rente
108 2110 1136 2152 bis 73 gefragt. Creditactien erhöhten ſich von 235 bis 236, Anglo⸗
108 2145 1139 2187 Bank⸗Actien blieben unverändert, Unionbank 135, Franco⸗Bank
107 2182 579 2219 80, Hypothekar⸗Rentenbank 75.
193 2214 1138 2255 Allgemeine Baugeſellſchaft ermäßigten ſich auf 126.50, Union⸗
108 2248 651 2288 Baugeſellſchaft erholten ſich auf 76.
194 2282 687 2320 Staatsbahn avancirten auf 344.
193 2317 1138 2359 Im weiteren Verlaufe des Geſchäftes traten wenig bemer⸗
108 2351 1138 2394 kenswerthe Momente hervor. Papier⸗Rente (Mai⸗Coupon) war bis
106 2385 1139 2429 68 gefragt. Creditactien blieben 236, Anglo⸗Bank⸗Actien 190.50,
107 2420 1139 2464 Unionbank 135.50, Vereinsbank 54; Hypothekar⸗Rentenbank ſchwäch⸗
107 2454 1139 2498 ten ſich auf 73.50, Italiſch⸗Oeſterreichiſche Bank auf 46 ab. Allge⸗
108 2489 992 2530 meine Oeſterreichiſche Bank dagegen erholten ſich auf 142.
194 2522 1141 2563 Die Baubanken blieben größtentheils unverändert, ebenſo die
109 2558 316 2595 Bahnpapiere.
193 2589 1141 2628 Der Geſchäftsgang wurde etwas ſchwächer, die Luſt zu Reali⸗
107 2624 1141 2665 ſirungen vorwiegend, da die Avancen vom Morgen genügende
110 2662 763 2706 Marge dafür boten.
108 2755 398 2792 Papier⸗Rente
108 2790 397 2823 Silber⸗Rente
107 2809 402 2860 Lose vom Jahre 1860
129 2857 398 2897 Loſe vom Jahre 1864
107 2893 398 2927 Nationalbank
107 2923 397 2964 Creditanſtalt
106 2962 412 2998 N.⸗Oe. Escomptebank
107 2997 407 3034 Anglo⸗Auſtrianbank
107 3028 412 3068 Franco⸗Auſtriabank
108 3063 398 3098 Unionbank
106 3099 398 3132 Bankverein
107 3133 398 3169 Oeſterr. Vereinsb.
106 3165 397 3204 Donau⸗Dampfſch.
107 3202 397 3238 Tramway
107 3236 397 3274 Verkehrsbank
107 3271 397 3309 Auſtro⸗Egyptiſche
437 2727 494 2753 Geld
438 2757 473 2787 68
438 2791 516 2822 72.90
423 2825 473 2856 102
422 2861 472 2890 133
422 2895 521 2923 985
521 2895 575 2923 987
421 2928 518 2959 235.50
422 2964 473 2993 955
518 2928 577 2959 236
543 2757 606 2785 68.10
542 2792 576 2819 73
525 2826 620 2856 102.50
526 2861 619 2890 133.50
424 2998 472 3026 191
437 3032 474 3062 80
422 3066 473 3094 135
423 3100 474 3129 180
438 3133 474 3162 55
422 3167 472 3197 587
422 3202 473 3232 265
422 3237 473 3267 150
423 3272 472 3302 131
524 2964 577 2991 960
526 2998 577 3025 192
541 3031 620 3060 80.50
526 3065 620 3094 135.50
525 3099 576 3127 182
542 3133 619 3162 55.50
525 3168 577 3196 588
524 3203 576 3231 266
524 3237 574 3265 151
524 3272 576 3300 132
596 2754 919 2789 Wechslerbank
630 2785 919 2824 Nordbahn
630 2823 919 2861 Staatsbahn
630 2853 919 2894 Südbahn
629 2892 918 2929 Eliſabethbahn
629 2923 919 2963 Karl⸗Ludwigbahn
629 2960 918 2997 Theißbahn
629 2991 919 3030 Pardubitzer
630 3029 839 3065 Nordweſtbahn
630 3062 919 3098 Frankf. 100 fl. 6
631 3091 919 3133 London, 10 Pf. 6
630 3130 919 3172 Paris, 100 Frcs. 6
629 3165 919 3201 K. Münz⸗Ducaten
629 3201 918 3234 Napoleons d'or
627 3236 918 3267 Silber
628 3271 930 3306 Preuß. Kaſſenanweiſ.
958 2726 1045 2751 Geld
1045 2726 1141 2751 Waare
943 2792 1043 2821 218
1043 2792 1098 2821 219
943 2826 1043 2855 340
1043 2826 1098 2855 344
944 2861 1042 2891 192
1042 2861 1141 2891 192.50
942 2895 1041 2924 227.50
1041 2895 1098 2924 228
942 2929 1042 2958 223
1042 2929 1098 2958 229
943 2964 1043 2992 215
1043 2964 1098 2992 216
944 2998 1041 3026 158
1041 2998 1099 3026 160
942 3031 1043 3069 209
1043 3031 1098 3069 210
959 3066 1042 3095 94.10
1042 3066 1142 3095 94.20
943 3100 1042 3131 111.25
958 3132 1042 3164 43.70
1042 3100 1141 3131 111.50
1042 3132 1141 3164 43.80
976 3164 1044 3198 5.28
976 3203 1044 3233 8.87
944 3237 1044 3268 109.30
945 3270 1044 3306 1.67¼
1044 3164 1140 3198 5.29
1044 3203 1140 3233 8.88
1044 3237 1141 3268 109.50
1044 3270 1140 3306 1.67½
1534 147 1852 191 Fremde Börsen.
1186 221 1392 261 Berlin, 4. J.
1186 257 1403 291 Oeſt. Silber⸗R.
1189 276 1264 327 Wien
1186 325 1400 360 Oeſt. Staatsb.
1185 361 1398 392 Creditactien
1186 393 1410 432 Breslau 4. J.
1184 429 1398 461 Banknoten
1185 464 1362 493 Wien
1183 495 1411 535 Hambrg. 4. J.
1184 532 1399 564 Silber⸗Rente
1184 567 1400 597 Creditactien
1262 613 2211 658 [Telegr.] Schluß der Wiener Börſe. Um 1 Uhr
1183 652 2211 698 30 Minuten. Creditactien 235, Anglo⸗Bank 190, Unionbank
1185 691 2210 736 135, Vereinsbank 55.25, Franco⸗Bank 82, Italiſch⸗Oeſterreichiſche
1183 728 2210 776 Bank 45.50, Handelsbank 125.50, Allgemeine Baugeſellſchaft 126,
1182 767 2212 813 Wiener Baugeſellſchaft 136.50, Union⸗Baugeſellſchaft 75, Bau⸗
1182 806 2211 852 verein 43.50, Parcellirungs⸗Baugeſellſchaft 62, Brigittenauer
1183 844 2210 890 Baugeſellſchaft 40, Staatsbahnactien 344, Karl⸗Ludwigbahn
1184 884 1851 938 229. Still.
1262 954 2210 1002 [Telegr. der „N. Fr. Pr.“] Peſt, 5. Juli. Das
1184 994 2210 1039 ungariſche Credit⸗Aushilfs⸗Comité hat in ſeiner Sitzung
1184 1033 2210 1078 die Statuten verleſen und angenommen. Laut dieſer beträgt das
1184 1071 2211 1116 Kapital zwei Millionen Gulden, beſtehend aus Kaſſenſcheinen zu
1185 1114 1338 1152 10,000 fl.
1261 1156 2210 1207 [Telegr. der „N. Fr. Pr.“] Peſt, 5. Juli. Die
1183 1195 2207 1240 Conſtituirung des Aushilfsvereines erfolgte heute
1183 1233 2204 1279 unter zahlreicher Betheiligung der hieſigen Credit⸗Inſtitute. Das
1183 1272 2210 1318 Verlangen der kleineren Localbanken, Garantiefonds⸗Beiträge unter
1184 1311 2209 1355 10,000 fl. anzunehmen, blieb unberückſichtigt. Der Statuten⸗
1183 1349 2208 1394 Entwurf des Aushilfsvereines wurde mit geringfügigen Aenderun⸗
1181 1399 1452 1431 gen angenommen.
1260 1433 2207 1477 [Telegr. der „N. Fr. Pr.“] Konſtantinopel, 4. Juli.
1182 1472 2150 1517 Allgemeine Schuld 60.07 Piaſter. Türkenloſe 155.50 Francs.
1267 1562 2209 1602 Hamburg, 4. Juli. Silber⸗Rente 65⅝ bis —.—. Oeſterr.
1183 1597 2209 1636 Creditactien 207½ bis —.—. 1860er Loſe 92¾. Ruſſiſches
1182 1629 2208 1668 Prämien⸗Anlehen vom Jahre 1864 —.—. vom Jahre 1866 126.
1182 1666 2206 1703 Amerikaner 92—. Staatsbahn 763— bis —.—. Lombarden 431½
1180 1699 2211 1739 Italiener 60¾. Anglo⸗Deutſche Bank —.—. Wiener Unionbank
1180 1733 2207 1774 —.—. Deutſche Effecten⸗ und Wechslerbank —. Feſt, mäßiges Ge⸗
1181 1771 1598 1808 ſchäft, Staatsbahn begehrt.
1893 1827 2173 1866 Berlin, 4. Juli.
1259 1869 2208 1915 [Berliner Börſenbericht.] In unerwartetſter Weiſe
1181 1909 2206 1954 geſtaltete ſich die heutige Börſe ſo andauernd feſt, wie ſie ſeit Langem
1180 1948 2206 1993 nicht geweſen. Die günſtige Tendenz, welche gleich zu Anfang
1182 1985 2208 2030 platzgriff, war um ſo überraſchender, als die flauen Meldungen,
1179 2025 2207 2068 die aus Frankfurt a. M. geſtern Abends — wahrſcheinlich in
1180 2064 2207 2108 Rückwirkung der geſtrigen hieſigen Geſchäftsloſigkeit — gekommen
1180 2103 2207 2146 waren, wenigſtens bei Beginn das Vorherrſchen einer gedrückten
1181 2141 2208 2186 Stimmung vermuthen ließen. Die heutige Entwicklung des Börſen⸗
1180 2180 2209 2224 verkehrs iſt um ſo ermuthigender, als die Umſätze bei ſteigenden
1181 2218 2209 2261 Curſen ſehr bedeutende waren, und die Gründe hiefür nur bei den
1181 2256 2208 2303 wenigſten Papieren, wie bei Staatsbahn und Galiziſchen Karl⸗
1180 2296 2209 2342 Ludwigbahn, auf concrete Thatſachen, im Uebrigen aber lediglich
1182 2335 2209 2378 auf das erwachende Vertrauen innerhalb der Börſe ſowol wie
1181 2372 2210 2417 im Privat⸗Publicum zurückzuführen ſind. Die Hauſſe in Staats⸗
1181 2410 2210 2456 bahnactien war durch die Erwartung einer bedeutenden Mehrein⸗
1181 2450 2212 2496 nahme hervorgerufen. Galizier waren, beſonders zu Anfang der
1181 2488 2212 2532 Börſe, auf die geſtrigen Wiener Meldungen lebhaft und ½ Percent
1182 2524 2213 2572 höher gehandelt. Die anderen öſterreichiſchen Bahnen blieben feſt
1183 2557 2213 2605 und ſtill, ebenſo die öſterreichiſchen Renten, die etwas höher
1183 2598 2215 2643 notirten. Neben Staatsbahn waren auch Lombarden ganz beſon⸗
1184 2637 2213 2684 ders feſt und lebhaft; ebenſo feſt, doch weniger lebhaft hielten ſich
1184 2678 2212 2722 Credit. Von den internationalen Spekulations⸗Papieren erzielten
1183 2717 2211 2761 auch Türken und Amerikaner bei bedeutenden Umſätzen einen Curs⸗
1183 2757 2212 2801 gewinn. Induſtriepapiere ſind überall beſſer, wenn auch wenig
1182 2797 2212 2840 Geſchäft. Banken gingen mit Ausnahme von Disconto⸗Com⸗
1182 2835 2211 2880 mandit, die ſich etwas erholten, durchweg gefchäftslos und niedriger.
1182 2867 2213 2918 Preußiſche Bahnen waren beſſer bei geringem Geſchäft. Geld iſt
1182 2911 2212 2958 flüſſig. Tägliches mit 4, per Ultimo mit 5 Percent zu haben.
1181 2945 2214 2995 Privatdiscont 5—5¼ Percent. Die geſtrige Frankfurter Baiſſe
1182 2986 2213 3035 anlangend, iſt noch zu bemerken, daß dieſelbe künſtlich herbeigeführt
1182 3034 1315 3074 ſein ſoll.
1933 3080 2178 3118 Paris, 3. Juli.
1268 3123 2212 3166 Die Börſe iſt auch heute feſt, doch konnten ſich die höchſten
1183 3157 2212 3201 Curſe nicht bis zum Schluſſe behaupten. Rente bleibt 56.45 nach
1182 3194 2211 3232 56.52 und neue Anleihe kam von 91.10 wieder auf 90.95 zurück.
1181 3227 2212 3274 Banque de France ſehr beliebt, 4235. In dem heutigen Wochen⸗
1182 3263 2211 3305 ausweiſe iſt das Portefeuille um 90.6, der Barvorrath um 7, das
2256 142 3303 183 Sconto der Privaten um 33. Millionen und auf der anderen Seite
2255 175 3303 218 der Notenumlauf um 79., Millionen geſtiegen, das Sconto des
2255 212 3304 254 Staatsſchatzes dagegen um 1., Millionen zurückgegangen. Italiener
2254 247 3280 287 noch immer flau, 64.05; Banque de Paris 1105; Oeſterreichiſche
2255 280 3280 321 Staatsbahn erreicht 790, was ſelbſt mit Einrechnung des Report
2254 316 3282 356 noch eine Hauſſe von circa zehn Francs darſtellt. Lombarden 437,
2254 351 2854 388 Oeſterreichiſche Bodencredit⸗Anſtalt 958.
3011 409 3248 445 Wien, 5. Juli.
2331 449 3281 494 [Lemberg⸗Czernowitz⸗Jaſſy Bahn.] Nachdem
2254 488 3281 534 die Collaudirung der Lemberg⸗Czernowitz⸗Jaſſy Bahn beendigt iſt,
2253 527 3281 574 ſind, dem Vernehmen nach, auf Grund des §. 71 des Strafgeſetz⸗
2254 565 3282 612 buches die darauf bezüglichen Acten der Staatsanwaltſchaft zur
2254 605 2922 648 weiteren Amtshandlung übergeben worden.
2339 692 3279 733 [Frachtbörſe.] Der Stillſtand und die flaue Tendenz ſind
2255 727 3281 766 anhaltend, und die Käufer bleiben ſehr reſervirt, theils wegen des
2255 757 3282 800 ſtockenden Mehlabſatzes, theils auch, weil bereits neue Waare auf
2254 796 3281 836 kurze Lieferungsfriſten ausgeboten wird. Neue Vanater Weizen⸗
2254 830 3284 870 muſter werden heute ſchon vorgezeigt; ſie präſentiren ſich zumeiſt
2254 865 3281 904 recht ſchön, doch ſind viele Körner gedrückt. Im geſchäftlichen Ver⸗
2255 898 3282 938 kehre fehlt an der Börſe jedes Animo, und werden Weizen und
2254 932 3281 973 Korn weſentlich billiger offerirt. Mais, viel angeboten, iſt um
2256 965 3281 1007 15 kr. gewichen. Hafer, ohne Begehr, hält 7—8 kr. niedriger als
2255 1001 3283 1043 Samſtag. Mehle, ohne Nachfrage, notiren 50 kr. bis 1 fl. billiger
2254 1037 2922 1085 als Samſtag.
2475 1103 3066 1142 Telegraphiſche Handels⸗Depeſchen.
2338 1143 3282 1183 Köln, 4. Juli. (Productenmarkt.) Weizen feſt, per
2254 1175 3281 1218 Juli 8 Thaler 21— Silbergroſchen, per November 7 Thaler
2253 1212 3278 1254 23½ Silbergroſchen. Roggen beſſer, per Juli 5 Thaler 7 Sil⸗
2253 1247 3280 1288 bergroſchen, per November 5 Thaler 9½ Silbergroſchen. Rüböl
2254 1281 3281 1321 loco behauptet, 11 2/5 Thaler, per October —.— Thaler. Spiritus
2253 1318 2826 1355 loco —.—, per Mai Thaler. Schwül.
2337 1357 3283 1398 Zürich, 4. Juli. (Getreidemarkt.) Weizen matt, Preiſe
2253 1393 3076 1440 weichend. Prima ruſſiſcher 38½ bis 39½ loco Zürich.
2336 1432 3281 1472 Liverpool, 4. Juli. (Baumwollmarkt.) Umſatz 10,000
2252 1467 3283 1507 Ballen. Orleans 9 ⅛. Middling Upland 8 ⅞ bis —. Fair Dhollerah
2252 1502 3283 1543 6 ⅛. Middling Fair Dhollerah 5 3/8. Good Middling Dhollerah 4 5/8.
2253 1536 3283 1578 Middling Dhollerah 4—. Fair Bengal 4—. New Fair Oomra 6 5/16.
2254 1570 3282 1612 Fair Oomra 6¾. Fair Pernam 10—. Smyrna 6¾. Egyptiſche 9½.
2253 1608 2648 1646 Tages⸗Import — Ballen.
2338 1649 3282 1689 — (Wochenbericht.) Umſatz 68,000, Export 7000, wirk⸗
2253 1684 3283 1725 licher Export 9000, Conſum 57,000, Vorrath 917,000, Wochen⸗
2251 1720 2576 1757 import —.— Ballen.
2337 1761 3282 1801 — (Productenmarkt.) Weizen 1 Penny, Mehl 6 Pence
2251 1796 2731 1835 niedriger, Mais 8 Pence höher.
2328 1869 3280 1914 Köln, 4. Juli. [Telegr. der Oeſterr. See⸗
2251 1906 3282 1954 handlung.] Per Juli: Weizen 8 Thaler 22 Silbergroſchen;
2250 1941 3283 1993 Roggen 5 Thaler 7½ Silbergroſchen. October⸗Oel 11 Thaler
2250 1984 3283 2030 3 Silbergroſchen, Mai⸗Oel 11 Thaler 18 Silbergroſchen. Per
2250 2023 3283 2071 November: Weizen 7 Thaler 23½ Silbergroſchen. Roggen
2251 2063 2710 2106 5 Thaler 9½ Silbergroſchen.
2328 2106 3284 2150 Zürich, 4. Juli. [Telegr. der Oeſterr. See⸗
2252 2146 3283 2192 handlung.] Weizen, Stimmung ſehr flau, äußerſt wenig Kauf⸗
2253 2186 3284 2230 luſt. Preiſe nominell, 38.75 Francs bis 39.50 Francs ab Sta⸗
2252 2225 3033 2270 tionen. Hafer ohne Nachfrage. Schönes Wetter.
2322 2372 3218 2485 Todes-Anzeige.
2383 2532 3230 2564 Mit tiefbetrübtem Herzen zeigen wir unſeren Freunden und Bekannten
2307 2534 3237 2592 an, daß uns am 4. d. M. nach kurzem ſchweren Leiden, unſer über alles ge⸗
2307 2561 2778 2613 liebter Gatte, Vater und Bruder, Herr
2402 2625 3134 2702 Moriz Löwner,
2694 2700 2851 2736 Kaufmann,
2306 2749 2982 2781 im Alter von 58 Jahren durch den Tod entriſſen wurde.
2383 2773 3235 2808 Die Beerdigung findet Sonntag 6. Juli, Vormittags 9 Uhr, auf dem
2306 2803 2796 2834 iſraelitiſchen Friedhofe zu Währing ſtatt.
2761 2846 3195 2896 Die Hinterbliebenen.
2394 3010 3158 3069 Doctor in absentia
2256 3078 3285 3112 der Philosophie, Medicin, Chemie und Zahnheilkunde wird mit Discretion vermit-
2256 3105 3286 3143 telt. Adresse: Medicus, 46 Königsstrasse, Jersey, England. 7421
2323 3171 3046 3207 Herausgeber: Michael Etienne, Adolph Werthner.
2325 3211 2956 3250 Verantwortlicher Redacteur: Joseph Mitter.
2325 3251 3173 3289 Druckerei der „Neuen Freien Preſſe“: Christoph Reisser.
112 3355 1141 3401 litiſchen Verbrechen zu ziehen befehlen. Gehören die gefangenen
108 3393 1141 3438 Biſchöfe von Köln und von Poſen auch zum Beiſpiel zu denen,
110 3434 761 3477 welche in Freiheit geſetzt werden ſollen?“
171 3488 1141 3538 „Gewiß,“ rief der König raſch, „vor allen Dingen gehören
108 3526 1142 3601 ſie dazu, ſie, die Märtyrer ihres Glaubens und ihrer religiöſen
139 3565 1142 3611 Anſichten, welche in der Gefangenſchaft ſchmachten um ihres Glau⸗
110 3604 1141 3649 bens und ihrer Religion willen; ſie ſollen die Freiheit haben.
109 3643 1143 3688 Ich will Frieden machen, hören Sie wohl, Rochow, Frieden mit
110 3683 1143 3727 der ganzen Welt und mit allen Gewiſſen. Mit allen Gewiſſen;
110 3721 1142 3766 deßhalb ſollen die Biſchöfe nicht allein befreit werden, ſondern ich
109 3761 1142 3805 will auch, was an mir iſt, dazu thun, daß ſie und die frommen
110 3798 1143 3843 Katholiken alle verſöhnt werden. Sie haben gekämpft für ihre
108 3838 1142 3882 Rechte, das heißt für die Rechte ihrer Kirche, die man ihnen,
111 3877 1142 3927 wie ich glaube, in unſeren Landen allzu ſehr beſchränken
111 3915 1142 3960 wollte. Die Kirche muß vor allen Dingen frei ſein;
110 3954 1142 3999 ſie iſt ein Staat für ſich und kann ſich dem politiſchen
110 3993 1143 4037 Staat nicht unterordnen, ſondern in Freiheit und Gleichheit
110 4031 1140 4076 müſſen beide neben einander beſtehen. So verſtehe ich es, und
111 4069 1142 4121 darum werde ich auch mit freier Gewiſſensüberzeugung nachgeben
111 4109 1143 4153 in dieſem Streite der Biſchöfe! Das Placetum regium ſoll ab⸗
109 4147 1142 4194 geſchafft werden, die Biſchöfe ſollen nicht mehr gehalten ſein, für
110 4180 1142 4232 die päpſtlichen Verordnungen in Kirchenſachen erſt die Genehmi⸗
113 4224 1142 4275 gung des Staates einzuholen, bevor ſie dieſelben in ihren Kirchen
110 4264 1143 4307 publiciren dürfen. Und ferner will ich auch darin nachgeben, daß
112 4303 1142 4348 die Kirche die Ehe nur auf ihre eigenen Bedingungen einſegnen
112 4341 1143 4387 darf, wie ſolches die frommen Biſchöfe verlangen und als ihr
112 4379 1141 4427 heiliges Recht begehren. Der Staat hat ſich in dieſe Gewiſſens⸗
112 4420 1143 4466 und Geiſtesangelegenheiten gar nicht einzumiſchen und muß es
112 4457 1141 4504 den Prieſtern überlaſſen; ſich in dieſen Dingen zu einigen
113 4496 1142 4542 mit dem Volke. Ich will die Gewiſſen frei machen,
113 4535 1141 4581 hören Sie wohl, Rochow. Und aus demſelben Grunde,
114 4574 1139 4621 aus welchem ich allen Biſchöfen und der katholiſchen Kirche ihre
113 4613 1141 4660 Rechte wiedergebe, will ich auch den Lutheranern ihre Rechte
113 4650 1141 4698 ſichern und wiedergeben. Alle Gotteshäuſer waren bedroht und
114 4689 1141 4734 überall loderten die Flammen der Zwietracht auf; ich will alle
114 4729 1143 4775 Gotteshäuſer ſchützen und will die feindſeligen Flammen mit der
114 4766 1141 4813 Liebe Gottes dämpfen und zur Ruhe bringen. Die Lutheraner
115 4806 1140 4854 ſollen nicht mehr gezwungen werden, ſich der reformirten Landes⸗
115 4844 1141 4893 kirche anzuſchließen. Wir werden ihnen eine General⸗Conceſſion
114 4883 1141 4931 ertheilen, durch welche ſie vor allen Verfolgungen geſchützt wer⸗
114 4922 1141 4972 den und frei in ihrer Kirche beten dürfen zu dem Herrn, ihrem
115 4960 1142 5008 Gott, wie es ihnen beliebt. Ich will gerecht ſein, wie Sie ſehen,
113 4994 1142 5046 Rochow, gerecht nach allen Seiten hin. Ich will aber auch zu⸗
1186 3350 2214 3433 gleich ein Zeugniß geben, daß mir der Glaube und die Kirche
1204 3390 2213 3435 heilig ſind. Ich habe viel geforſcht, dieſe Fragen viel erwogen und
1187 3427 2214 3473 viel gelernt aus den Büchern der Geſchichte, und bin endlich
1187 3467 2213 3512 zu der feſten und unerſchütterlichen Ueberzeugung gekommen, daß
1186 3505 2215 3550 gegen die Schäden der Zeit kein anderes Mittel mehr wirkſam iſt,
1188 3539 2215 3589 als das wahrhaft lebendige Chriſtenthum, mag es nun ſich luthe⸗
1186 3583 2215 3628 riſch, evangeliſch oder katholiſch nennen. Ich weiß, was die Re⸗
1187 3621 2215 3667 volution iſt, und ich habe es aus den Büchern der Geſchichte
1187 3661 2216 3706 klar erkannt, daß gegen die Revolution nicht zu ſtreiten iſt mit
1188 3698 2215 3745 menſchlichen Waffen, daß nur Einer ihr Meiſter und ſtark genug
1187 3737 2215 3785 iſt, ſie zu bändigen; dieſer Eine iſt Jeſus Chriſtus, der Ge⸗
1188 3777 2216 3822 kreuzigte! Dem diene ich aus treuem Herzen, und deſſen Kirche
1186 3816 2217 3863 zu ſchützen und zu ſchirmen, das habe ich mir ſelber gelobt in
1188 3854 2216 3899 der erſten Stunde, da ich von Gott und dem Heilande berufen
1188 3894 2216 3939 war, die Krone Preußens zu tragen. Und dieſes Gelübde, das
1188 3932 2216 3978 glauben Sie mir, Rochow, das werde ich halten bis zu der letz⸗
1188 3970 2217 4017 ten Stunde meines Lebens. Chriſto, dem Gekreuzigten, will ich
1186 4009 2217 4055 dienen mit meinem ganzen Hauſe. Die Religion iſt die einzige
1185 4049 2216 4094 und beſte Schutzwehr gegen das Böſe, und der Teufel wird
1186 4088 2216 4134 machtlos und ohnmächtig, wenn man ihm das heilige Zeichen des
1186 4129 1537 4173 Kreuzes entgegenhält.“
1263 4172 2216 4219 Und während er ſo ſprach, ſtrahlte das Angeſicht des Kö⸗
1187 4211 2216 4256 nigs in frommer Begeiſterung, und ſeine Augen hefteten ſich
1187 4250 2216 4297 mit einem entzückten Ausdrucke auf das Bild dort drüben, auf
1187 4290 2163 4334 die ſchöne und wohlgelungene Copie der Disputa von Rafael.
1267 4336 2215 4381 „Sehen Sie,“ rief der König mit lauter Stimme, „ſehen
1187 4375 2217 4420 Sie, dies iſt das Ideal, dem ich nachſtrebe, und das immer vor
1187 4414 2217 4465 meinem inneren Auge ſtrahlt und glänzt! Wie dort Chriſtus ſitzt
1186 4454 2215 4498 inmitten der Gewaltigen und der Großen, ſie Alle überſtrahlend
1186 4491 2215 4536 und Allen doch ausſtrahlend von ſeinem Lichte, ſie Alle ſo
1186 4531 2216 4576 überragend, daß vor ihm die Großen zuſammenſchrumpfen zu
1186 4569 2216 4614 Zwergen und die Klugen verdummen und von ihm ihre Weisheit
1187 4609 2216 4653 erhalten, ſo ſoll auch in meinem Staate Chriſtus ſitzen inmitten
1186 4646 2215 4692 all der Großen und Mächtigen, ſoll da ſitzen auf ſeinem Throne,
1186 4685 2216 4729 und wir wollen uns neigen vor ſeiner Majeſtät und ſeiner Herr⸗
1186 4722 2217 4769 lichkeit. Dahin gedenke ich mein Volk zu führen, daß es mit mir
1186 4761 2216 4809 gläubig, ſelig und beglückt durch ſeine Nähe auf ſeinen Knien
1186 4798 2216 4847 liegt vor dem geiſtigen Chriſtus und anbetet in dem Sohne die
1185 4839 2216 4884 Herrlichkeit des Vaters und empfangen will von ihm die Läute⸗
1185 4876 2216 4923 rung und die Weihe des Glaubens und der Erkenntniß, in wel⸗
1186 4917 1981 4962 cher untergehen alle Vernunft und aller Verſtand.“
1264 4953 2216 4999 Er hob die beiden Arme zu dem Bilde empor, und in ſeiner
1186 4991 2216 5039 Verzückung hatte der König es ganz vergeſſen, daß er nicht allein
2256 3340 3288 3390 war, nicht mit ſich ſelber und dem Chriſtus dort auf dem Bilde
2258 3379 3288 3431 ſprach. Er ſtand immer noch da in ſeliger Begeiſterung und achtete
2257 3417 3288 3467 gar nicht auf dieſen Mann, der hinter ihm nahe an der Thüre
2257 3453 3289 3506 ſtand und mit gerunzelter Stirn und düſterer Miene hinſchaute
2257 3495 3291 3544 auf den begeiſterten König. Ein leiſes Hüſteln erinnerte Friedrich
2256 3535 3289 3582 Wilhelm endlich daran und rief den König zurück in die Gegen⸗
2257 3573 3290 3622 wart. Er ließ die erhobenen Arme ſinken und trat von dem Bilde
2257 3620 2353 3660 zurück.
2338 3650 3289 3698 „Sie wiſſen nun, was mein Ideal iſt,“ ſagte er kurz und
2259 3694 3058 3738 haſtig. „Wollen Sie mir helfen, es auszuführen?“
2338 3737 3289 3785 „Ich kann nur thun, was in meinen Kräften iſt,“ erwiderte
2259 3782 2716 3824 der Miniſter, ſich verneigend.
2338 3813 3291 3863 „Und was meinen Sie, daß in Ihren Kräften iſt?“ fragte
2259 3859 2966 3903 der König.
2339 3890 3292 3939 „Ich kann nur danach trachten, die Ordnung aufrecht zu er⸗
2260 3929 3291 3981 halten und darüber zu wachen, daß der Geiſt der Rebellion und
2260 3968 3290 4021 Revolution nicht ſein Haupt erhebe und ſich die Macht anmaße.
2259 4007 3291 4056 Aber,“ fügte der Miniſter mit leiſer Stimme hinzu, „aber, das
2260 4044 3292 4096 wird freilich ſchwierig werden, wenn Eure Majeſtät ſelber dieſen
2261 4085 3293 4134 Geiſt des Aufruhrs und der Rebellion begnadigen und ihn ſomit
2260 4123 3293 4173 befreien von den Feſſeln, welche wir geglaubt haben, ihm anlegen
2261 4162 3292 4213 zu müſſen. Es ſind zu viele aufrühreriſche Köpfe unter den Ge⸗
2262 4201 3294 4253 fangenen, die nun durch das Gnadenwort Eurer Majeſtät befreit
2260 4245 2615 4289 werden ſollen und —“
2340 4278 3292 4326 „Genug, genug“, unterbrach ihn der König, „ich habe keine
2260 4318 3292 4367 Furcht vor den aufrühreriſchen Köpfen und es hilft Ihnen nichts,
2260 4353 3294 4406 mich daran zu erinnern. Ich bin entſchloſſen, die Amneſtie zu
2261 4396 3293 4447 geben. Alſo laſſen wir das und führen Sie aus, was ich Ihnen
2259 4434 3295 4487 geſagt. Fügen Sie die nöthigen Geſetzesſtellen, welche Sie zur
2261 4472 3294 4525 Rechtfertigung der vorigen Regierung nothwendig halten, hinzu
2260 4511 3294 4560 und dann legen Sie mir das Papier zur Unterſchrift vor. Geben
2260 4550 3295 4600 Sie ſich nicht die Mühe, ändern zu wollen oder zu glauben, daß
2261 4588 3295 4634 ich noch anderen Sinnes werden möchte. Ich habe mir in der
2260 4626 3295 4678 Stunde, da ich mich zum erſtenmale als König denken mußte,
2260 4663 3293 4716 dieſes Gelübde gethan, daß ich verſöhnen will, was vielleicht allzu
2261 4705 3296 4754 hart geſchehen iſt, und ich breche meine Gelübde nie. Es muß
2260 4745 2936 4794 alſo ſein. Fügen Sie ſich darein, Rochow!
2340 4783 3294 4830 „Ich bitte Eure Majeſtät, nur noch mir eine Frage zu ge⸗
2261 4822 3110 4872 ſtatten, zur Erläuterung jenes wichtigen Documents.“
2341 4868 3298 4918 „Nun denn, fragen Sie! Ich glaubte, mich deutlich und klar
2261 4906 3297 4956 ausgedrückt zu haben, und ſehe doch nun zu meinem Erſtaunen,
2260 4946 3294 4994 daß ſich überall deuteln und überall Unklares heraustüfteln läßt.
2260 4987 3262 5035 Alſo fragen Sie.“ (Fortſetzung folgt.)
1442 225 1500 247 Bez.
1525 223 1761 261 Frankfurt, 4. J.
1795 226 1844 251 Bez.
1876 222 2091 260 Leipzig, 4. J.
2139 223 2188 250 Bez.
2136 235 2173 285 —
1438 260 1506 292 65 7/8
1525 259 1748 293 Oest. Silber.=R.
1785 260 1852 293 65 5/8
1876 260 2093 290 Banknoten
1438 293 1505 327 88 5/8
1526 294 1712 325 Bankactien
1772 297 1837 323 1027
1875 292 2099 328 Paris, 4. Juli
1421 331 1473 359 204
1526 328 1746 359 Creditactien
1769 330 1855 363 242½
1875 330 2094 362 3perc. Rente
2134 329 2211 356 56.30
1423 361 1506 396 138¼
1527 362 1752 393 Amerikan. 1882
1784 364 1852 397 96½
1875 362 2095 396 Staatsbahn
2135 364 2185 389 796
1526 396 1746 426 Wien
1770 397 1855 431 104 7/8
1875 396 2095 427 Lombarden
2134 397 2186 424 440
1526 430 1748 463 Oe. 1860er Anl.
1784 434 1819 461 93
1876 430 2101 462 Credit Mobilier
2134 431 2185 459 417
2127 442 2171 494 —
2129 473 2172 524 —
2112 550 2215 604 92 11/16
1527 463 1757 500 Amsterd. 4. J.
1874 464 2098 498 Oe. 1860er Lose
1525 499 1747 533 Oest. Papier=R.
1786 500 1854 535 60½
1873 499 2094 532 R. Oe. Oblig
1578 534 1742 566 „ Silber=R.
1787 534 1851 568 65¼
1873 531 2090 566 London, 4. J.
1433 407 1476 459 —
1435 442 1475 494 —
1433 511 1476 562 —
1439 582 1474 588 —
1527 567 1761 603 Wiener Wechsel
1786 577 1869 604 —
1874 566 2004 603 Consols
332 763 434 789 Luftdruck
348 789 424 812 Milli⸗
350 790 422 841 meter
456 759 648 785 Temper. Celsius
669 749 772 778 Feuchtig⸗
680 776 759 800 keit in
689 780 756 831 Per⸗
677 803 753 851 centen
785 765 903 789 Windrich⸗
788 792 899 814 tung und
806 817 886 839 Stärke
961 779 1006 802 Be⸗
933 806 1030 832 wölkung
1061 792 1132 820 Ozon.
469 776 533 827 beob⸗
456 803 534 853 achtete
561 816 658 838 normale
123 875 201 900 4. Juli
222 875 323 897 2 U. Nm.
363 873 438 894 742•0
367 876 426 927 741•1
488 876 535 897 25•5
600 877 643 896 23•7
780 876 907 898 W 1
919 878 1034 904 fast heiter
122 881 191 933 „ „
122 917 200 953 5. Juli
221 902 322 924 9 U. Abs.
706 903 731 923 73
779 902 909 924 W 0
222 928 322 955 7 U. Mg.
364 929 423 950 742•2
487 929 533 949 19•7
599 928 644 949 17•7
705 929 732 949 80
779 929 908 951 W 5
918 930 1045 957 größt. bew.
