3488 5358
162 181 318 217 Seite 24
740 172 1017 217 Wien, Samstag
1492 167 2069 204 Neue Freie Presse.
2447 162 2671 198 1. Juli 1911
3068 159 3264 196 Nr. 16830
445 377 1790 437 Wir erfüllen hiemit die traurige Pflicht, von dem am
265 455 1789 513 28. Juni 1911, nachts, nach schwerer Krankheit im 60. Lebens-
260 535 1121 599 jahre erfolgten Ableben des Herrn
270 668 1791 931 Moritz Koralek
542 940 1532 985 Fabrikanten in Topkowitz a. d. Eibe
268 1051 746 1107 Kenntnis zu geben.
444 1119 1795 1182 Die Beerdigung des teueren Verstorbenen findet Sonntag
272 1199 1794 1255 den 2. Juli von der städtischen Leichenhalle aus auf dem
271 1279 1346 1335 israelitischen Friedhofe in Bodenbach statt.
448 1366 1190 1421 Bodenbach, 29. Juni 1911.
676 1474 1402 1537 Ottilie Koralek, Gattin.
272 1551 1795 1621 Arthur Koralek, Ernst Koralek, Lilly Koralek,
950 1628 1125 1671 Kinder.
275 1699 1800 1768 Anna Koralek (Budyn), Antonie Eisenstein
308 1770 1765 1843 (Theresienstadt), Kathi Engl (Bodenbach), Schwestern.
508 1848 1570 1908 Rosa Stein (Teplitz), Schwiegermutter.
276 1923 1799 1994 Ida Rubin (Meran), Anna Koralek (Leitmeritz),
860 2001 1223 2057 Schwägerinnen.
508 2076 1580 2147 Joachim Koralek (Budyn), Schwager.
334 2189 1749 2294 Kranzspenden werden dankend abgelehnt.
2319 2382 2366 2435 11.
2287 2438 2386 2489 MARKE.
1992 2387 2104 2437 N. F. P.
2006 2440 2108 2492 SCHUTZ
2560 2538 2783 2604 Dr Pierre
358 2570 1738 2664 Statt jeder besonderen Anzeige.
399 2726 1837 2777 Frau Henriette Seidl geb. Bermann gibt, vom tiefsten Schmerze
257 2778 1839 2838 gebeugt, in ihrem eigenen sowie im Namen sämtlicher Familienmitglieder Nachricht
258 2831 1838 2882 von dem Hinscheiden ihres innigstgeliebten, unvergesslichen Gatten, resp. Vaters,
258 2885 1247 2939 Bruders, Grossvaters und Schwiegervaters, des Herrn
2016 2828 2376 2880 Nuss - Extrakt
425 2988 1682 3202 Sami Seidl
2523 3213 2815 3279 GRAND PRIX
2607 3283 2741 3338 1900
264 3254 1845 3320 welcher Freitag den 30. Juni 1911 um ½1 Uhr mittags nach kurzem Leiden in
267 3311 1107 3361 seinem 54. Lebensjahre sanft entschlafen ist.
407 3376 1844 3429 Die Beerdigung des teuren Verblichenen findet Sonntag den 2. Juli um
267 3428 1844 3486 ½11 Uhr vormittags von der Leichenhalle des Zentralfriedhofes (israelitische
267 3492 646 3537 Abteilung) aus statt.
2472 3487 2988 3541 Etablissement Kointsch
2995 3486 3345 3537 Velden am Wörthersee
407 3556 890 3601 Wien, den 1. Juli 1911.
2158 332 3202 375 Schmerzerfüllt und tiefbetrübt geben die Unterzeichneten Nachricht von
2055 375 2898 420 dem Hinſcheiden ihres geliebten Seniorchefs, des Herrn
2165 470 3094 746 Sami Seidl
2037 799 3102 840 welcher uns durch jähen, unerwarteten Tod geſtern entriſſen wurde.
2161 849 3206 890 Wir verlieren nicht nur einen wahrhaft väterlichen Freund, ſondern
2057 892 3206 933 einen Mann, deſſen glänzende Charaktereigenſchaften jedem das Beſtreben
2056 936 3209 979 zur Nacheiferung erweckte und der ſich hiedurch ein unverlöſchbares Andenken
2058 984 2414 1020 in aller Herzen errang.
2162 1043 2511 1081 Wien, 1. Juli 1911.
2513 1109 3209 1163 Das Personal der Firma Seidl & Back.
2118 1419 3161 1480 Statt jeder besonderen Anzeige.
2002 2568 2380 2599 Jedem ergrauten Haare die
2003 2596 2379 2625 ursprüngl. natürl. schwarze,
2004 2621 2379 2652 braune, châtain oder blonde
2004 2646 2380 2672 Haarfarbe binnen 15 Minuten
2002 2673 2376 2703 wiederzugeben, empfiehlt sich
2004 2700 2380 2724 der 1870 mit k. u. k. ausschl.
2063 2726 2317 2764 Priv. ausgezeichnete
2005 2887 2382 2915 welcher, aus der grünen Nuss-
2006 2913 2382 2940 schale bereitet, die einfachste,
2008 2938 2383 2968 beste und garantiert völlig un-
2005 2965 2383 2991 schädliche Haarfarbe ist, welche
2006 2991 2383 3016 das Haar haltbar u. echt färbt,
2007 3016 2383 3042 ohne dass die Farbe beim
2055 3044 2330 3071 Waschen heruntergeht.
2009 3069 2384 3095 1 Fl. Nuss-Extrakt K 6 u. 3
2009 3094 2386 3121 1 Etui m. 6 Probe-Fläsch. 7.50
2008 3120 2385 3152 Nuss-Milch, Haar-Rég. 6 u. 3
2009 3146 2385 3173 Nuss-Pom. u. Nuss-Oele 4 u. 2
2009 3173 2386 3199 Nuss-Pasta z. Schatt. d. Bart. 2
2009 3197 2386 3227 Nuss-Extr.-Double, Bartf. 6 u. 4
2011 3224 2387 3250 Echt zu beziehen vom Erfinder
2012 3254 2385 3299 A. Maczuski
2011 3305 2389 3336 Wien, 111/2, Erdbergerlände 2
2006 3332 2392 3359 vis-à-vis d. Sophienbrücke, ferner
2011 3357 2387 3385 in der Alten Salvator-Apotheke,
2013 3383 2387 3413 l., Kärntnerstrasse Nr. 16; bei
2013 3409 2388 3438 M. E. Mayer, k. u. k. Hof⸗
2010 3435 2388 3464 lieferant, l., Graben 17, l.,
2013 3460 2388 3489 L bkowitzplatz 1; M. Wallace,
2012 3487 2380 3514 k.u.k. Hoflieferant, l., Kärntner
2010 3489 2394 3544 strasse 30; Drogerie: l., Lichten-
2152 3511 2402 3564 steg 3. 13500
2015 3539 2400 3595 Warnung vor Nachahmungen !
2477 2933 2853 3012 EAU DENTIFRICE
2477 3001 2858 3071 DU DOCTEUR PIERRE
2476 3035 2872 3118 DE LA FACULTÉ DE MÉDECINE DE
2590 3130 2740 3171 PARIS
1982 3631 2250 3683 Echte Breitmarken.
2273 3613 2413 3659 Preisliste
2248 3640 2426 3690 gratis sendet
1964 3691 2422 3726 August Marbes, Bremen.
3039 3430 3290 3474 Bade- und Kurort
2167 1577 3210 1621 Wir geben hiemit die tieferschütternde Nachricht, dass unser ge-
2063 1621 2444 1661 liebter Seniorchef, Herr
2156 1713 3121 1841 Sami Seidl
2067 1890 3214 1932 Freitag den 30. Juni 1911 um ½1 Uhr mittags nach kurzem Leiden im
2067 1937 2648 1973 54. Lebensjahre sanft entschlafen ist.
2172 1986 3213 2026 Wir verlieren in dem uns so jäh Entrissenen nicht nur einen
2069 2030 3215 2070 treuen Berater und Führer, sondern einen geliebten Freund, dessen An-
2070 2076 2772 2115 denken uns stets unvergesslich bleiben wird.
2744 2146 3105 2184 Seidl & Back
2673 2196 3172 2235 Wien, I., Werdertorgasse Nr. 4.
2941 2370 3324 2414 Die Arbeiten von Koch
2905 2409 3328 2447 Pasteur, Cumberland,
2904 2442 3329 2481 bestätigen die Heilkunst
2906 2480 3328 2512 der Alten welche die
2907 2518 3328 2549 aromatischen Gewürze
2908 2554 3328 2591 als Antiseptik gebrauch-
2907 2589 3329 2623 ten. Die aromatischen
2906 2627 3328 2657 Essenzen des Pflanzen-
2907 2662 3329 2698 reiches sind als Antiseptik
2909 2699 3329 2735 den phenischen Produk-
2908 2734 3331 2772 ten 10 mal überlegen,
2909 2767 3330 2806 schonen den Magen und
2908 2805 3329 2841 greifen die Schleimhäute
2909 2844 3061 2873 nicht an.
2962 2904 3329 2953 Die Zahnmittel
2909 2973 3332 3022 des Docteur Pierre
2909 3042 3332 3075 von der med. Facultät in
2907 3081 3334 3118 Paris, sind streng anti-
2910 3123 3334 3160 septisch hergestellt unter
2909 3163 3334 3199 Verwendung von aroma⸗
2909 3203 3334 3240 tischen vegetalischen
2909 3245 3077 3275 Essenzen.
2907 3302 3335 3327 Man verlange Muster gratis und franko
2930 3347 3336 3394 8, Place de l'Opéra, PARIS.
2475 3557 3334 3613 Familienhaus erſten Ranges. Prachtvolle, ruhige, ſtaubfreie, erhöhte
2474 3584 3335 3621 Lage, herrliche Ausſicht auf das große obere Wörtherſeebecken, das
2478 3610 3337 3644 Hochgebirge der Karawanken ſowie auf die Billacher Alpen, Hoch⸗
2484 3637 3338 3672 quellenwaſſerleitung, elektriſches Licht, Bäder im Hauſe, Reſtau⸗
2479 3664 3335 3696 rant mit vorzüglicher Wiener Küche im Nachbarhauſe. Proſpekte
2477 3692 3335 3722 gratis und franko. Preiſe mäßig. 12170
225 3845 1113 3901 Frühlingstaumel.
372 3954 970 4000 Roman von Gabriele Reuter.
568 4033 775 4061 (64. Fortſetzung.)
238 4097 1187 4154 Sie begriff im Tiefſten jenen Schrei der Dichterin
159 4144 1121 4197 bei der Berührung des eben noch ſo heiß Geliebten:
420 4228 751 4270 Nicht berühre mich !
417 4251 895 4308 Ich bin den Göttern heilig.
240 4342 1192 4396 Es war wie ein Flehen des eigenen unendlichen
140 4388 1193 4444 Verlangens nach Ruhe, nach Frieden, nach einem letzten
162 4431 1194 4488 Sieg und Ende, das ſie an den Lenker ihres Schickſals
161 4479 989 4533 richtete, wenn ſie Sapphos Gebet wiederholte:
250 4565 873 4614 O gebt nicht zu, daß eure Prieſterin
256 4604 964 4654 Ein Ziel des Hohnes werde eurer Feinde,
252 4645 997 4696 Ein Spott des Toren, der ſich weiſe dünkt.
253 4682 1104 4733 Ihr bracht die Blüten, brechet auch den Stamm !
259 4723 979 4774 Laßt mich vollenden ſo wie ich begonnen,
258 4761 992 4810 Erſpart mir dieſes Ringens blut'ge Qual.
259 4798 1107 4849 Zu ſchwach fühl ich mich, länger noch zu kämpfen,
261 4838 1042 4886 Gebt mir den Sieg, erlaſſet mir den Kampf !
249 4998 1201 5051 Und ſie fühlte es wie ein triumphierendes Sieges⸗
169 5043 1201 5100 gefühl die Bruſt durchdringen bei dem letzten begeiſterten
154 5090 267 5147 Ruf:
265 5177 345 5211 Die
265 5215 345 5253 Ich
339 5168 967 5214 Flamme lodert und die Sonne ſteigt,
339 5203 1129 5252 fühl's, ich bin erhört ! Habt Dank, ihr Götter !
1305 3761 2261 3810 Es überkam ſie oft ein Ahnen, während ſie das Ge⸗
1231 3806 2260 3856 ſchick dieſer tragiſchen Figur in ſich nachſchuf, durch Worte,
1232 3849 2261 3899 Geſten, Tränen und Blicke es zu einer ephemeren Auf⸗
1233 3894 2262 3945 erſtehung weckend, wenn ſie mit Sappho in den Meeres⸗
1236 3938 2266 3989 fluten untergetaucht ſei, wie auf den tiefſten Grund des
1232 3982 2263 4032 Schmerzes, könne ſie als Elena Schneider das Leben
1236 4028 2267 4076 wieder neu beginnen! Die Bühne mit ihren altbekannten
1236 4070 2266 4121 Erinnerungen und Erregungen begann ihr wieder farbig
1236 4116 2266 4166 und lockend zu werden; ein feiner Nebel der Entfernung
1235 4159 2266 4211 legte ſich vor die Qual der letzten Wochen. Sie ſehnte
1236 4196 2267 4254 ſich nach der Entſchlußkraft, dem Zaudern ein Ende zu
1239 4250 1936 4298 machen — mit ſich ſelbſt abzuſchließen.
1319 4291 2271 4342 „Ich wollte, ich könnte ſchon heute anfangen, wieder
1239 4335 2268 4385 Theater zu ſpielen,“ rief ſie einmal. „Wären nur erſt die
1239 4379 2269 4430 grauen Novembertage da . . . Ich brauche den Lärm und
1238 4422 2259 4479 das Menſchengejage in der Leipzigerſtraße — ich
1240 4463 2270 4518 brauche den Gas⸗ und Staub⸗ und Pudergeruch hinter
1241 4512 2265 4563 den Couliſſen . . . Ach, Droſſel — ich verlange nach dem
1241 4556 2264 4607 Zank mit der Garderobiere und dem Fieber der Premièren,
1241 4599 2274 4651 nach dem ganzen aufgeregten und doch ſo nüchternen Zu⸗
1242 4644 2272 4694 ſtande der Berliner Winterſaiſon, in der wir niemals
1243 4687 2273 4738 dazu kommen, wir ſelbſt zu ſein . . . Und — du — ich
1247 4732 2274 4783 glaube, meine Sappho wird etwas! — Ich habe Töne
1246 4779 1947 4829 gefunden, vor denen ich erſchrecke ...“
1325 4828 2274 4878 Sie zog die Brauen zuſammen, ihr Geſicht bekam
1245 4872 2278 4923 hiedurch etwas Finſteres, Entſchloſſenes. „. . . Man iſt
1246 4916 2275 4969 ja ſchamlos —“ ſprach ſie langſam. „Ha — es iſt eine
1247 4958 2278 5013 ſolche Erlöſung, ſchamlos ſein zu dürfen !“ Ihre Stimme
1247 5004 2279 5055 ſchwang ſich mit den Worten — aus der Tiefe, gleichſam
1249 5048 2276 5098 aus der Dunkelheit, auf zu einem hellen, harten Jubel.
1330 5100 2277 5150 Die Droſſel blickte ſie an. „Elena,“ ſagte ſie ernſt,
1250 5145 2279 5197 „du gehörſt doch auf die Bühne. Wie du das eben ge⸗
1249 5185 2280 5237 rufen haſt .... das macht dir ſo leicht keine andere nach.“
2642 3762 3003 3800 Zwanzigſtes Kapitel.
2390 3813 3336 3861 Als Heinrich Tiſſow die breiten Marmortreppen des
2312 3857 3339 3905 alten Palazzo hinaufſtieg, um ſchließlich an der be⸗
2311 3901 3339 3950 ſcheidenen Penſion, wo Elena Schneider wohnte, die
2309 3945 3339 3993 Klingel zu ziehen, fragte er ſich in einer halb be⸗
2313 3989 3339 4037 klommenen, halb freudigen Spannung, ob er dieſe
2312 4033 3339 4081 Treppen als ein Mann, der ſich und ſein Leben an eine
2313 4077 3341 4127 Frau gebunden hatte, wieder hinabſteigen würde? Er
2313 4121 3340 4170 war ſeines Gefühles zu ihr ſo wenig ſicher, als er ſich
2313 4165 3341 4215 ihrer Liebe gewiß glaubte. Er befand ſich keineswegs in
2314 4209 3342 4259 jenem Wirbel von Leidenſchaft, der nichts mehr wiſſen
2313 4253 3335 4302 will, als die Begierde nach dem Beſitz dieſes einzigen
2314 4296 3343 4350 Weibes. Aber er ſehnte ſich von Tag zu Tag inbrünſtiger
2316 4341 3342 4389 nach der Ueberflutung ſeines kühlen Weſens durch eine
2319 4385 3341 4434 Leidenſchaft, wie nach dem köſtlichſten Erlebnis. Was er
2317 4428 3345 4477 bisher an Frauengunſt genoſſen, ſchien ihm gleichgiltig
2319 4474 3346 4517 und banal neben dem, was er in Elena erwartete, wenn
2318 4516 3343 4565 endlich ihre Zurückhaltung überwunden werden würde
2321 4560 3348 4608 von der Glut der Hingabe. Neulich, als er bei ſeinem
2322 4604 3348 4652 Erſcheinen das Aufglänzen ihrer Augen, dieſe roſigen
2321 4649 3347 4696 Flammen auf ihren Wangen geſehen hatte, war eine
2322 4692 3349 4743 Welle von Glück über ſein Herz geſchlagen — wie göttlich
2323 4734 3349 4784 entzückend mußte es ſein, ſtatt der pflichthaften, Zärtlich⸗
2321 4779 3350 4827 keit, die er bei den gefälligen Mädchen in Oſtpreußen ſo
2322 4823 3349 4871 manches Jahr gefunden hatte, in freier Wahl von einen
2325 4866 3348 4917 gleichſtehenden Frauenperſönlichkeit auserkoren zu werden
2323 4911 3345 4958 unter all den vielen, die ihr nahten! Er war ein Mann
2326 4953 3350 5002 von ſtarker Sinnlichkeit, der ein Weib begehren konnte,
2324 4998 3350 5047 wenn er auf der Straße an ihm vorüberging und eine
2326 5040 3346 5092 Bewegung ihres Körpers ſeine Luſt erweckte. Elena
2327 5088 2507 5137 gefiel ihm.
2725 5143 2962 5176 (Fortſetzung folgt.)
