2479 3508
177 219 270 261 Sette 2
512 207 698 262 Wien, Samstag
1030 208 1283 260 Aruriier-Iritung.
1621 211 1779 261 6. Juli 1895
2000 206 2104 251 Nr. 182
147 285 794 339 und Antiliberalen aus ihren Verstecken in die Oeffentlich⸗
148 325 278 360 keit treiben.
214 347 795 395 Die Wiener Liberalen haben noch immer kein
153 379 797 425 Programm für die Wahlen, und ihr Versuch, sich eine
147 406 796 451 neue Organisation zu geben, in welcher die Drahtzieher
147 436 796 476 von der Sorte Dr. Richter's unumschränkte Gewalt aus⸗
146 460 794 507 üben, ist gescheitert. Dr. Richter wollte eine hochnoth⸗
145 490 796 534 veinliche Halsgerichtsordnung für alle Kandidaten
146 517 797 563 dekretiren lassen, nach welcher jeder von den Liberalen
145 542 794 590 Gewählte verpflichtet wäre, bei einem Meinungsunier⸗
148 574 793 614 schied mit dem Fortschrittsklub sein Mandat nieder⸗
142 600 796 645 zulegen. Dagegen lehnte sich der gewesene Gemeinderath Dr.
144 628 797 675 Hackenberg auf und setzte auch in einer Versammlung den
144 655 796 702 Beschluß durch, daß bei einem Meinungsunterschied
145 685 796 728 der Gewählte das Votum der Wählerschaft einzuholen
145 711 796 755 habe. Darob geriethen die liberalen Blätter in die
144 740 796 782 größte Entrüstung und das „Wiener Tagblatt“ war
145 768 796 809 sogar so unvorsichtig, über die liberalen Wähler das
144 794 796 840 treffende Urtheil zu verkünden, daß die Wähler, die
146 820 796 864 einem Kandidaten ihre Stimme gegeben haben,
144 847 796 891 weder sich zusammenfinden, noch zusammenzubringen
144 878 796 920 sind. Der Spießbürger ist eben ungeheuer froh,
144 905 794 947 wenn er die Wahl hinter sich hat, und ist außer⸗
144 934 797 975 halb der Wahlbewegung überhaupt nicht zu einer
144 958 797 1001 politischen Versammlung zu haben. Er wählt, weil
145 985 798 1028 es seine Duzbrüder durchaus haben wollen, und läßt
145 1016 796 1058 dann den Mann seines „Vertrauens“ thun, was er will.
144 1043 795 1084 Weil keine zielbewußte Wählerschaft hinter ihnen steht,
144 1069 798 1111 ist es den liberalen Führern möglich, mitten im Kampf
143 1097 796 1142 gegen ihre Gegner persönliche Eifersüchteleien und ehr⸗
143 1123 797 1169 geizige Strebereien in den Vordergrund zu stellen.
141 1152 798 1197 Dr. Richter will unumschränkter Feldherr bleiben, und
143 1180 798 1224 Dr. Hackenberg will es werden; das ist des Pudels
142 1209 798 1249 Kern. Es ist ein böses Omen für eine Partei, wenn vor
142 1236 798 1283 der Entscheidungsschlacht die Unteroffiziere zur Meuterei
141 1267 344 1308 getrieben werden.
218 1317 727 1379 Die Pegierung und die Feamten.
608 1362 777 1404 Wien 5. Juli.
210 1386 798 1439 Graf Kielmansegg hat gestern erklärt, die Regierung
145 1421 798 1465 sei „geradezu eifersüchtig“ darauf bedacht, die Sache der
143 1452 798 1492 Beamten selbst in die Hand zu nehmen. Nun, wenn den
144 1476 798 1523 Beamten mit solcher Eifersucht geholfen wäre, müßten
145 1507 798 1550 ihre nur allzu berechtigten Forderungen längst erfüllt
143 1534 798 1578 sein. Denn keine Gruppe von Staatsbürgern erfreut
145 1559 797 1603 sich seit Jahren einer so eifersüchtigen Liebe aller
143 1587 796 1630 herrschenden Parteien, wie die Beamten, oder viel⸗
144 1615 797 1665 mehr keine erhält so häufige, so aufdringliche
143 1644 796 1689 Liebeserklärungen wie sie. Alle Parteien betreiben
143 1669 796 1715 mit demselben rührenden Eifer wie die Hebung des
139 1701 796 1741 Kleingewerbes und die Rettung des Bauernstandes nun
143 1730 797 1772 auch die Regulirung der Beamtengehalte, und es kommt
144 1758 796 1799 dabei auch ziemlich genau gleich viel heraus, nämlich
144 1785 797 1826 nichts. Alle die in den wärmsten Ausdrücken empfohlenen
147 1811 795 1853 Petitionen, alle die von langen Reden eingeleiteten Reso⸗
144 1839 798 1882 lutionen und alle die mit sichtlichstem Interesse empfan⸗
145 1861 796 1906 genen Deputionen sind nicht mehr und nicht weniger als
142 1893 796 1933 Visitkarten, welche die Herren Abgeordneten bei einer
142 1921 795 1962 zahlreichen Wählergruppe abgeben, die erst in den letzten
144 1949 796 1988 Jahren ins politische Leben einzutreten beginnt. Die
144 1973 798 2016 Beamten waren gewohnt, alles von oben zu erwarten;
145 2005 795 2044 spät haben sie dann entdeckt, daß es auch noch einen
140 2028 795 2073 zweiten Faktor gäbe, der ihnen helfen könnte, das
145 2057 794 2105 Parlament, und daß sie in der Lage sind, auf dieses
140 2085 796 2132 einen gewissen Druck anszuüben; und nun erst in aller⸗
140 2112 794 2156 letzter Zeit kommen sie allmälig darauf, daß es eine
141 2140 795 2180 dritte Macht gibt, die einzige, die sie weder täuscht noch
141 2166 796 2210 enttäuscht, die einzige, deren sie sicher sein können, nämlich
142 2195 795 2236 ihre eigene, in großen Organisationen zusammengefaßte
141 2218 795 2264 Macht. Allmälig, sehr allmälig kommen die Beamten zur
140 2249 794 2297 Erkenntniß, daß die besitzenden Klassen den Staat als
139 2277 794 2321 ihre Verwaltungsmaschine ansehen, die zwar für sie
139 2306 793 2348 verläßlich funktioniren, aber von möglichst billigen
138 2334 793 2379 Arbeitskräften bedient sein soll, und daß die be⸗
127 2364 792 2403 sitzenden Klassen als Gesammtheit ebenso wünschen, sich
143 2388 793 2429 ihren Staat wohlfeil herzustellen, wie der einzelne Kapitalist
143 2418 793 2457 bestrebt ist, den Kostenpreis seiner Leinwand oder seiner
145 2443 792 2488 Stiefelwichse möglichst herabzudrücken. Alle Methoden
143 2470 791 2516 der Lohndrückerei finden nach und nach auch bei den Be⸗
144 2499 793 2548 amten Eingang: Verlängerung des Arbeitstages, Lehrlings⸗
145 2531 794 2570 ausnützung, Ersatz der gelernten Arbeiter durch ungelernte
143 2558 789 2601 Taglöhner u. s. w. Daß die Lehrlinge Praktikanten,
144 2583 792 2626 die Taglöhner Diurnisten heißen, mag ihnen ja Spaß
140 2612 792 2655 machen, aber sättigend ist es nicht. Und dem einzigen
138 2639 793 2682 Vortheil, den der Beamte vor dem Arbeiter voraus⸗
140 2668 792 2713 hat, der größeren Sicherheit seiner Stellung steht
138 2693 793 2739 eine weit größere Abhängigkeit gegenüber. Am
141 2721 792 2764 empfindlichsten aber trifft den Beamten, daß sein
139 2752 792 2793 Lohn ein fixer ist und jahrzehntelang unbeweglich
140 2778 791 2823 fir steht, während alle Lebensbedürfnisse theurer werden und
144 2808 792 2851 gerade er der allgemeinen Erhöhung der Lebenshaliung
141 2834 792 2876 rings um ihn herum nachrücken muß, weil seine Stellung
141 2861 791 2901 das verlangt. Die Ehre der Beamtenstellung bildet jenen
138 2890 792 2928 Theil seines Lohnes, der dem Staate nichts kostet; aber
141 2915 791 2958 die Standesehre ist eine der Wurzeln des Beamtenelends.
142 2943 792 2994 Schweigend zu hungern ist geradezu ein Theil seiner
141 2976 280 3019 Amtspflicht.
207 2996 793 3043 Der Staat wünscht also so lange als möglich
144 3029 791 3074 mit den bisherigen schlechten Löhnen auszukommen; bei
144 3057 790 3102 der Beamtenarmee, die er kommandirt, bedeutet jede
143 3084 790 3133 Lohnerhöhung sofort ein Erforderniß von Millionen.
143 3113 793 3160 Wenn er sich aber zu einer dürftigen Aufbesserung
146 3138 793 3189 entschließen muß, so wünscht die Regierung natürlich, daß
147 3168 792 3216 die Beamten dafür ihr zu Dank verpflichtet seien und
147 3195 793 3246 nicht einzelnen Abgeordneten, am wenigsten jenen, die in
149 3222 795 3277 der Opposition sind. Darum ist Graf Kielmansegg „eifer⸗
150 3250 796 3306 süchtig". Die Abgeordneten wieder kommen trotz ihres
147 3277 795 3328 onteresses, die Stimmen der Beamten sich zu sichern,
148 3307 796 3363 über dringende, laute, aber fromme Wünsche nicht hinaus,
814 280 1464 330 und nie wird das Purlament wirkliche Energie anwenden,
813 317 1468 358 um den Beamten ernstlich zu helfen, denn die Parteien
1483 283 2141 328 dar, und er brachte Thatsachen vor, die den edlen Grafen
1481 309 2134 352 Thun in helles Licht rücken. Dr. Kramarsch machte mi⸗
813 345 1464 393 wünschen zwar eine billige Popularität, aber noch mehr
814 374 1070 411 eine billige Regieruug.
880 391 1464 442 Graf Kielmansegg wünscht nicht, daß die Beamten
813 426 1463 468 ins Parteigetriebe gezogen werden, und zwar weil er
815 453 1464 494 er von ihnen „strengste Unparteilichkeit“ verlangt. Das
814 482 1465 527 verlangen wir auch, aber wir gestehen, daß wir nicht
815 511 1464 550 wüßten, warum liberale oder kleritale Gesinnung die
814 538 1465 578 Unparteilichkeit mehr garantiren sollte als antisemitische
815 563 1467 606 oder — auch das kann mit der Zeit kommen — soztal⸗
816 591 1465 635 demokratische. Persönlische Anständigkeit, Rechtssinn
815 620 1465 661 und Pflichtbewußtsein ist mit jeder politischen An⸗
815 645 1466 687 schauung vereinbar, welche vielmehr von dem Grade der
815 674 1466 718 Einsicht in die Verhältnisse und vor allem von der
815 703 1465 747 Klassenzugehörigkeit abhängt. Nun wollen wir den
814 732 1465 773 Verdacht des Grafen Kielmansegg, die Unparteilichkeit
815 759 1465 799 der Bureaukratie sei durch die Politik gefährdet, gar
815 786 1465 828 nicht abschwächen und seine Erfahrungen gar nicht an⸗
814 815 1466 853 zweifeln. Der Beamtenkörper ist heute noch zumeist
815 843 1465 883 liberal, und der Minister mag ja wissen, welche Folgen
815 869 1466 911 das gehabt hat. Aber bisher hat über diese Thatsache
814 898 1466 936 niemals ein Minister geklagt. Erst da die Beamten nun
815 924 1466 965 beginnen, einer neuen Täuschung nachzujagen und ihre
814 954 1467 997 Hoffnung an die Antisemiten zu hängen, wird die Re⸗
817 980 1466 1021 gierung unruhig. Wir sind die Letzten, die von anti⸗
815 1008 1467 1049 liberaler Gesinnung der Beamten günstige Folgen für
816 1036 1467 1075 die Unparteilichkeit erhoffen, aber was wir von liberalen
816 1065 1467 1110 Beamten an Unparteilichkeit zu erwarten haben, wissen
815 1089 1184 1136 wir zur Genüge aus Erfahrung.
882 1112 1466 1156 Aber der Minister geht weiter: „Lärmende
816 1133 1462 1184 Agitationen der Beamten kann er nicht dulden."
816 1171 1466 1212 Warum nicht? fragen wir. Wo in allen den zahllosen
817 1201 1466 1241 Gesetzen ist der „Lärm“ verboten? Und wer gibt dem
816 1225 1466 1268 Minister das Recht, bei den Beamten „nicht zu dulden“
817 1254 1467 1297 was weder ungesetzlich ist noch anderen Staatsbürgern
817 1283 1465 1323 verwehrt werden kann? Wenn man die Beamten zu
817 1310 1466 1354 Staatsbürgern zweiter Klasse herabdrücken und ihre ihnen
816 1338 1465 1378 staatsgrundgesetzlich gewährleisteten Rechte einschränken,
816 1363 1466 1406 sie geradezu unter ein Ausnahmsgesetz stellen will, dann
818 1394 1466 1435 wird man sie schneller, als der hochwohlweisen Regierung
817 1420 1466 1459 lieb sein mag, darüber belehren, welche Rolle ihnen
818 1446 1467 1488 eigentlich im Staate zugewiesen ist, und welche Bedeutung
817 1476 1466 1517 die Beamtenuniform hat, die man als Ehrenkleid aufgefaßt
817 1502 1462 1545 zu sehen wünscht. Wären wir nicht der Ueberzeugung, daß
816 1528 1468 1572 jeder Druck den Bedrückten an seinem besten Kerne schädigt,
816 1556 1466 1607 wir könnten sehr zufrieden sein mit dieser Politik, denn
816 1585 1416 1624 die Früchte davon wird die Sozialdemokratie ernten.
881 1612 1465 1653 Aber Graf Kielmansegg begnügt sich nicht damit,
815 1632 1465 1683 die politische Agitation der Beamten „nicht zu dulden“,
815 1668 1467 1707 er erklärt auch, „nicht zu dulden, daß die Beamten,
815 1694 1467 1737 denen allerdings das Petitionsrecht zusteht, auf gewissen
814 1722 1468 1764 Tagen Beschlüsse fassen und Forderungen stellen" Der
815 1750 1467 1791 Minister verbietet den Beamten auch die Fachorganisation,
814 1777 1468 1820 ja, er sucht sie einzuschüchtern, indem er ihnen droht,
816 1805 1468 1845 „diejemgen, die das inszeniren, würden vielleicht das
815 1832 1467 1880 Gegentheil erreichen": er stellt die Maßregelung in Aussicht.
881 1855 1467 1903 Wir kennen unsere Herren Abgeordneten, und es
814 1887 1467 1930 wundert uns darum gar nicht, daß sich im Parlament
813 1914 1467 1957 Leute gefunden haben, welche an dieser Stelle der Rede
815 1942 1466 1984 des Ministers „lebhafte Zustimmung“ äußerten. Mit der
813 1971 1466 2011 Beamtenfreundlichkeit steht es nämlich genau so wie mit
814 1997 1466 2041 der Arbeiterfreundlichkeit, sie ist eitel Heuchelei. Diese
813 2025 1465 2068 Leute wollen angebettelt sein, aber ihre Schreibsklaven
811 2050 1466 2099 sollen ebenso kuschen, wie sie wünschten, daß ihre Fabriks⸗
812 2082 1191 2119 sklaven stumme Werkzeuge wären.
880 2107 1466 2151 Was da Graf Kielmansegg gesagt hat, ist im
814 2129 1466 2179 direkten Widerspruch mit den Staatsgrundgesetzen, und auf
814 2163 1466 2205 sehr naive Weise ließ er merken, daß er ein dunkles Be⸗
812 2189 1465 2233 wußtsein davon habe. Es fiel ihm plötzlich ein, daß die
812 2217 1463 2262 Beamten ein Petitionsrecht haben, das war der Moment, wo
813 2246 1462 2291 ihm die dunlle Erinnerung auftauchte, Beamte seien Staats⸗
814 2274 1461 2319 bürger; dann aber riß der Faden wieder, und er rergaß,
814 2300 1461 2347 daß sie ebenso wie das Petitions- auch das Versammlungsrecht,
813 2330 1462 2375 Vereinsrecht und das Recht der freien Meinungsäußerung
814 2357 1462 2400 haben, soweit alle diese Dinge in Oesterreich überhaupt
812 2382 1461 2428 vorhanden sind. Kein Minister kann gesetzlicherweise die
810 2412 1461 2455 Beamten hindern, Tage abzuhalten und Forderungen
812 2440 1461 2480 aufzustellen; die Beamten wären Kinder, wenn
811 2467 1460 2511 sie sich einschüchtern ließen, und beim ersten Versuche,
810 2495 1462 2536 ihr Recht zu beschneiden, haben sie sich einfach an das
811 2521 1458 2573 Reichsgericht zu wenden, das dem Herrn Minister klar⸗
811 2552 1212 2591 machen wird, wohin er sich verirrt.
871 2576 1460 2626 Es trifft sich gut, daß gerade in derselben Rede
812 2600 1459 2649 Graf Kielmansegg den Beamten versprochen, endlich
811 2630 1459 2676 eine Dienstpragmatik ausarbeiten zu lassen. Wenn sie in
811 2661 1460 2702 dem Geiste seiner Ausführungen ausfällt, wird sie den
810 2685 1460 2735 bewährtesten Fabriksordnungen an Strammheit nichts
810 2716 930 2754 nachgeben.
875 2739 1457 2789 Hoffen wir, daß die Beamten Einsicht genug haben,
810 2770 1457 2814 um von dieser Rede den richtigen Gebrauch zu machen:
809 2796 1458 2844 sie muß für sie eine Quelle unschätzbarer Belehrung
809 2826 1449 2867 werden und ihnen über das Wesen des Staates.
811 2852 1456 2895 dem sie dienen, und über die Zukuuft, die sie
810 2880 1456 2926 erwartet, mehr sagen, als hundert Versammlungsreden
809 2907 1457 2951 und tausend Zeitungsartikel. Die Beamten sind heute
810 2930 1456 2981 weit davon entfernt, Sozialdemokraten zu sein, aber wir
811 2961 1456 3005 können warten. „Untröstlich ist's noch allerwärts, doch
810 2991 1456 3040 sah ich manches Auge flammen, und klopfen hört' ich
807 3019 994 3056 manches Herz."
932 3071 1325 3138 Gesterreichischer Ftichsrath.
1482 339 2132 377 Recht, darauf aufmerksam, wie ruhig das groste
1484 355 2126 403 Sokolfest abgelaufen sei, weil die Polizei ihren Eifer aus
1482 387 2132 426 nahmsweise zu unterdrücken verstand; es scheint in Pran
1482 409 2130 452 ebenso zu sein wie in Wien. Dr. Kramarsch unterließ es
1482 438 2132 475 natürlich nicht, den Patriotismus der Tschechen mit
1482 460 2132 501 den stärksten Worten zu betonen und ihre Loyalitäf aufs
1482 487 2132 525 dickste herauszustreichen; das muß man eben mitnehmen. Die
1482 513 2131 549 gestrige und heutige Debatte zeigt, daß die Mythe von dem
1482 536 2131 574 nupolitischen Minisierium bald verschwunden sein wird. Graf
1483 563 2131 601 Kielmansegg sprach wie der selbstbewußte Minister eines fest⸗
1484 583 2132 627 stehenden Kabinets, das seiner Zukunft ziemlich sicher ist, und
1484 611 2134 651 es wird bald Anlaß sein, ihn den politischen Fragen ins
1485 635 2133 675 Gesicht zu stellen. Wenn Graf Kielmansegg so leichten
1483 662 2134 701 Herzens die politischen Rechte der Beamten negirt, so ist
1484 686 2133 725 das eine merkwürdige Parteilosigkeit, und sie kontrastirt mit
1483 711 2132 749 seiner Gleichgiltigkeit gegenüber dem Ausnahmszustand in
1484 735 2133 775 bedenklicher Weise. Der Prager Ausnahmszustand ist nun
1486 762 2024 803 gerichtet in den Augen aller einsichtigen Menschen.
1549 785 2134 825 Aus der übrigen Debatte ist die Berichtigung des Ab⸗
1484 811 2134 850 geordneten Dr. Dworschak hervorzuheben, welche die
1483 836 2135 876 Ziffernkunststücke des Ministers energisch zurückwies. Dr.
1484 862 2135 899 Dworschak fand auch ein ernstes Wort der Abwehr gegen
1484 885 2135 925 den Versuch, die auf dem Felde des Sanitätswesens in
1484 910 2133 951 Böhmen erzielten Erfolge dem Grafen Thun als Ver⸗
1484 933 2137 973 dienst anzurechnen, der an der Rettung der 29.000
1483 955 2136 998 Menschen so unschuldig ist wie ein neugebornes Kind. Es ist
1484 986 2137 1023 eine seltsame Beamteufreundlichkeit, welche die Thaten der
1486 1009 2135 1050 untergeordneten Beamten verschweigt und sie einem Statt⸗
1483 1036 2137 1075 halier zuschreibt, der gewöhnlich am Orte des Un⸗
1486 1058 2137 1100 glücks erscheint, um „Hilfe und Trost zu spenden“
1485 1080 2136 1119 wie dann so rührend aus Prag telegraphirt wird.
1485 1107 2142 1147 Der Abgeordnete Morre besprach die Murregulirungs
1486 1133 2135 1173 arbeiten und die Gefahren für die Stadt Radkersburg mit
1486 1161 2135 1197 einem etwas umständlichen, aber doch wirkungsvollen
1485 1185 2135 1224 Sarkasmus. Einen merkwürdigen Berichterstatter hat das
1485 1208 2133 1251 Kapitel an Herrn Kathrein gehabt, der konsequent auf
1485 1235 2135 1274 das Wort verzichtete. Die Welt wird daran nicht viel ver⸗
1483 1257 2136 1295 lieren: wozu aber dann der Schein? — Der Etat des
1484 1279 2144 1321 Ministeriums des Innern wurde heute erledigt und die Be⸗
1484 1308 2138 1345 rathung des Etats des Landesvertheidigungsministeriums
1485 1332 2138 1377 sodann begonnen. Abgeordneter Steiner brachte einige
1485 1357 2040 1399 alte Beschwerden vor, die leider immer neu bleiben.
1550 1387 1817 1429 Nachstehend der Bericht:
1551 1410 2135 1453 Abgeordueteuhaus. (406. Sitzung.) Präsident Frei⸗
1487 1441 2133 1483 herr v. Chlumecky eröffnet die Sitzung um 10 Uhr 15 Mi⸗
1485 1465 1672 1500 nuten Vormittags.
1554 1472 2135 1521 Es wird zur Tagesordnung überaegangen, das ist die
1486 1502 2134 1552 Fortsetzung der Speztaldebatte über das Budget.
1551 1528 2134 1564 Die Debatte über die ersten drei Titel des Ministeriums ist
1486 1549 2134 1590 abgeschlossen, und es gelangt zum Worte der in der gestrigen
1486 1575 1923 1611 Sitzung zum Generalredner contra gewählte
1551 1587 2134 1629 Abgeordneter Dr. Kramarsch, welcher zunächst die An⸗
1486 1611 2134 1659 regung des Abgeordneten Promber bezüglich der Verländerung des
1486 1640 2134 1674 Versicherungswesens unterstützt. Sodann geht er auf die gestrigen
1485 1663 2135 1699 Ausführungen des Ministers des Innern über. Diese Aus⸗
1485 1686 2136 1721 führungen, sagt Redner, haben uns nicht gerade an⸗
1485 1705 2136 1743 genehm überrascht. Die jetzige Regierung hat sich
1487 1728 2140 1764 in diesem Hause eingeführt als eine durch und durch pro⸗
1487 1749 2135 1786 visorische, welche zu keiner volitischen Frage eine entschiedene
1486 1772 2134 1807 Stellung nehmen will (Zustimmung bei den Jungtschechen,
1487 1796 2134 1833 und welche keine andere Aufgabe hat, als den Staatshaushalt
1485 1819 2133 1851 zu besorgen. Daraus ist auch unsere gewisse Reserve entsprungen.
1487 1840 2133 1876 Gestern ist der provisorische Leiter des Ministerpräsidiums eiwas
1486 1861 2136 1898 aus der Rolle gefallen. Er hat zu definitiv ge⸗
1485 1884 2135 1920 sprochen (Zustimmung bei den Jungtschechen) über die Zukunft.
1486 1905 2135 1941 aber auch zu defintiv über Sachen, über welche er nach seinem
1485 1929 2143 1962 eigenen Geständniß noch nicht die genügende Kenntniß hat. Zu⸗
1485 1950 2137 1986 stimmung bei den Jungezechen.) Mit einigen Bemerlungen des
1484 1974 2136 2009 Ministers in der Beamten'rage stimmen wir überein, vor allem
1485 1995 2136 2029 damit, daß es absolut unzuträglich ist im allgemeinen Staats⸗
1484 2016 2136 2054 interesse, wenn die Frage der Beamtengehalte im Hause licitan!o
1483 2040 2136 2075 unter den Parteien behandelt wird. Es ist Pflicht des Staates.
1485 2060 2136 2096 seine Beamten so zu emlohnen, damit sie sich nicht hintangesett
1484 2084 2137 2120 fühlen und von den einzelnen Parteien die Hilfe geradezu erbetteln
1483 2103 2136 2143 müssen. Wir stimmen auch mit ihm überein darin, daß er
1484 2126 2137 2167 den Beamten eine siewisse Enthaltung in poli⸗
1484 2149 2135 2186 tischen Dingen empfiehlt, und begrüßen diese Wandlung in
1485 2168 2135 2206 den Ansichten, denn es ist noch nicht so lange her, daß es
1484 2191 2128 2230 am Platze gewesen wäre, daß ein Ministerpräsident dem Stan
1483 2216 2128 2250 halter von Niederösterreich diesen guten Rath gegeben hättt
1483 2236 2135 2272 (Beifall bei den Jungtschechen.) Dann wäre es yielleicht nicht vor⸗
1483 2260 2139 2296 gekommen, daß er als Statihalter das Fest des Deutschen Schul
1481 2284 2136 2318 vereines besuchte. Beifall bei den Jungtschechen.) Es hätte der
1481 2305 2132 2340 Fürst Windischgrätz dem Siatthalter von Niederösterreich den⸗
1476 2329 2135 2363 selben guten Rath ertheilen können, den gestern der provisorische
1481 2350 2133 2387 Ministerpräsident den Beamten zu ertheilen für seine Pflicht hielt
1481 2373 2134 2408 (Beifall bei den Jungtschechen.) Graf Kielmansegg hat zwar
1480 2395 2134 2432 den Beamten gnädig das Petitionsrecht nicht absprechen wollen.
1480 2418 2132 2452 aber er hat gesagt, daß Versamniungen, in denen die Beamten
1480 2438 2132 2473 über ihre Standesinteressen sprechen wollen. den Beamten nur
1481 2456 2137 2498 schaden können. Vor allem ist ein solcher Wink mit dem Zaun⸗
1480 2480 2135 2518 pfahl nicht konstitutiouell. (Zustimmuna bei den Jung⸗
1479 2504 2128 2541 tschechen.) Die Beamten sind sozusagen auch Staatsbürger und
1479 2525 2127 2564 haben auch staatsbürgerliche Rechte, und zu den unschuldigsten
1478 2546 2126 2585 staatsbürgerlichen Rechten gehört es doch, daß gewisse Kor⸗
1481 2571 2130 2618 vorationen über ihre gemeinsamen Interessen und Angelegenheiten
1475 2593 1577 2632 berathen.
1542 2602 2133 2656 Der Minister beschäftigte sich aber auch mit dem
1475 2633 2133 2675 Prager Ausnahmszustande. Hätie er sich auf die
1472 2656 2136 2697 Erklärung beschränkt, daß die Regierung zu kurze Zeit im Amte
1472 2678 2136 2722 sei und die Sache erst gewissenhaft prüfen wolle, so hätten wir
1476 2702 2135 2740 nichts dagegen eingewendet. Aber das, was er in ganz un⸗
1474 2724 2131 2765 nützer und überflüssiger Weise hinzufügte, ging
1472 2744 2136 2787 entschieden aus dem Rahmen der Parteilosigkeit heraus, und es
1477 2769 2129 2811 darf sich niemand darüber wundern, daß unsere Stellung der
1472 2792 2132 2837 gegenwärtigen Regierung gegenüber nach dieser gestrigen Rede
1473 2816 2130 2854 eine viel schärfere und entschiedenere geworden.
1470 2836 2127 2877 als sie es früher war. (Beifall bei den Jungtschechen.)
1473 2855 2131 2900 Aus der Selbsthiogravhie, welche uns der Minister gestern so
1469 2879 2132 2922 liebenswürdig und unaufgefordert geliefert hat (Heiterkeit bei den
1470 2901 2130 2942 Jungtschechen), haben wir nicht auch entnommen, daß ihn sein
1469 2924 2128 2968 Lebenslauf nach Böhmen geführt hat. Er kennt also die Verhält⸗
1470 2946 2129 2987 nisse in Böhmen nur aus der Vogelperspektive. Wenn er sie aber
1469 2967 2126 3011 auch gründlich teunen würde, wäre es unbegreiflich, wie er sick
1472 2990 2125 3037 fragen kann, ob iemand unter dem Ausnahmszustand leidet. Wit
1473 3013 2127 3059 haben wenigstens eine ganz andere Auffassung von dem Ansehen
1469 3037 2124 3081 unseres Staates nach außen, als die es ist, welche sich in diesen
1470 3055 2128 3106 Worten wiederspiegelt. (Beifall bei den Jungtschechen.) Für uns
1466 3079 2121 3128 ist es nicht gleichgiltig, wenn in einem Staate, dem wir ange⸗
1467 3102 2120 3153 hören, in dem wichtigsten Lande, in der zweitgrößten
1466 3121 2120 3177 Stadt der Ausnahmszustand herrscht. (Beifall bei den Jung⸗
1465 3147 2120 3194 tschechen.) Das ist für die innere Konsolidirung des
1466 3168 2118 3219 Reiches kein gutes Zeugniß. (Erneuerter lebhafter
1464 3189 2118 3238 Beifall bei den Jungtschechen.) Der Minister meint, daß
1458 3208 2121 3263 die Deutschen in Prag den Ausnahmszustand im Interesse des
1460 3233 2114 3284 nationalen Friedens wünichen. Die mniedliebenden Deutschen in
1460 3254 2115 3307 Prag haben nicht die geringste Ursache, einen Ausnahmszustand
1461 3278 2110 3328 herbeizusehnen. Wenn aber die Deutschen in Prag wirklich einen
1459 3301 2114 3350 Schutz durch Ausnahmszustände brauchen würden, was sollten
1460 3322 2116 3382 wir für unsere Minoritäten in dem sogenannten aeschlossenen
1264 3129 1435 3170 Wien, 5. Juli.
873 3148 1453 3196 Wenn Graf Kielmansegg sich gestern darauf berief, daß
813 3179 1449 3224 er die Zustände in Prag nicht kenne und daher nicht selbst
812 3205 1459 3249 zu beurtheilen vermöge, ob die Fortdauer des Ausnahms⸗
820 3231 1457 3274 zustandes nothwendig sei, so dürfte ihn die heutige Rede des
814 3255 1458 3298 Abgeordneten Kramarsch wesentlich aufklären. Der!
816 3280 1447 3325 jungtichechische Redner legte mit bemerkenswerther Schärfe
816 3302 1455 3354 die, demyralisirenden Folgen des Ausnahmszustandes
