3597 5362
321 222 473 262 Seite 4
887 224 1202 271 Wien, Samstag
1620 225 2027 279 Arbeiter-Zeitung.
2476 233 2750 278 1. Juli 1911
3151 242 3321 280 Nr. 178
558 326 986 414 Telegramme.
267 462 1274 508 Die deutſchen Verſicherungsgeſellſchaften und das
432 506 1109 551 italieniſche Monopoliſierungsgeſetz.
368 556 1273 597 Berlin, 30. Juni. Heute fand in Berlin die Kon⸗
266 594 1272 638 ſtituierung eines Verbandes ſtatt, der den Zweck haben
265 634 1269 676 ſoll, die deutſchen Lebensverſicherungs⸗
265 673 1267 715 geſellſchaften ſowie alle, diejenigen Unter⸗
264 712 1270 754 nehmungen und Einzelperſonen, deren Eigentum durch
264 750 1272 793 die beabſichtigte Einführung des italieniſchen
267 790 1271 831 Staatsmonopols für Lebensverſicherung
265 828 1271 877 gefährdet iſt, zu einem gemeinſamen Vorgehen zu ſammeln.
265 867 1269 915 Der Verband beabſichtigt zunächſt, ſich in einer eingehend
265 906 1270 949 begründeten Darſtellung an die deutſche Reichsregierung
266 945 1270 993 zu wenden und um Wahrung der deutſchen
266 984 1269 1031 Intereſſen zu bitten. Hiezu wird auch die Erſtattung
267 1017 1268 1064 von Gutachten durch Autoritäten auf dem Gebiet des
266 1061 1269 1104 Staatsrechtes dienen. Der Verband wird ferner eine
263 1100 807 1142 öffentliche Kundgebung erlaſſen.
669 1158 859 1202 Spionage.
365 1208 1268 1250 Leipzig, 30. Juni. Kapitän Lux wurde vom
261 1239 1265 1293 Reichsgericht wegen verſuchten Verbrechens nach § 1
259 1286 1266 1328 des Spionagegeſetzes zu ſechs Jahren
260 1323 1268 1372 Feſtungshaft verurteilt. Er war Leiter eines Nach⸗
261 1363 1266 1405 richtenbureaus in Belfort und hatte ſich in dieſer Eigen⸗
261 1401 1265 1449 ſchaſt mit verſchiedenen Perſonen in Deutſchland mündlich
260 1440 1267 1483 und brieflich in Verbindung geſetzt, um geheime Nach⸗
261 1479 595 1520 richten zu erlangen.
364 1535 1162 1580 Der Rücktritt des Miniſteriums Pafitſch.
362 1587 1269 1633 Belgrad, 30. Juni. Das Kabinett Paſitſch hat
260 1619 1267 1667 ſeine Demiſſion gegeben. Die unmittelbare Urſache des
260 1664 1268 1707 Rücktritts iſt der Konflikt zwiſchen den Miniſtern
259 1703 1268 1751 Protitſch und Prodanowitſch. Dennoch herrſcht
260 1742 1267 1783 in den politiſchen Kreiſen doch die Auffaſſung vor, daß die
261 1780 1267 1822 Kriſe die natürliche Folge des ſeit längerer Zeit wahr⸗
261 1819 1266 1861 nehmbaren Auflöſungsprozeſſes innerhalb der radikalen
262 1858 1264 1899 Koalition ſei, welcher aller Vorausſicht nach zur Auf⸗
266 1897 910 1937 löſung der Skuptſchina führen werde.
368 1944 1268 1985 Belgrad, 30. Juni. Wie verlautet, ſoll mit der
262 1981 1267 2023 Bildung eines von Vertretern der beiden radikalen
262 2020 1266 2063 Parteien zuſammenzuſetzenden Geſchäftskabinetts
262 2059 1267 2104 der Präſident der Skuptſchina Andra Nikolitſch betraut
261 2099 387 2131 werden.
396 2155 1135 2201 Die bulgariſche Nationalverſammlung.
362 2206 1266 2244 Tirnowo, 30. Juni. Miniſterpräſident und Miniſter des
260 2248 1262 2287 Aeußern Geſchow gibt ſeinem Bedauern darüber Ausdruck,
259 2293 1263 2330 daß es in der Nationalverſammlung zu Angriffen gegen den
258 2336 1265 2373 König gekommen ſei, und erklärt, dieſes Vorgehen ſtehe in
257 2380 1260 2417 ſchroffſtem Gegenſatz zum wahren Parlamentarismus. Die von
258 2423 1262 2460 der äußerſten Linken aufgeſtellte Behauptung, daß der König
258 2465 1261 2503 die große Nationalverſammlung nicht zu eröffnen habe, beruhe
259 2509 1266 2545 auf Ganz irrtümlichen und nach dem Texte der Verfaſſung un⸗
257 2551 1266 2589 zuläſſigen Interpretationen. Die Vorlage ziele keineswegs darauf
258 2595 1266 2632 ab, die Prärogativen der Krone zu erweitern, ſondern bezwecke im
257 2638 1263 2675 Gegenteil in ihrer Geſamtheit, die Rechte der Nation zu befeſtigen
256 2681 1256 2718 und zu rgrößern. Was den Artikel 17 im beſonderen anlange
257 2723 1260 2760 ſo enthalte dieſer nicht eine Erweiterung der Rechte des Herrſchers,
255 2766 1264 2804 ſondern vielmehr der Rechte Bulgariens, welches, von nun an
257 2809 1264 2846 auf ſich ſelbſt geſtützt, wie andere Staaten geheime Verträge
254 2851 1264 2889 werde abſchließen können. Dieſe Verträge ſeien notwendig.
255 2893 1264 2932 Wenn man ſich die Geſchichte Europas in den letzten zwanzig
256 2937 1264 2975 oder dreißig Jahren vor Augen hält, ſo ſehe man, daß der
256 2980 1212 3018 Friede gerade durch einige geheime Verträge geſichert wurde.
358 3024 1263 3061 Miniſter des Innern Ludskanow erklärt: Das, was
255 3067 1263 3105 man das perſönliche Regime genannt hat, das
252 3110 1263 3149 Regime, das ſeinen Ausdruck fand in Regierungen, die
250 3154 1263 3192 nicht entſprechend ihrem Einfluß in der
251 3197 1263 3237 Sobranje, wo die Weiſungen der Nation im Wege der
253 3240 1261 3282 vorhergegangenen Wahlen gegeben werden, ſondern kraft
253 3284 1258 3323 der Vorrechte des Königs zur Macht berufen
254 3327 1262 3368 wurden, jenes Regime, dem die ganzen Verhältniſſe des Landes
257 3371 1261 3411 zu Hilfe gekommen ſind, wird verſchwinden und unmöglich
256 3414 1261 3452 werden, ſobald die Selbſtverwaltung der Gemeinden
251 3458 1262 3495 geſichert ſein wird, ſobald alle Parteien im Parlament ent⸗
251 3500 1261 3537 ſprechend ihrem Gewicht und dank dem Proportionalſyſtem ver⸗
249 3542 1261 3580 treten ſein werden, ſobald die Bürger gegen alle Mißbräuche
249 3585 1261 3625 und Irrtümer durch Verwaltungsgerichtshöfe geſichert ſein
248 3630 1260 3669 werden, ſobald endlich die politiſche Erziehung des Landes
249 3673 1260 3714 weiter vorgeſchritten und eine aufgeklärte und ſtarke öffentliche
248 3717 1259 3759 Meinung beſtehen wird, die ihre Rechte zu verteidigen und ihre
249 3765 747 3801 Pflichten zu achten wiſſen wird.
352 3804 1258 3845 Hierauf nahm die Nationalverſammlung die Vorlage
249 3849 1097 3889 mit großer Majorität in erſter Leſung an.
352 3890 1259 3933 Die Abſtimmung wurde mit großem Beifall auf⸗
251 3949 423 3977 genommen.
474 3988 1038 4037 Die harmloſe Höllenmaſchine.
359 4037 1261 4077 Madrid, 30. Juni. Amtlich wird gemeldet: Geſtern iſt
254 4081 1261 4122 in einer Seitengaſſe der Calle Mayor eine mit ſchwarzem
253 4124 1259 4167 Pulver gefüllte Höllenmaſchine in dem Augen⸗
251 4168 1260 4212 blicke geplatzt, als die euchariſtiſche Prozeſſion
252 4213 1261 4256 vorbeizog. Verletzt wurde niemand. Eine Perſon wurde ver⸗
253 4261 732 4299 haftet, doch wieder freigelaſſen.
566 4304 959 4349 Das Seepriſengeſetz.
359 4350 1262 4398 London, 29. Juni. Das Unterhaus ſetzte heute
254 4390 1262 4437 die Debatte über das Seepriſengeſetz fort. Die
255 4430 1261 4481 Verhandlung wird vorausſichtlich nicht vor Montag
258 4474 961 4521 Abends zu Ende geführt werden können.
593 4524 931 4571 Unruhen in Hull.
363 4571 1265 4624 London, 30. Juni. Heute Früh ſind fünfhundert
259 4611 1265 4668 Polizeileute nach Hull abgegangen, wo die Un⸗
258 4651 1264 4707 ruhen bis 4 Uhr Früh andauerten. Berittene Polizei trieb
258 4698 807 4743 die Demonſtranten auseinander.
364 4735 1268 4793 London, 30. Juni. Die Konferenzen zwiſchen den
262 4779 1267 4836 Ausſtändigen und den Unternehmern in Hull, die unter
262 4819 1265 4877 Leitung des Handelsamtes ſtattfinden, find auf un⸗
262 4863 958 4915 beſtimmte Zeit vertagt worden.
368 4903 1265 4956 Hull, 30. Juni. Eine von mehr als tauſend An⸗
264 4939 1268 5006 geſtellten der Wilſon Line beſuchte Verſammlung hat
265 4975 1269 5047 heute faſt einſtimmig die Bedingungen der Arbeitgeber
270 5019 1269 5086 zurückgewieſen und die Fortſetzung des Ausſtandes
267 5062 1269 5125 beſchloſſen. Der Verſammlung wohnte auch ein Vertreter
265 5115 655 5159 des Handelsamtes bei.
1444 330 2198 376 Eine neue Form der Truſtbekämpfung.
1421 372 2323 415 New⸗York, 30. Juni. Die Erhebung von An⸗
1319 411 2324 454 klagen gegen 83 Einzelperſonen, unter
1319 450 2325 492 denen ſich viele bekannte Finanzleute, Induſtrielle
1318 487 2325 531 und Anwalte befinden, wird als der Beginn
1318 526 2324 570 einer neuen Regierungspolitik gegen die Truſt⸗
1317 566 2324 609 geſellſchaften angeſehen, welche gegen die
1316 604 2324 647 Untergeſellſchaften anſtatt gegen die Hauptkorporationen
1317 643 2324 685 gerichtet iſt. Das Juſtizdepartement führt vier voneinander
1317 682 2321 725 unabhängige Unterſuchungen gegen die Untergeſellſchaften,
1315 714 2322 764 wobei dieſe in vier Gruppen nach der Produktionsart ein⸗
1318 754 1508 800 geteilt ſind.
1520 851 2115 943 Tagesneuigkeiten.
1417 955 2322 994 * Die Habsburglotterie. Rudolf von Habsburg iſt nicht
1314 998 2324 1038 nur Gegenſtand einer Schillerſchen Ballade, ſondern auch einer
1315 1041 2324 1080 Denkmallotterie geweſen, noch dazu unter dem Protektorat
1314 1084 2323 1125 eines ſehr hohen Herrn. Das ſchöne, ſchlichte, alte Burg⸗
1316 1122 2323 1166 tor ſoll fallen und an ſeiner Stelle ſoll, gegenüber dem
1314 1170 2324 1208 Maria Thereſia⸗Monument, ein möglichſt koloſſales Denkmal
1316 1213 2324 1251 Rudolfs von Habsburg aufgerichtet werden. Der Einfall, die
1313 1256 2323 1294 Burg um ihr altes, ſchönes Tor zu bringen und an ſeine Stelle
1312 1299 2323 1338 irgend ein protziges, von Allegorien wimmelndes Monument zu
1312 1342 2322 1380 ſetzen, iſt barbariſch und eigentlich müßte die k. k. Kommiſſion
1312 1382 2323 1424 zur Erhaltung hiſtoriſcher Baudenkmäler beim Thronfolger
1316 1428 2322 1466 energiſch einſchreiten... Zum Glück aber fehlt es vorläufig an
1317 1471 2323 1519 den Moneten. In die eigene Taſche wollte kein Rudolf von Habs⸗
1315 1514 2323 1552 burg⸗Verehrer greifen, ſo wurde denn eine Denkmallotterie ver⸗
1313 1558 2322 1596 anſtaltet. Vor ein paar Tagen wurde nun verrechnet. Es
1311 1600 2321 1638 wurden 212.675 Habsburgloſe verkauft, und zwar um 170.905
1310 1644 2321 1682 Kronen. Die Koſten der Habsburglotterie waren ſelbſtverſtändlich
1312 1687 2321 1724 hoch. Für Regie, Druckſorten und Treffer wurden 167.764 Kronen
1312 1730 2321 1769 ausgegeben. Die ganze Habsburglotterie ergab alſo nur einen
1312 1773 2321 1811 kleinwinzigen Reingewinn von 3159 Kronen 9 Heller. Die wurden
1312 1816 2321 1855 dem Denkmalfonds zugeführt. Um 3159 Kronen kann das ſchöne
1312 1859 2321 1898 alte Burgtor kaum niedergeriſſen, geſchweige denn ein genügend
1311 1902 2321 1939 pompöſes Rudolf von Habsburg⸗Denkmal erbaut werden. So bleibt
1311 1945 2321 1983 denn der ſchöne Burgplatz wie er war und kein Protektor kann
1311 1988 2321 2027 an ihm rühren. Es wird alſo nichts übrig bleiben, die Habsburg⸗
1312 2031 2320 2069 lotterie in infinitum fortzuſetzen. Hoffentlich ſteigt endlich der
1312 2075 1507 2109 Ertrag!...
1414 2117 2316 2155 * Der letzte Tag des billigen Rauchens. Geſtern, am
1310 2160 2317 2200 letzten Tage der alten Preiſe für Zigarren und Zigaretten,
1310 2203 2316 2242 herrſchte in ſämtlichen Wiener Trafiken ein förmlicher Maſſen⸗
1310 2247 2321 2284 andrang. Ein Teil des rauchenden Publikums hat ſich auf
1310 2290 2319 2328 zwei bis drei Monate mit Rauchmaterial vorgeſehen, ſo daß
1309 2333 2318 2372 die Verteuerung der Zigarren und Zigaretten für dieſen be⸗
1307 2377 2319 2414 ſitzenden Teil der Raucher nicht nur minder
1309 2419 2314 2457 fühlbar ſein wird als für das Proletariat, ſondern auch in
1310 2462 2316 2500 den nächſten Wochen überhaupt nicht vorhanden ſein wird.
1309 2505 2318 2544 In den Spezialitätentrafiken auf dem Kohlmarkt und auf der
1310 2548 2317 2588 Mariahilferſtraße herrſchte ein derartiger Andrang, daß das
1310 2593 2316 2630 Publikum oft länger als eine Stunde warten mußte.
1310 2635 2313 2673 In den Nachmittagsſtunden waren in den Spezialitätentrafiken
1310 2672 2314 2716 die meiſten Sorten der gangbarſten Spezialitätenfabrikate aus⸗
1310 2720 2316 2760 gegangen. Was insbeſondere die Erhöhung der Zigaretten⸗
1310 2763 2317 2802 preiſe betrifft, ſo ſcheint ein großer Teil der Zigarettenraucher
1309 2806 2317 2845 nunmehr zum Selbſtanfertigen von Zigaretten übergehen zu
1309 2849 2318 2888 wollen und hat ſich mit Zigarettentabak verſehen. Eine be⸗
1307 2893 2317 2931 ſondere Nachfrage herrſchte nach Purſitſchan⸗ und Kyrzigaretten⸗
1308 2935 2315 2973 tabak, welch beide Sorten jedoch in den Nachmittagsſtunden
1308 2979 2316 3015 überhaupt nicht mehr erhältlich waren. Abends fand in den
1306 3021 2317 3060 Tabaktrafiken durch Finanzorgane eine Inventuraufnahme ſtatt
1306 3064 2315 3102 und es werden die Trafikanten die Differenz von dem er⸗
1307 3108 2314 3146 höhten Betrag auf den alten Preis für die Lagerbeſtände nach⸗
1306 3151 2312 3189 zuzahlen haben. In den Trafiken wurden geſtern namentlich
1307 3194 2315 3233 enorme Mengen von Sportzigaretten abgeſetzt, welche ſchachtel⸗
1307 3237 2315 3275 weiſe gekauft wurden. Auch Zigarren jeder Sorte wurden
1306 3280 2314 3318 vielfach hundertſtückweiſe verlangt. Die Trafikanten hatten dieſen
1308 3324 2314 3361 Anſturm des Publikums vorausgeſehen und ſich mit größeren
1306 3367 2314 3406 Vorräten verſehen, doch genügten dieſe in den meiſten Fällen
1305 3411 2312 3448 den Anforderungen nicht; die gangbarſten Sorten waren in
1306 3454 2270 3492 zahlreichen Fällen in den Abendſtunden nicht mehr zu haben.
1412 3497 2312 3533 * Geſchäftliches aus dem Erſten Wiener Volks⸗
1307 3539 2311 3577 küchenverein. Es wird uns geſchrieben: Der Erſte Wiener
1305 3583 2312 3623 Volksküchenverein verkaufte dem Zentralverein zur Beköſtigung
1305 3627 2312 3665 armer Schulkinder in Wien während der allwinterlichen, vom
1305 3670 2312 3710 1. Dezember bis 31. März andauernden Schulkinderausſpeiſungen
1305 3713 2311 3753 eine Schulkinderportion, beſtehend aus 30 Zentiliter Gemüſe
1303 3756 2310 3796 oder Milchſpeiſe nebſt einem Weißwecken zu 10 Dekagramm,
1303 3799 2311 3838 um den vereinbarten Betrag von 9½ Heller, wovon 5½ Heller
1303 3843 2311 3881 für die Speiſe und 4 Heller für den Wecken gerechnet werden.
1305 3886 2310 3929 Nun bezahlte der Volksküchenverein den Bäckern dieſe Wecken
1304 3930 2311 3967 mit zehn Prozent Nachlaß, verkaufte ſie aber an den
1304 3973 2310 4010 Beköſtigungsverein ohne Nachlaß und erzielte dadurch einen
1306 4016 2309 4053 Gewinn von 0-4 Heller bei jedem Wecken, was in den letzten
1304 4057 2313 4095 zehn Jahren (von 1901 bis 1910) den Betrag von 25.380
1303 4100 2311 4142 Kronen ausmachte. Von dieſem Geldbetrag hätten in zehn
1304 4144 2311 4186 Jahren täglich durchſchnittlich 275 arme, zu⸗
1305 4188 2310 4227 meiſt der Arbeiterklaſſe und sonſt ärmeren
1303 4232 2311 4270 Bevölkerung angehörende Schulkinder
1306 4274 2309 4314 mehr verköſtigt werden können. Andererſeits brüſtet ſich der
1305 4316 2309 4355 Volksküchenverein im zweiten Teile ſeines Rechenſchaftsberichtes
1305 4359 2309 4400 für 1909, daß er dem Beköſtigungsverein in den Jahren
1306 4402 2308 4443 1904 bis 1906 die Einrichtung für elf Schulausſpeiſeſtellen im
1306 4446 2308 4487 Betrag von 5066 Kronen und weiter im Jahre 1910 die
1307 4489 2309 4532 Zentralſchulküche in Favoriten im Werte von 10.562 Kronen
1308 4533 2308 4574 opferwillig und geſchenkweiſe gewidmet hat. Jetzt ſteht man
1309 4576 2308 4617 aber, daß dieſe beiden vom Volksküchenverein gebrachten
1309 4619 2308 4660 Opfer von zuſammen rund 15.600 Kronen ſchon durch den
1309 4661 2308 4701 Verkauf der Wecken an den Beköſtigungsverein längſt herein⸗
1311 4704 2307 4748 gebracht wurden und dieſer Verein ſich eigentlich dieſe an⸗
1311 4747 2305 4792 geblichen Schenkungen auf indirekte Weiſe ſelbſt gezahlt hat.
1309 4790 2306 4833 Da jedoch der Volksküchenverein auch andere Auslagen für
1311 4833 2304 4877 die Schulkinderausſpeiſungen hatte, ſo wollen wir noch nach⸗
1311 4876 2304 4920 ſehen, ob beim Verkauf der Schulkinderausſpeiſeportionen an
1314 4919 2304 4963 den Beköſtigungsverein nicht etwa ein Gewinn zur Deckung
1315 4962 2020 5003 der Regie erzielt wurde. Kann man's wiſſen?
1416 5006 2303 5048 * Brettel und Miniſterbank. Aus Paris ſchreibt
1318 5050 2302 5091 man uns: Das neue Miniſterium hat unter ſeinen Mitgliedern
1322 5094 2302 5134 einen bekannten Cabaretdichter. Der Landelsminiſter Conyba
2367 334 3379 378 hat nämlich unter dem Pſeudonym Boukay eine Menge
2368 378 3378 419 ſentimentaler und pathetiſcher Chanſons geſchrieben, die in der
2369 421 3378 464 Blüteperiode des Cabarets zum Repertoire der bekannteſten
2369 465 3377 506 Brettelſänger gehörten. Heute iſt der „Chat Noir“ längſt in
2369 507 3379 548 Zinswohnungen parzelliert, ſein ſkrupelloſer Direktor Salis iſt
2368 550 3379 591 als Salonherr in der Provinz geſtorben, der Maler Willette hat
2368 593 3377 634 die Ehrenlegion, Maurice Donnay iſt einer der Unſterblichen der
2368 636 3377 678 Akademie, Conyba wird jetzt die — ach ſo flüchtigen — Ehren
2368 679 3378 718 der Miniſterſchaft genießen — nur der alte Barde Marcel
2368 722 3378 763 Legay mit der inzwiſchen ſehr ſchütter gewordenen Mähne
2368 766 3377 807 donnert noch immer auf dem rechten und linken Ufer der Seine
2369 809 3378 850 allabendlich die Boukayſche Todesmahnung: „Tu l’en iras les
2368 852 2582 887 pieds devant.“
2472 905 3377 946 * Die Kahlenbergbahn und ihre Bedienſteten, Ein
2368 948 3388 989 Angeſtellter der Kahlenbergbahn ſchreibt uns: Die Redaktion der
2368 991 3379 1033 Arbeiter⸗Zeitung würde die Bedienſteten der Kahlenbergbahn zu
2369 1034 3378 1076 großem Dank verpflichten, wenn ſie folgende Tatſachen in ent⸗
2368 1074 3390 1117 ſprechender Form der Oeffentlichkeit mitteilen würde. Von allen
2369 1121 3380 1162 Autoritäten wird zur Bekämpfung der Tuberkuloſe und um ihr
2368 1159 3391 1206 vorzubeugen der Aufenthalt in reiner, friſcher Luſt angeordnet.
2368 1206 3390 1247 Daher hat man Ferienkolonien und Luftkurorte für die Kranken
2368 1249 3391 1290 geſchaffen und jeder Unternehmer gewährt ſeinen Bedienſteten
2368 1292 3390 1334 einen Erholungsurlaub, um deren Kraft und Geſundheit wieder
2367 1336 3378 1376 aufzufriſchen. Die Staatsbahnverwaltungen gewähren außerdem
2367 1378 3378 1419 den Bedienſteten ſowie deren Angehörigen in Wien freie Fahrt
2368 1421 3375 1464 auf ihren Linien, damit es ihnen möglich iſt, recht viel in die
2367 1464 3378 1506 friſche Luft hinauszukommen. Nur die Kahlenbergbahn, die
2367 1508 3376 1549 infolge der elenden Entlohnung die Bedienſteten zwingt, in
2368 1551 3376 1592 geſundheitsſchädlichen Wohnungen zu Hauſen, gewährt ihren
2366 1594 3375 1635 Bedienſteten nicht nur keinen Erholungsurlaub,
2365 1638 3375 1678 ſondern es wird ihnen ſogar noch erſchwert, in die friſche Luft zu
2365 1681 3376 1722 kommen. Da das Perſonal weder auf fremden Bahnen noch auf
2366 1725 3377 1764 der eigenen Bahn eine Ermäßigung hat, den teuren Fahrpreis
2369 1767 3377 1806 aber nicht erſchwingen kann, ſo find die Leute angewieſen, wenn
2365 1810 3378 1850 ſie ein bißchen in den Wald hinaus wollen, um eine Freikarte bei
2367 1852 3377 1892 der eigenen Bahn ſchriftlich unter Angabe der Namen der An⸗
2367 1896 3375 1934 gehörigen bei der Direktion anzuſuchen. Dabei iſt es noch nicht
2366 1939 3374 1976 ſicher, ob der Bedienſtete dieſe auch bekommt. Daß dies nur eine
2365 1982 3373 2020 Gehäſſigkeit gegen das Perſonal iſt, beweiſt die Tatſache, daß
2364 2025 3374 2063 jene Bedienſteten, die auf dem Kahlenberg wohnen, daher immer
2366 2068 3374 2106 in friſcher Luft ſind, für ſich ſowie für ihre Angehörigen
2364 2111 3373 2149 ſowie auch für Perſonen, die mit der Bahn gar nichts zu tun
2365 2153 3372 2191 haben, Jahresfreikarten zu unbeſchränktem Gebrauch
2365 2191 3372 2234 haben, und daß außerdem fremden Leuten, die nur in einem
2366 2240 3372 2279 indirekten Verhältnis zur Bahn ſtehen, ohne jede Formalität
2365 2284 3372 2322 Tauſende von Freikarten bei der Kaſſe ausgefolgt werden. Wir
2367 2327 3373 2365 meinen, daß es die Länderbank als eigentliche Eigen⸗
2368 2371 3374 2408 tümerin dieſer Bahn gar nichts koſtet, wenn ſie ihren Be⸗
2366 2414 3374 2452 dienſteten und deren Angehörigen freie Fahrt gewährt. Es
2363 2457 3372 2494 würde nur von einer ſozialpolitiſchen Einſicht zeugen. Wie es
2362 2500 3106 2537 heute iſt, müſſen wir das Gegenteil annehmen.
2465 2552 3372 2591 * Die Waldſchätze der Erde. Europa iſt ſelbſtverſtänd⸗
2362 2596 3367 2633 lich nicht der waldreichſte Erdteil und würde vielmehr der
2361 2639 3369 2676 waldärmſte ſein, wenn nicht in den Hauptſtaaten ſeit Jahr⸗
2344 2681 3368 2725 zehnten eine vernünftige Forſtwirtſchaft begründet und ein⸗
2362 2724 3366 2763 gehalten worden wäre. Dennoch iſt es die Frage, ob im Ver⸗
2361 2767 3370 2805 hältnis zur Größe ein anderer Kontinent außer Amerika gegen
2364 2811 3371 2847 Europa an Waldreichtum merklich überlegen iſt. Nach einer
2361 2853 3370 2891 Ueberſicht, die jetzt Dr. Clerget in der Zeitſchrift der Pariſer
2362 2896 3374 2933 Geographiſchen Geſellſchaft veröffentlicht hat, beſitzt Europa eine
2361 2940 3369 2977 Waldfläche von rund 303½ Millionen Hektar, während Kanada
2368 2982 3373 3019 allein über mehr als 323 Millionen Hektar Wald zu verfügen
2359 3026 3375 3064 hat. Immerhin bedeutet jene Ziffer, daß noch faſt ein Drittel
2359 3069 3373 3108 der ganzen Oberfläche unſeres alten Kontinents von Wald
2359 3113 3373 3153 bedeckt iſt. Dabei iſt jedoch zu berückſichtigen, daß die Verteilung
2360 3156 3372 3196 ſehr verſchieden iſt, denn die beiden Gebiete von Rußland und
2360 3200 3366 3238 Skandinavien beſitzen mehr als drei Viertel der geſamten
2360 3242 3367 3280 Wälder Europas. Der überhaupt waldreichſte Teil von Europa
2359 3286 3366 3323 iſt Finnland, das zu mehr als der Hälfte von Wald eingenommen
2359 3328 3367 3367 wird, was außerdem von einigen anderen Gebieten wie Bosnien
2358 3372 3362 3410 und der Herzegowina gilt. Rußland hat noch faſt 210 Millionen
2357 3416 3369 3454 Hektar Wald, Skandinavien etwas mehr als 20 Millionen,
2356 3460 3368 3498 und dann folgt an dritter Stelle Deutſchland mit 14,170.000
2355 3503 3370 3542 Hektar. Gegen dieſe Ziffer bleiben alle anderen Länder Europas
2356 3545 3382 3586 mehr oder weniger weit zurück. Nur wenn Oeſterreich und
2357 3589 3371 3630 Ungarn zuſammengerechnet werden, laufen ſie mit rund
2355 3634 3371 3674 16 Millionen Hektar dem Deutſchen Reiche noch den Vorrang
2357 3677 3369 3717 ab. Frankreich verfügt nur über etwa 9¾ Millionen Hektar
2357 3721 3381 3762 Wald. Demgegenüber ſind in anderen Erdteilen noch gewaltige
2356 3764 3367 3804 Waldflächen zu finden. An der Spitze von allen Staaten ſteht
2357 3806 3380 3849 das ſchon erwähnte Kanada. Die Vereinigten Staaten, deren
2353 3850 3380 3893 Waldreichtum ſchon ſehr zuſammengeſchmolzen iſt, nennen noch
2355 3895 3379 3938 immerhin mehr als 220 Millionen Hektar ihr Eigen. Auch
2355 3938 3379 3982 Indien iſt mit 50 Millionen Hektar allen europäiſchen Ländern
2358 3981 3379 4024 außer Rußland weit überlegen, und ſogar das kleine Japan
2356 4023 3364 4060 ſteht mit etwa 23 Millionen Hektar Wald voran. Die Wald⸗
2355 4066 3363 4107 ſchätze der ganzen Welt werden auf 1518 Millionen Hektar
2357 4110 3364 4153 geſchätzt, was faſt den vierten Teil der geſamten feſten Erd⸗
2355 4154 2647 4190 oberfläche bedeutet,
2460 4199 3367 4239 * Eine neuerliche Aktion gegen die Errichtung der
2355 4240 3369 4279 Rothſchildſchen Nervenheilanſtalt auf den Gründen des
2355 4282 3368 4325 Maria Thereſien⸗Schlößchens in Döbling. Die Angelegenheit
2354 4325 3370 4369 der Errichtung der Rothſchildſchen Nervenheilanſtalt in Döbling
2353 4367 3371 4412 will nicht zur Ruhe kommen. Zweimal ſchon hatte die Bezirks⸗
2353 4412 3371 4457 vertretung Döbling gegen die Erbauung dieſer Heilanſtalt auf
2355 4455 3365 4505 den Gründen des ehemaligen Maria Thereſien⸗Schlößchens
2358 4500 3366 4547 zwiſchen der Hofzeile und der Pyrkergaſſe Stellung genommen und
2353 4542 3362 4591 das Kuratorium der Rothſchildſchen Millionenſtiftung war mit
2355 4585 3360 4635 ſeinem Bauanſuchen abgewieſen worden. Nunmehr hat jedoch
2352 4628 3360 4678 die Baudeputation dem Rekurs des Kuratoriums ſtatt⸗
2352 4674 3361 4724 gegeben, wobei ſie ſich von der Erwägung leiten ließ, daß
2351 4715 3361 4771 durch die Zulaſſung der Heilanſtalt das hiſtoriſche Schlößchen,
2352 4759 3362 4815 das ſonſt der Demolierung oder dem Verfall anheimfallen
2349 4804 3360 4857 würde, erhalten bleiben könnte. Die Bezirksvertretung und der
2348 4847 3357 4902 politiſche Bezirksverein Döbling haben nun, kurzſichtig, wie die
2348 4889 3358 4945 Herren ſind, eine neuerliche Aktion in dieſer Angelegenheit ein⸗
2349 4932 3356 4991 geleitet, die darauf hinzielt, die Gemeinde Wien zur Ergreifung
2348 4975 3355 5035 der Beſchwerde an den Verwaltungsgerichts⸗
2347 5021 3354 5079 hof zu beſtimmen. In dem Proteſt der Bezirksvertretung wird
2348 5063 3354 5122 darauf hingewieſen, daß ſich in der Hofzeile in Kloſter, ein
2344 5105 3356 5167 Kindergarten. eine Volksſchule, eine Bürgerſchule, ein Lehrer⸗
