3168 4836
223 121 747 173 Samstag den 1. Juli 1911.
1288 109 1827 160 Innsbrucker Nachrichten
2507 93 2897 142 Nr. 148. Seite 11.
292 265 941 350 Verschiedenes
374 424 888 471 50 K Wochenverdienst
178 466 1082 520 für Personen jeden Standes, welche die Vertretung
180 511 1082 564 und den Verkauf eines von jedermann gerne ge¬
180 555 1084 607 kauften Artikels übernehmen. Senden Sie Ihre
182 599 1083 653 Adresse nur auf einer Postkarte an die Firma Jakob
180 643 1085 696 König, Wien, VII/746, Postamt 63. 385=10s2
286 703 987 754 Violin= und Klarinettunterricht
181 746 1085 800 wird für mäßiges Honorar erteilt. Adresse in der
182 794 714 843 Verwaltung unter Nr. 13400.
278 850 988 903 Schreib= und Rechnungsarbeiten
183 894 1087 946 sucht ein speziell im Lohnverrechnungswesen ver¬
184 937 1087 990 sierter jüngerer Beamter für seine freien Stunden.
186 982 1089 1035 Gefl. Anträge unter „Tüchtig und Verläßlich“ an
185 1026 1087 1079 Haasenstein u. Vogler, Innsbruck. J4158
1456 212 1661 254 Darlehen
1112 252 2009 308 für solvente Personen jeden Standes (auch Damen)
1111 298 2012 352 von 500 bis 10.000 Mark zu mäßigen Zinsen
1111 343 2011 398 und bequemen Ratenzahlungen. Anfragen unter
1112 387 2012 440 „Money“ befördert Bonacker u. Rantz, Annoncen¬
1113 431 2012 484 Expedition, Düsseldorf. 64
1117 493 2012 641 Stellen-Gesucbe
422 1086 844 1136 Ein Rock gefunden
185 1128 1089 1184 mit Geldinhalt. Näheres Pregenzer, Bäckerei in
187 1172 1089 1218 Wilten. 13417
467 1235 819 1276 Verloren wurde
189 1275 1092 1330 am Sonntag auf dem Wege Innrain-Zentral=Kino¬
189 1321 1091 1374 matograph eine goldene Halskette samt Herz. Der
189 1364 1092 1418 redliche Finder wird gebeten, da selbe ein Andenken
189 1407 1092 1463 ist, im städt. Fundamte abzugeben. 13375
423 1469 860 1519 Kost und Wohnung
190 1510 1094 1565 sucht für Herbst dieses Jahres ein Universitäts¬
190 1554 1095 1610 student (Mediziner) in einer anständigen Familie.
192 1599 1093 1655 Offerte sind erbeten unter „Kost u. Wohnung 700“
192 1645 1093 1700 an die Verwaltung. 882—0s1
402 1703 1097 1751 Wer 50 Kronen will 236
197 1749 1098 1803 ohne Vorkenntnisse dauernd und auf leichte Art
197 1794 1099 1848 in seinem Wohnorte wöchentlich verdienen, der
198 1838 1104 1893 sende sofort seine genaue Adresse an die Firma.
199 1882 1097 1938 L. Schaechter, Wien 104—XVI/2, Postfach 28.
369 1944 916 1995 Lüftinger's Wanzentöter
199 1986 1101 2042 gesetzt. geschützt, wirkt sofort, binnen 24 Stunden
200 2031 1100 2085 keine Wanze mehr im Hause, tötet sofort Wanzen
201 2074 1101 2129 samt Brut, Ameisen, Asseln, Küchenschwaben,
201 2120 1102 2175 Russen, Vogel= und Hühnerläuse. Preis braun
201 2162 1101 2217 per Flasche 40 h, weiß, fleckenrein 60 h, K 1·40,
202 2209 1103 2264 K 2·80, K 4.—, K 5·60. Man verlange nur eine
201 2253 1103 2308 Flasche Lüftinger im Hauptdepot M. Tschurtschen¬
203 2297 1101 2362 thaler in Innsbruck. 136—10s1
461 2357 854 2404 3 Geschäftslokale
206 2398 1103 2454 oder für ruhiges Handwerk, in zentraler Lage,
206 2445 1103 2498 ab 1. August zu vermieten. Näh. Erlerstr. 4,
204 2488 1103 2542 1. Stock rechts. 13257
520 2559 1104 2603 Kellerräume 13257
207 2604 1104 2660 zu vermieten. Näh. Erlerstr. 4, 1. Stock rechts.
546 2662 1106 2705 Ein Kind 13250
207 2706 1108 2763 wird sofort in reinliche Pflege übernommen. Zu er¬
209 2750 1105 2807 fragen aus Gefälligkeit Jahnstraße 18 im Laden.
471 2811 843 2859 Junges Fräulein
209 2853 1110 2909 sucht Verpflegung u. Familienanschluß ab 1. Juli
209 2895 1110 2952 bis 15. September. Offerte an „E. M.“ Fischer¬
211 2940 1109 3002 gasse 40, 1. Stock, rechts. 13252
416 3001 897 3052 Strümpfe und Socken
212 3045 1111 3099 werden rasch und billig angestrickt und neue Strick¬
213 3089 1111 3143 arbeiten aufs beste ausgeführt. Leopoldstr. 24,
214 3134 1112 3189 2. Stock rechts. 13253
616 3196 719 3233 Kind
215 3237 1111 3292 von 1 Jahr an findet guten Pfegeplatz. Adr.
215 3283 929 3327 in der Verw. d. Bl. unter Nr. 13256.
428 3340 895 3389 Kolossale Attraktion
215 3382 1115 3436 aus Amerika, das größte Wunder der Technik! Die
209 3427 1114 3482 verblüffendste Schaustellung der Welt. Unglaub¬
215 3470 1113 3523 würdig, unfaßbar, ein Phänomen, einzig dastehend,
216 3514 1117 3569 Vermögen bringend. Für das Land Salzburg und
217 3559 1116 3614 Tirol sofort abzugeben. Offerte unter „Schau¬
216 3604 1116 3659 stellung 7195“ an die Annoncen=Exped tion Eduard
218 3649 1117 3701 Braun, Wien, I., Rotenturmstraße 9. 13
494 3710 845 3752 Verloren wurde
2197 3761 2824 3821 Wohnungen
219 3751 1118 3805 am Sonntag vom Saggen bis Patsch ein goldenes
218 3795 1119 3848 Kettenarmband. Der redliche Finder wird gebeten,
219 3841 1119 3894 selbes im städt. Fundamt abzugeben. 13308
483 3901 856 3952 ! Korkstoppel !
269 3943 1120 3995 Fabrik mit Kraftbetrieb, Spezialität in Loch¬
226 3989 1120 4042 korken, Faß= und Flaschenkorken, Schwimmgür¬
226 4032 1121 4086 tel 2c. Ständiges Lager in Flaschenkapseln, Faß¬
226 4077 1124 4132 pippen und Handverkorkmaschinen. Muster und
226 4123 1123 4177 Preisliste gratis und franko. A. Weiermann,
228 4166 1125 4222 Wien 15/1, Neubaugürtel 29 d, Vertreter ge¬
229 4212 1120 4266 sucht. 494=13s1
1465 4252 1739 4304 Hochschüler
531 4267 816 4311 500 Kronen
227 4313 1125 4368 gegen sichere Rückzahlung von 25 K monatlich,
226 4357 1125 4411 werden gegen höhere Prozente von einem jungen
226 4401 1125 4454 Staatsbeamten aufzunehmen ersucht. Offerte unter
230 4445 1125 4501 „Gutes Geschäft“ Trient, postlagernd. 13203=3s2
1262 703 1854 754 Strebsamer, junger Mann
1119 746 2018 800 Absolvent einer Handelsschule, mit einiger Pra¬
1119 790 2019 844 xis, sucht bei bescheidenen Ansprüchen geeigne¬
1119 833 2019 888 ten Posten in einem Geschäft (Kontor oder Ma¬
1121 878 2019 932 gazin). Gute Zeugnisse u. Referenzen zur Ver¬
1120 919 2021 976 fügung. Gefl. Offerte unter „R. Sch. 102“ an
1120 967 1983 1011 die Verw. d. Bl. 12934—3
1152 4301 2056 4354 4 Semester Technik, sucht für die Ferien angemessene
1153 4344 2056 4399 Beschäftigung in Innsbruck oder Umgebung. Zuschr.
1154 4388 2058 4443 an „W. G.“, Wien, 4. Bezirk, Postamt Karolinen¬
1152 4435 2056 4487 platz. 13196—2s2
2394 201 2599 241 Kellnerin
2039 242 2940 296 sucht sofort Stelle in gutem bürgerlichen Gasthof,
2039 287 2941 341 am liebsten Jahresstelle; geht auch ausw. Liebeneg¬
2041 331 2942 384 straße 7, zweiten Stock, Hohenwarter. 13310
2122 389 2867 442 Tüchtige Kellnerin oder Kassierin
2047 432 2944 487 sucht Jahres= oder auch Saisonposten auswärts.
2046 477 2941 530 Adressen unter „Ehrlich 206“ an die Verw.
2044 522 2946 566 erbeten. 13395
2406 585 2582 627 Baufach
2074 623 2946 678 Tüchtiger Fachmann für alle Tiefbauarbeiten,
2050 669 2949 723 theoretisch u. praktisch ausgebildet, mit prima
2051 712 2949 767 Feugnissen, sprachenkundig, sucht Stelle als Bau¬
2050 756 2950 809 führer oder Bauauffeher. Gefl. Offerte unter
2048 801 2950 853 „Tiefbau“ an die Verw. 13343
2256 858 2734 911 Anständige Zimmerin
2051 903 2951 957 mit guten Zeugnissen sucht Saisonposten. Werte
2053 946 2949 1002 Angebote an M . Gatternig, Schlossergasse 11,
2052 989 2952 1038 4. Stock. 13342
2335 1050 2669 1100 Reinliche Frau
2051 1091 2952 1148 sucht Wasch= u. Putzplätze; geht auch in Gast¬
2052 1137 2949 1192 häuser. Karte genügt. St. Nikolausgasse 23,
2054 1183 2952 1234 Paxterve. 13377
2219 1239 2786 1293 Junge, tüchtige Kellnerin
2056 1283 2952 1337 sucht Stelle für sofort hier oder auswärts.
2057 1328 2955 1383 Höttingergasse 10, Parterre, 2. Tür links. 13382
2250 1383 2750 1439 Tüchtige Zahlkellnerin
2057 1430 2957 1484 mit Jahreszeugnissen sucht in ein gutes Haus
2057 1474 2956 1528 unterzukommen. Adresse bei Haasenstein und
2062 1507 2958 1567 Vogler. J4148
2191 1576 2806 1629 Junger, tüchtiger Kontorist
2060 1621 2959 1676 verläßlicher Arbeiter, flotter Stenograph und
2061 1665 2960 1720 Maschinschreiber, firm in der doppelten Buch¬
2061 1709 2957 1764 führung, wünscht seinen Posten zu verändern.
2060 1751 2962 1809 Gefl. Anträge erbeten unter „Tüchtig 19“ an
2061 1799 2961 1865 die Verw. 13277
2367 1853 2959 1906 Störnäherin 13292
2061 1899 2959 1954 sucht Arbeit. Leopoldstr. 24, 2. Stock links.
2196 1951 2816 2011 Verläßliches Kindermädchen
2065 2002 2962 2063 sucht Posten zu 1—2 größeren Kindern, event¬
2063 2042 2964 2104 übern Tag oder zu 2 Personen für alle Ar¬
2061 2090 2962 2149 beit auf 1. Juli. Bodner, Templstraße, 14,
2066 2136 2967 2202 Parterre. 13278
2197 2173 2959 2253 Selbständige Gasthansköchin
2068 2237 2964 2297 sucht in Innsbruck sofort einen Posten. Näh.
2068 2280 2968 2337 bei Frau Zott, Anichstr. 24, 3. Stock. 13338
2117 2330 2911 2398 Staatlich geprüfte Kindergärtnerin
2066 2384 2966 2445 aus gutem Hause wünscht in dieser Stellung
2068 2429 2969 2484 bei feinerer Familie unterzukommen. Gefl. An¬
2070 2473 2969 2528 träge wollen an Kindergarten, Klagenfurt ge¬
2069 2515 2972 2570 richtet werden. 13889
2343 2566 2689 2625 Wirtschafterin
2070 2620 2971 2681 in allen Zweigen tüchtig, sparsam, sucht Posten.
2070 2665 2857 2718 Adresse in er Verw. unter Nr. 13329.
2148 2725 2878 2777 Tüchtiges Privat=Stubenmädchen
2070 2766 2972 2820 sucht Posten für sofort oder 15. Juli. Zu
2071 2812 2969 2866 erfragen Pradl, Amnaserstr. 73, 1. Stock rechts.
2324 2865 2970 2921 Junger Italiener 13336—3s1
2070 2914 2972 2969 mit langjähriger Praxis im Manufaktur= und
2074 2955 2975 3019 Modengeschäft, sucht Posten behufs Erlemuntz
2076 3001 2972 3058 der deutschen Sprache. Geringe Gehaltsansprüche.
2077 3047 2974 3105 Anträge erbeten unter „Labor“ an die Verw.
2331 3105 2711 3154 1. Entree=Köchin
2076 3149 2987 3205 vollkommen selbständig, prima Referenzen, sucht
2076 3198 2985 3249 Stelle in Hotel oder Restaurant. Zuschriften
2075 3240 2986 3292 erbeten an Frau F. Lippert, Jahnstraße 20,
2078 3284 2985 3337 Parterre 4. 13337
2179 3339 2855 3396 Anständiges gesetztes Mädchen
2077 3386 2973 3440 Wienerin, welches selbständig kocht, sowie auch
2077 3430 2978 3485 häusliche Arbeiten verrichtet und Jahreszeng¬
2081 3473 2979 3531 nisse besitzt, sucht dauernden Posten bei guter
2081 3518 2977 3575 Behandlung zu 2—3 Personen auf 1. August.
2080 3561 2975 3616 Werte Zuschriften an „A. M.“ bei Dr. Eder,
2080 3604 2978 3660 Kufstein, Bahnhofplatz. 13328
2217 3895 2848 3952 Elegante, sonnige Wohnung
2083 3941 2982 3996 im 1. Stock, in der Erzherzog Eugenstr. 5, mit
2085 3985 2982 4039 5 Zimmern und allem modernen Komfort der
2084 4030 2981 4085 Neuzeit ausgestattet, zu vermieten. Nähl. dort,
2084 4075 2909 4128 3. Stock rechts. 13129—
2225 4140 2853 4197 Eine Sommerfrischwohnung
2086 4186 2984 4239 mit 3 eingerichteten Zimmern und Küche ab
2088 4232 2985 4288 20. Juli zu vermieten. Nächeres bei Haasenstein
2088 4272 2956 4324 un d'Vogler. 34059
2394 4328 2687 4380 Zu vermieten
2928 4322 2992 4373 212
2091 4363 2990 4428 auf 1. August 1—2 Zimmer. möbliert oder
2092 4409 2988 4473 unmöbliert. Schillerstr. 9. 2. Stock. 13198
1153 1023 1979 1085 Junger, 32jähriger, kräftiger Mann
1120 1067 2024 1121 sucht Stellung als Bank= oder Herrschaftsdiener
1120 1111 2022 1165 hier oder auswärts für sofort. Gefl. Zuschrif¬
1123 1156 2022 1209 ten erbeten unter „H. K.“ an die Verw. 13268
1410 1217 1731 1267 Junger Mann
1123 1258 2025 1313 sucht Beschäftigung, auch leichtere Schreibarbei¬
1126 1302 2024 1357 ten, für ein paar Nachmittags=, bezw. Abend¬
1125 1347 2026 1399 stunden. Zuschriften unter „L. G.“ hauptpost¬
1127 1389 2026 1445 lagernd Innsbruck erbeten. 13298—2s1
1271 1447 1881 1499 Verläßliche Schankkassierin
1127 1491 2026 1548 mit achtjährigem Zeugnis sucht sofort Stelle;
1125 1536 2029 1590 auch auswärts. Briefe erbeten unter „Schank¬
1130 1579 2028 1635 kassierin“ an Pirchners Ann.=Bur. P3334
1349 1643 1799 1689 Handels=Akademiker
1131 1685 2030 1738 sucht über den Sommer eine Stelle als Schreib¬
1126 1729 2027 1783 kraft; geht auch auswärts. Gefl. Angebote er¬
1131 1773 2029 1828 beten unter „A. Z. 100“ hauptpostlagernd
1131 1818 2029 1871 Innsbruck. 13299—3s1
1344 1891 1811 1940 Streng solide Köchin
1132 1932 2032 1986 mit guten Zeugnissen, welche alle Hausarbeit
1133 1976 2030 2033 verrichtet, wünscht bei kleiner Familie Posten.
1136 2020 2033 2074 Zuschriften erbeten unter „Solid 28“ haupt¬
1131 2066 2031 2121 postlagernd. 13184
1285 2123 1871 2179 Williges, braves Mädchen
1123 2168 2035 2222 welches kochen kann u. die Hausarbeit ver¬
1135 2212 2035 2266 richtet, wünscht bei kleiner Familie bis 15. Juli
1134 2257 2034 2311 unterzukommen. Innrain 56. 13267
1312 2315 1852 2366 Besseres Stubenmädchen
1135 2359 2036 2412 das auch kochen u. Nähen kann, sucht Stelle
1136 2402 2038 2457 bis 15. Juli. Besitzt schönes Zeugnis. Briefe
1134 2447 2037 2501 erbeten unter „L. M.“ an die Verw. 13269
1396 2508 1775 2558 Junges Mädchen
1137 2548 2037 2603 welches etwas kochen kann, wünscht bei kleiner
1140 2593 2035 2649 Familie unterzukommen. Sonneburgstr. 2, 3.
1138 2638 2037 2693 Stock, Tür 8. 13271
1497 2700 1670 2745 Mächen
1140 2740 2040 2795 sucht in einem Bäcker= oder Milchgeschäft unter¬
1141 2783 2042 2840 zukommen; geht auch als Hilfsarbeiterin. Briefe
1140 2827 2039 2882 unter „A. H.“ an die Verw. 13273
1287 2886 1892 2941 Tüchtige, hübsche Kellnerin
1142 2929 2041 2987 sucht in besserem Gasthof auf 15. Juli oder
1142 2975 2041 3031 früher Posten; am liebsten auswärts. Briefe
1142 3019 2043 3071 erbeten unter „T. V.“, Kellnerin beim Weißen
1145 3065 2043 3121 Nößl, 1. Stock. 13272
1519 3127 1664 3170 Köchin
1143 3167 2044 3222 sucht für Anfang Juli Posten, als Stütze der
1145 3212 2043 3267 Frau in Pension oder besseren Gasthof nach
1144 3255 2046 3309 auswärts. Briefe erbeten unter „16 L.“ an
1147 3300 2046 3356 die Verwaltung. 13274
1407 3362 1756 3405 Aelterer Mann
1149 3401 2047 3456 nüchtern und verläßlich, sucht leichtere Beschäf¬
1149 3446 2048 3502 tigung. Adresse: A. W., Hutterstr. 2, Par¬
1149 3491 2048 3538 terre links. 13275
1424 3550 1769 3601 Konditorgehilfe
1151 3591 2052 3647 23 Jahre alt, sucht Stelle. Gefl. Zuschriften
1150 3638 2049 3690 unter „E. L. 1888“ an die Verw. 13276
1374 3698 1818 3750 Stellung in Kanzlei
1154 3738 2051 3794 Kontor, sucht tüchtiger, militärfreier Mann mit
1153 3783 2053 3840 guter Allgemeinbildung, guter Handschrift, Kennt¬
1154 3827 2051 3881 nissen in allen Bureauarbeiten, einfacher und
1154 3872 2049 3927 amerikanischer Buchführung u. Stenographie.
1154 3917 2053 3970 Gefl. Zuschriften erbeten unter „M. S.“ an
1155 3962 2017 4008 die Verw. d. Bl. 12883—3
1295 4010 1909 4075 Fräulein aus guter Familie
1152 4063 2052 4119 des Stenographierens kundig, sucht Beschäftigung
1154 4109 2053 4162 im Maschinenschreiben in einem Bureau, eventuell
1153 4152 2055 4208 in einer Advokaturs=Kanzlei. Angebote erbeten unter
1156 4197 2054 4255 „G. F. 17“ an die Verwaltung d. Bl. 13173=3s3
