3488 5358
168 184 326 221 Seite 20
772 185 1037 223 Wien, Samstag
1466 160 2044 208 Neue Freie Presse.
2504 154 2681 191 Juli 1911
3071 146 3268 184 Nr. 16830
130 254 1161 374 Restaurations-Palast Dreher
252 385 1033 445 Borsa Vecchia TRIEST Börsenplatz.
358 456 934 491 Sehenswürdigkeit Triests.
135 503 585 553 19 Restaurationslokalitäten.
671 503 1164 551 2008 Personen Fassungsraum.
172 555 1131 601 Amerikanischer Dachgarten, durch Lift bequem erreichbar.
138 608 1166 646 Grandioser Ueberblick über das Meer und ganz Triest.
172 651 1160 698 Elegante ſpeisesäle im 1. Stock. Chambres partionlietes separierte Spielsäle.
138 702 410 748 Dreher-Bier.
441 702 1167 748 Vorzügliche Wiener und italienische Küche.
298 756 1014 794 Rendezvous aller Fremden und Einheimischen.
649 806 1134 848 Carl Wieninger, Restaurateur.
141 875 1170 929 und Benützung jedes, auch Eilſchiffes dieſer. Unternehmungen
141 908 1170 968 berechtigen. Und dieſe Einführung findet bei den Fremden be⸗
141 955 1171 1009 rechtigten Beifall, da ſie bis zu 30 Tagen Giltigkeit haben —
141 990 1171 1047 die Logements und Ve###flegung für zwei Tage im „Hotel
140 1033 1171 1085 Imperial“ in Raguſa und die Schlafſtelle auf dem Schifft noch
142 1072 1171 1125 einſchließen. Man berührt dabei Zara, Spalato, Gravoſa und
143 1111 1171 1166 Raguſa, macht Ausflüge auf die Inſel Lacroma, nach Cannoſa,
143 1150 1173 1202 zum berühmten. Ombla-Urſprung und beſichtigt dieſe intereſſanten
143 1189 1174 1241 Städte und kann auch von Cattaro eine Tour nach der monte⸗
143 1231 869 1283 negriniſchen Hauptſtadt Cettinje unternehmen.
3266 1124 3300 1176 11
348 1323 966 1366 Die Fremden im Marienbadrevier.
170 1365 1172 1422 Auf mehrere Anfragen betreffend das Paſſieren des Revieres
143 1404 1175 1457 und Parkes Königswart bei Marienbad, ſei folgendes im In⸗
141 1443 1175 1496 teresse des Fremdenverkehres mitgeteilt. Die Behauptung, als sei
142 1481 1176 1568 für dieses Jahr der Durchgang durch das nächst Marienbad ge⸗
144 1518 1176 1578 legene Schanzer Revier — dem einſtigen Tiergarten — ſowie
144 1560 1177 1620 der Beſuch des Parkes und des Muſeums im Schloß Königs⸗
144 1599 1177 1653 wart nicht mehr geſtattet, iſt unrichtig. Bis auf Widerruf
146 1638 1179 1690 kommt man auch in dieſem Jahre den fremden Gästen auf
146 1677 1178 1731 das weiteſte entgegen, jedoch darf beim Paſſieren des Thier⸗
146 1716 1180 1774 gartens nur die Hauptallee, die Schoberallee und die Kohl⸗
149 1755 1179 1808 bauallee benützt werden und iſt den Aviſotafeln Folge zu
146 1795 1180 1848 leiſten. Von dem Jägerhaus gelangt man zum hochintereſſanten
146 1832 1179 1887 Moorlager. Der Weg von der Jägerſtraße führt durch den Wald
148 1871 1179 1925 mit den herrlichen Partien und dem Waldſtein-Monumente.
147 1912 1182 1966 Leider bricht dort der Beckenweg ab, der durch ſchattige
149 1951 1182 2006 Waldgründe zur Talſperre führt. Der von der Sägemühle im
150 1990 1184 2045 Maxtale ausmündende Schwarzenbergweg zwiſchen der
151 2029 1183 2081 Friedrich Wilhelm- und Stephanie-Höhe iſt
154 2076 508 2120 in allerbeſtem Stande.
211 2194 1120 2360 Wiener Reinigungswerke
454 2357 891 2396 Kaisermühlen.
182 2397 1155 2445 Chemische Reinigung von allen Arten Damengarderoben,
182 2431 1156 2478 Herrenkleidern, Möbeln in unzertrenntem Zustande, Teppichen,
250 2467 1096 2513 Vorhängen, nebst Färben derselben und Aufbewahren.
421 2512 922 2543 I. Bezirk, Spiegelgasse Nr. 8.
303 2537 1030 2572 VI. Bezirk, Gumpendorferstrasse Nr. 88a.
423 2565 917 2596 VI. Bezirk, Webgasse Nr. 43.
382 2590 964 2621 VII. Bezirk, Kirchengasse Nr. 20.
325 2615 1019 2649 VIII. Bezirk, Josefſtädterstrasse Nr. 68.
184 2647 1163 2684 Abholen und Zustellen kostenlos. Provinzaufträge franko
182 2673 1166 2715 gegen franko. — Die Dampfwäsoberei liefert Bügel-,
422 2703 930 2735 Wasoh-, Roll- und Kilowäsobe.
409 2736 939 2768 Telephon: 19294 und 22784.
1625 245 1821 279 Obertraun.
1282 300 2237 352 In einer freundlichen Talebene am Fuße des Satzsteines
1206 338 2237 391 und am Südende des Hallſtätterſees, nahe an der Grenze Steier⸗
1206 378 2238 431 marks, liegt 511 Meter hoch das idylliſch gelegene Gebirgs⸗
1207 418 2239 469 dörfchen Obertraun. Von hier aus bieten ſich dem Natur⸗
1209 456 2239 509 freunde die herrlichſten Partien (Koppenſtraße nach Auſſee, Sar⸗
1208 496 2238 553 ſtein. Schönberg, Lahnfried, Krippenſtein, Däumling, Speikberg),
1211 532 2240 587 ebenſo gelangt der Touriſt von der Ortſchaft Winkel aus auf
1210 574 2241 627 die Gejaidalpe und den Dachſtein. Beſondere Anziehungspunkte
1212 613 2241 665 ſind die Koppenprüllerhöhle mit dem Koppenprüllerloch, erſtere
1212 645 2242 704 vom Vereine „Naturfreunde“, Ortsgruppe Linz, hergerichtet,
1212 691 2241 742 dann die einzig in ihrer Art vorkommenden, weltberühmten,
1212 730 2242 786 neuentdeckten Dachſteinhöhlen mit ihren bizarren, reich- und
1212 769 2243 821 mannigfaltigen in allen Größen vorhandenen Tropfſteingebilden
1214 808 2244 859 und Eisformen. Obertraun iſt Station der k. k. Staats⸗
1215 847 2245 899 bahnſtrecke Attnang - Steinach-Irdning (jeder Schnellzug hält(
1215 885 2245 937 und ermöglicht die Ausführung der zahlreichen, ungemein
1215 925 2246 977 lohnenden Ausflüge und Hochgebirgstouren im Gebiete des ober⸗
1218 963 2246 1016 öſterreichiſchen und ſteiriſchen Salzkammergutes. Seebad des Ver⸗
1217 997 2248 1056 ſchönerungsvereines. Prachtvolle Spazierwege in den bewaldeten
1217 1043 2247 1095 Anlagen des eben genannten Vereines in nächſter Nähe des
1216 1082 2246 1134 Ortes. Weg zur Koppenwinkelalpe längs des Traunufers.
1217 1121 2248 1176 Poſt-, Telegraphen- und Telephonamt. Güte Gaſthöft, 2 Kauf⸗
1217 1157 1872 1212 geſchäfte, Fleiſchhauerei, Bergſchuhmacher.
1474 1304 2010 1342 Etwas aus Lind im Drautale.
1295 1365 2249 1416 Die Südbahnſtation Kleblach in Kärnten zeigt heuer das
1218 1409 2248 1459 Bild größter Regſamkeit und erhöhten Verkehres; ſie iſt
1219 1451 2247 1507 „Fremdenſtation“. Klehlach ſelbſt iſt jedoch nicht das Ziel ſo
1221 1495 2248 1546 vieler Reiſenden, ſondern das zehn Minuten entfernte Lind,
1222 1540 2250 1590 das in einer Höhe, von 583 Metern wegen ſeiner prächtigen
1222 1584 2249 1638 Ausſichtspunkte ſo gerne aufgeſucht wird. Von Mund zu
1223 1627 2251 1677 Mund geht das Lob dieſes Ortes und mit Recht, denn der
1222 1671 2251 1721 Fremde findet dort mehr, als er von einem anderen mit
1224 1714 2251 1765 gleicher Einwohnerzahl erhoffen und vorausſetzen kann. Lind
1224 1758 2251 1808 im Drautale iſt elektriſch beleuchtet, geſund, wird mit Quellen⸗
1225 1801 2253 1852 waſſer verſorgt, ſeine Spazierwege und ſeine Ausſichtspunkte
1227 1845 2255 1896 ſind prächtig. In dem unmittelbar angrenzendem Fichten⸗
1227 1889 2255 1940 walde mit dem eingelagerten Kapellenberge und der Ruine
1231 1932 2257 1987 Lind, läßt es ſich ſo geſund und angenehm promenieren, daß
1231 1977 2259 2028 die fremden Beſucher ſich faſt als bodenſtändig fühlen und —
1229 2020 2255 2071 bleiben. Beſonders beliebt iſt der Raggnitzhof, der Ausſichts⸗
1229 2062 2262 2116 punkt „Guggehügel“, der romantiſche Kapellengraben mit der
1228 2107 2258 2160 Talſperre. Das für fremde Touriſten beſonders Bemerkens⸗
1232 2150 2260 2202 werte aber iſt die Fülle von lohnenden Bergtouren, die man
1230 2194 2276 2245 von Lind unternehmen kann und darauf ſoll auch hingewieſen
1231 2238 2260 2290 werden. Die Partie über die Fellſcharte zum Weißenſee, dann
1234 2283 2260 2334 auf die Linderalpe mit den Kriſtallquellen und weiter Aus⸗
1231 2326 2260 2379 ſicht, von hier auf den 2238 Meter hohen Latſchur mit präch⸗
1231 2370 2259 2423 tiger Ausſicht, weiter durch den pittoresken Liflitzgraben mit
1232 2413 2261 2466 mehreren Talſperren auf das Goldeck, auf den Hochſtaff mit
1235 2457 2262 2509 dem intereſſanten Staffloch, auf die Stiflitzalpe, die Wermiſch⸗
1234 2500 2261 2553 alpe, auf die St. Radelbergeralpe, auf den 2279 Meter-hohen
1233 2544 2261 2598 Stagor u. ſ. w. Bei ſolchen Vorbedingungen iſt es nur zu
1235 2586 2260 2641 begreiflich, daß in dem reizenden Lind der Touriſtenzuzug ſich
1235 2631 2263 2684 rapid hebt und daß Lind ſelbſt alle Anſtrengungen macht
1235 2675 2263 2726 und kein Opſee ſcheut, für die fremden Reiſenden in jeder
1237 2729 1538 2772 Weiſe vorzuſorgen.
642 2796 967 2890 Dank.
266 2936 1248 2983 Erlaube mir, zur gefälligen Anzeige zu bringen, dass ich mein
377 2999 1245 3081 Café Neubauhof
590 3087 1014 3127 VII., Neubaugasse 64
164 3147 961 3194 (an Herrn Josef Müllner käuflich übergeben habe.
247 3176 1450 3225 Für das mir durch 6 Jahre in reichem Masse bewiesene Vertrauen spreche,
167 3210 1450 3261 ich meinen verehrten Gästen und Freunden den innigsten Dank aus mit der Bitte
166 3252 974 3295 selbes an meinen Nachfolger gütigst zu übertragen.
1082 3281 1372 3319 Hochachtungsvoll
1034 3326 1396 3372 Franz Knie.
2514 339 3078 391 Fabrik für Reit-, Fahr-
2515 379 3084 445 □ und Stallrequisiten □
2516 444 3084 494 Militärausrüstungsgegen⸗
2515 496 3081 540 stände nach Vorschrift
2400 601 3229 722 W. Wilhelmy
2414 719 3188 755 Lieferant Sr. k. u. k. Apost. Majestät Ober⸗
2415 746 3188 779 stallmeisteramtes, der Mitglieder des Aller⸗
2416 772 3188 804 höchsten Kaiserhauses, des k. u. k. Offiziers⸗
2486 798 3118 833 korps, vieler k. u. k. Militär-Institute.
2514 842 3087 885 Sattler □ Riemer
2520 894 3088 944 Wien, I., Führichgasse 6
2520 953 3089 988 Manufacturer of English saddles &
2522 989 3091 1020 harness and all kinds of horse
2524 1023 3093 1058 □ □ clothing whips etc. □ □
2524 1067 3095 1098 Fabricant de tons les articles de la
2522 1102 3096 1137 sellerie, barnais et pour l’écurie
2527 1142 2763 1181 Telephon 7813
2856 1144 3093 1181 Telephon 7813
2297 1302 2924 1464 Pension Opera
2930 1302 3322 1345 Budapest, VII.,
2931 1344 3325 1389 Andrássy-ut 21,
2932 1386 3325 1432 II. St., vis-à-vis
2933 1431 3328 1475 der kön. Oper.
2414 1481 3224 1526 Neueröffnet.
2299 1531 3330 1570 Haltestelle der Untergrundbahn, beste Kommunikation nach allen Richtungen.
2299 1557 3331 1597 Mässige Preise. Elegant eingerichtete bequeme Gassenzimmer. Vorzügliche Küche.
2300 1584 3327 1623 Elektr. Beleuchtung. Telephon 82—14. Lift. Bäder. Diner-Abonnement.
2374 1640 3263 1687 Woher die Inſchrift des Beethovenſteines auſ der
2502 1678 3134 1720 Albrechtshöhe nächſt Baden ſtammt,
2301 1718 3328 1771 dürfte den Fremden und auch manchem Einheimiſchen Wien
2302 1757 3326 1809 nicht bekannt ſein. Die Albrechtshöhe, welche im Volksmun###
2301 1797 3329 1848 den Namen „Eiſeres Tor“ führt, wegen der auf dem Wege zum
2303 1836 3331 1888 Turme aufgeſtellten auf zwei hohen eiſernen Säulen ruhenden
2302 1874 3331 1928 Aufſchriftstafel iſt die Spitze des höchſten Berges in der Nähe des
2304 1915 3335 1968 Kurortes Baden, des Lindkogels im Kaltenburger Forſt. Dort
2304 1954 3335 2006 ließ im Jahre 1856 Baron Simon Sina aus Quaderſteinen
2305 1993 3336 2047 einen 16 Meter hohen Ausſichtsturm errichten. Die Fremden
2307 2031 3336 2085 beſuchen bekanntlich die Albrechtshöhe mit Vorliebe und der
2304 2073 3336 2126 Beethovenſtein iſt häufig das Ziel ihrer Ausflüge. Auf einem
2306 2113 3338 2166 mächtigen Felsblocke hatten in den Fünfzigerjahren über An⸗
2306 2152 3338 2206 regung des Schriftſtellers Dr. Märzroth Freunde des
2308 2190 3338 2244 heimiſchen Tondichters eine Inſchrift anbringen laſſen und
2308 2230 3340 2284 die Pietät für L. van Beethoven hat dieſen Felſen, auf deſſen
2307 2269 3336 2323 Plateau der unſterbliche Meiſter in den Jahren 1824 und
2309 2310 3339 2363 1825 mit Vorliebe zu verweilen pflegte, in einen Denkſtein
2308 2348 3339 2400 verwandelt. Im Jahre 1900 am 1. Juli wurde dieſe In⸗
2310 2388 3340 2441 ſchrift dann durch ein würdigeres in Erz hergeſtelltes Denk⸗
2309 2427 3340 2480 mal des Bildhauers Joſef Kaſſin erſetzt. Unter der Relief⸗
2310 2465 3345 2520 büſte des Tonheros iſt folgende Inſchrift zu leſen: „Beethoven.
2311 2512 3343 2562 — An dieſem Felſen verweilte oft der unſterbliche Tonmeiſter
2311 2540 3341 2598 in den Jahren 1824 und 1825." Die Koſten dieſes -Denk⸗
2311 2584 3342 2638 males, das in der Kruppſchen Kunſtgießerei hergeſtellt wurde,
2313 2624 3343 2677 hat der Geſangsverein der Kurſtadt Baden aufgebracht. Von
2311 2663 3344 2717 Baden erreicht man den Beethovenſtein ohne Anſtrengung in
2313 2704 2709 2764 anderthalb Gehſtunden.
1812 2777 2675 2897 Anempfehlung.
1703 2903 2884 2953 Hiemit gestatte ich mir, ergebenst die Anzeige zu machen, dass ich das
1600 2953 1839 2985 bestrenommierte
1813 2987 2681 3069 Café Neubauhof
2026 3075 2453 3114 VII., Neubaugasse 64
1601 3120 2885 3170 von Herrn Franz Knie käuflich erworben habe und ab heutigen Tages weiterführe.
1707 3155 2887 3202 Ich werde bestrebt sein, meine geehrten Gäste durch aufmerksame Bedienung
1604 3189 2887 3239 und Verabreichung bester Qualitäten nach jeder Richtung hin zufriedenzustellen,
1605 3231 2159 3275 und bitte um zahlreichen Zuspruch.
2439 3257 2733 3300 Hochachtungsvoll
2386 3303 2833 3351 Josef Müllner.
220 3445 1906 3720 Kladderadatsch
440 3763 1917 3817 Das alte, aber ewig junge politisch-satirische Berliner Witzblatt, das jetzt im 64. Jahrgang
337 3799 1916 3852 erscheint, ist in seiner Eigenart von keinem der im Laufe der Jahre so zahlreich entstandenen Witz⸗
337 3833 1916 3886 blätter bis jetzt erreicht worden. — Es hat seinen Ruf, das erste und angesehenste deutsche politische
339 3864 1917 3923 Witzblatt zu sein, bis heute behauptet und darf Anspruch erheben, auch ein Blatt von literarischer
338 3902 1918 3957 Bedeutung zu sein, denn seine ernsten wie heiteren Gedichte bleiben zu nicht geringem Teil erhalten
335 3947 1212 3993 als literarisch wertvolle, Denkmäler politischer Dichtung.
442 3971 1920 4024 Bestellungen nehmen alle Buchhandlungen, Zeitungsspeditionen und Postanstalten des In- und
340 4005 1921 4060 Auslandes sowie die Unterzeichnete Verlagshandlung entgegen. Preis vierteljährlich 2.50 M., bei direkter
340 4035 1920 4094 Zusendung unter Kreuzband für Deutschland und Oesterreich 3.— M., für das Ausland 3.50 M.
340 4078 1710 4130 Probenummern gratis. Anzeigen finden durch den Kladderadatsch weiteste Verbreitung.
447 4160 763 4193 Berlin SW. 68.
1205 4129 1868 4187 A. Hofmann & Comp.
1252 4189 1822 4231 Verlagshandlung des Kladderadatsch.
337 4194 417 4246 14608
180 4323 1989 4435 MEIRINGEN und das Haslital
558 4443 1609 4498 im Berner Oberland, Schweiz (Brünigbahn).
182 4489 1988 4556 Prachtvolle Hochgebirgslandschaft mit Wasserfällen, Bergseen, Gletschern und Schnee⸗
182 4533 1989 4598 bergen. Weltberühmte Naturwunder: Aareschlucht, Alpbachschlucht, Handeggfall, Reichen⸗
673 4582 1495 4635 bachfälle (Drahtseilbahn), Rosenlauischlucht.
629 4628 1990 4699 Hauptort des Haslitales. Ausgangspunkt für 5 Alpenpässe. Stand⸗
636 4664 1990 4732 quartier für Hochgebirgstouren u. für Vergnügungsfahrten.
180 4677 622 4733 Meiringen,
455 4731 1861 4785 Abends effektvolle Beleuchtung der Aareschlucht.
188 4775 1991 4832 Hotels (Bettenzahl überall in Ziffern angegeben): Wildenmann (110), Bär (80), Brünig (70), Anderegg (60), Kreuz
186 4804 1992 4868 (60), Flora (60), Garni Oberland, alkoholfrei (50), Krone (48), Post (45), Adler (45), Löwen (35), Hirschen (35), Hirschen (35),
529 4838 1657 4897 Rütli (35), Bahnhof (32), Meirmgerhof (30), Bellevue (20), Viktoria (15).
188 4888 1993 4947 Brünig-Pass (Eisenbahn): Grand Hotel und Kurhaus Brünig (150). Hohfluh: Hotel Pension Bären (23).
293 4933 1223 4978 Wasserwendi Hasliberg: Kurhaus Wasserwendi (50).
190 4954 1995 5016 Grimsel-Pass (Poststrasse): Guttannen: Hotel Haslital (45), Bär (35). Handeggfall: Hotel Handegg (50).
296 4997 786 5050 Grimsel: Grimselhospiz (60).
191 5027 1995 5086 Gr. Scheidegg-Pass: Kaltenbrunnensäge Kurhaus (50). Rosenlaut Kurhaus (118). Schwarzwaldalp
298 5082 507 5120 Kurhaus (60).
193 5099 1997 5154 Joch-Pass: Kurhaus Engstlenalp (70).
1919 5089 2001 5140 13102
195 5147 852 5189 Susten-Pass: Hotel Steingletscher (50).
544 5176 1961 5230 Prospekte u. Auskünfte kostenlos durch den Verkehrsverein Meiringen und Umgebung.
2079 3400 2806 3488 MOORBAD
2032 3630 2864 3687 Aibling
2085 3721 2812 3778 am Fasse der bayerischen Alpen
2065 3768 2826 3809 von München 1½ Balmstunden. ::
2029 3806 2841 3853 Eisenhaltige Moorbäder u. Solebäder. Alle modern hygienisch.
2029 3836 2843 3878 Einrichtungen d. Balneotherapie. Prachtvolle Gebirgsaussicht.
2028 3864 2842 3906 Kurhaus mit Kurpark. Kurkapelle. Reunions, Tennisplatz.
2028 3890 2842 3933 Flussbäder, Ausgangspunkt für lohnende Gebirgstouren.
2318 3925 2581 3982 Indikationen:
2029 3960 2842 4007 Gioht, BhoKmatissms, Ischias, Frauenkrankheiten,
2029 3990 2843 4033 Neuralgien, Venen-Entzündungen, Exsudate etc.
2092 4025 2720 4061 Prospekte und Wohnungsverzeichnis durch den
2406 4057 2834 4090 Kur- und Verschönerungsverein.
2004 4148 2897 4227 Solbad, klimatischer u. Terrain-Kurort
2008 4324 2473 4375 Bad Aussee
2486 4208 2899 4259 Berühmt wegen seiner Fülle an
2479 4233 2898 4289 Naturschönheiten. Herrliche Seen,
2483 4262 2900 4316 stundenlange Promenaden durch
2482 4286 2901 4341 Wald und Feld, große Kur- und
2481 4310 2899 4364 Badeanstalten, Kurhaus, Theater,
2487 4360 2899 4392 Kurmuſik, Tennisplätze. Proſpekte
2480 4366 2904 4419 gratis durch die Kanzlei der Kur⸗
2477 4391 2903 4444 = kommission =
2032 4398 2460 4453 (steir. Salzhammergut)
2061 4482 2846 4647 Hotel Athènes
2008 4664 2903 4703 II., Praterſtraße 36, vis-à-vis dem Carl-Theater, 3 Minuten vom
2008 4688 2903 4729 k. k. Prater und Stephansplatz, belebteſte Straße Wiens, zwiſchen Nord⸗
2009 4717 2902 4755 und Nordweſtbahnhof, elegant möblierte, luftige Gaſſenzimmer mit feinſten
2008 4743 2903 4783 Betten, mit allem Komfort, von 2½, K. auſwärts, elektriſches Licht,
2009 4764 2903 4808 Telephone, aufmerkſame Bedienung, empfiehlt dem reiſenden P. T. Publi⸗
2010 4793 2302 4833 kum J. Arlt, Hotelier.
2826 4794 2904 4833 14716
2064 4885 2859 4990 Orientfahrt
2927 4931 3372 4989 R. Jaekel's Nachf.
2061 5003 2859 5040 9. bis 30. Juli, 5. bis 26. August, am östetr. Doppelschrauben-
2062 5029 2857 5067 Schnelldampfer Alice, 10.500 Tonnen, 140 Meter lang, Preis
2063 5056 2858 5092 375 M. — Triest, Cattaro, Korfu, Athen, Kon⸗
2062 5081 2859 5119 stantinopel, Smyrna, Jerusalem, Kairo, Kreta, Ve⸗
2064 5108 2859 5146 nedig, Triest. Prospekte durch Vereinigung f. Deutsche
2064 5134 2858 5172 Mittelmeerfahrten, Charlottenburg, Wallstrasse 42.
2910 2840 3339 2933 EINE ZIERDE
2911 2948 3039 3000 JEDES
2907 2953 3237 3188 GARTENS
3197 3557 3311 3610 SIND
3183 3608 3360 3660 UNSERE
2926 3758 3111 3810 BELIEBIG
2918 3802 3174 3856 VERSTELLBAREN
3201 3833 3350 3885 PATENT
2917 3894 3170 3956 GARTEN-
2922 3988 3172 4041 SCHIRME
2922 4284 3355 4331 Bester Schutz gegen
2922 4326 3355 4373 Sonne und Zugluft.
2923 4396 3356 4435 Von der einfachsten bis zur
2982 4435 3294 4472 feinsten Ausführung.
2925 4500 3357 4538 Konkurrenzlos in Preis und
3073 4539 3201 4572 Qualität.
2926 4601 3358 4666 Spezialität: Streckfauteuil
2930 4681 3361 4814 „Liebling“
2948 4839 3336 4889 Grösste Spezialfabrik
3019 4989 3361 5022 k. u. k. Hoflieferant 12875
2979 5032 3359 5084 ⸗ WIEN ⸗
2932 5097 3360 5137 V###., Mariahilferstrasse 11.
