3346 5257
150 136 277 174 Seite 8
887 140 1160 183 Wien, Samstag
1453 147 2031 184 Neue Freie Presse.
2266 147 2502 183 5. Juli 1873
3077 158 3247 196 Nr. 3184
192 211 1141 251 Der Gerichtshof ſprach das Schuldig aus und ver⸗
107 246 1139 285 urtheilte Baron Max Heine⸗Geldern zu fünfzehn Monaten
105 282 1139 321 ſchweren Kerkers, zum Erſatze von 100 fl. an den Sicher⸗
105 315 878 352 heitswachmann Held und zum Verluſte des Adels.
191 350 797 386 Der Verurtheilte meldete Berufung an.
190 416 1138 457 Wien, 4. Juli. [Orig.⸗Ber.] (Betrugsproceß gegen
104 451 1137 489 den Central⸗Bauverein. — Fortſetzung.) Um 9 Uhr Vormit⸗
103 486 1137 525 tags wird die Verhandlung wieder aufgenommen und mit der Zeugen⸗
102 521 489 555 vernehmung fortgefahren.
188 555 1137 592 Zeuge Johann Gſchwandner trat mit dem Central⸗Bau⸗
102 589 1137 628 verein in Verbindung wegen ſeiner in Gerſthof gelegenen Gründe,
101 624 1136 662 die er für 75,000 fl. verkaufte und 2000 fl. Angeld erhielt. Da er
100 657 1135 695 trotz allen Zuredens keine Antheilſcheine als Zahlung nehmen
65 692 1091 729 wollte, verfiel die Angabe und das Geſchäft wurde nicht perfect.
186 724 1134 763 Zeuge Dr. Karl Maſchka, Hof⸗ und Gerichtsadvocat, unter⸗
100 760 1133 799 handelte als Vertreter des Fürſten Starthemberg mit dem Agenten
100 794 1134 832 Weintraub und dem Advocaten Dr. Wodickh über den Ankauf von
101 829 1135 867 Realitäten im Betrage per 175,000 fl.; dieſer Kaufſchilling, von
100 863 1134 902 welchem viele Satzpoſten in Abzug gebracht wurden, konnte nur
99 893 530 932 mühſam eingebracht werden.
185 931 1133 970 Zeuge Victor Kuffler gibt an, im Vereine mit Fiſcher am
98 965 1133 1005 22. October 1872 vom Central⸗Bauverein Baugründe zum Preiſe
97 1000 1134 1039 von 44 fl. per Quadratklafter gekauft, 10,000 fl. Angabe gegeben
98 1034 1133 1073 und nach Uebertragung des Eigenthums den ganzen Kaufſchilling
97 1065 1134 1108 berichtigt zu haben. In Folge Anweiſung des Vereines hat Zeuge
97 1099 1133 1140 ſeinem Bruder Heinrich Kuffler, welcher als Agent bei dem Ge⸗
97 1133 1133 1175 ſchäfte intervenirte, 4400 fl. Proviſion gezahlt. Später hat Zeuge
96 1167 1134 1210 dieſe Baugründe zu 66 fl. per Quadratklafter verkauft. Zeuge wirft
97 1201 1134 1245 der Geſchäftsleitung des Central⸗Bauvereines Leichtſinn und Un⸗
96 1240 296 1273 kenntniß vor.
183 1272 1131 1312 Baumeiſter Johann Kohl, Baudirector, welcher für den
95 1308 1131 1345 Verein arbeitete, erklärt: Dummer und unordentlicher kann man
96 1339 1131 1381 nicht arbeiten, als da gearbeitet wurde. Die Seele des Geſchäftes
95 1377 1133 1416 waren Sternek, Pimmer, Botſtieber und Neumann; Vasquez war
95 1411 1133 1450 ein armes Haſcherl, der nichts verſtanden hat und nur froh war,
94 1441 1133 1485 Verwaltungsrath ſein zu können. Zeuge ſieht in der Weiſe, wie
95 1480 875 1517 Kropſch behandelt wurde, eine ſtrafbare Handlung.
179 1509 1133 1553 Verleſen wird die Ausſage des Karl Kropsch, Poſtofficials,
95 1548 1135 1587 welchem unter der Vorſpiegelung eines Hausbaues 1800 fl. entlockt
97 1582 1133 1620 wurden und der ſich in Folge deſſen entleibt hat. Sternek und
94 1613 1132 1656 Neumann haben ihn umgarnt und ihm vertragsmäßig die Ueber⸗
98 1651 1055 1690 gabe eines fertigen Hauſes bis 12. November 1872 zugeſichert.
179 1685 1132 1723 Dr. Markbreiter beantragt, eine Polizeinote einzuholen
93 1715 1131 1757 über das Motiv des Selbſtmordes von Kropſch und ferner die Ge⸗
91 1749 1128 1793 ſtattung, daß Neumann aus dem Kaſſenbuche die Verwendung der
91 1789 582 1825 Einlagen des Kropſch nachweiſe.
180 1823 1130 1863 Dem letzten Theile des Antrages wird ſofort Folge gegeben,
94 1853 920 1894 der erſte Theil einer ſpäteren Berathung vorbehalten.
177 1887 1130 1928 Baumeiſter Johann Kohl wird noch einmal vernommen
93 1926 1129 1965 und gibt an, Weintraub habe beſtmöglich für ſich gearbeitet, den
89 1960 1129 1998 Verein nach Kräften „beſchummelt“, nicht blos hohe Proviſionen be⸗
92 1995 1129 2033 zogen, ſondern auch bei allen Ankäufen im Ausmaße der Gründe
89 2027 1064 2066 und im Preiſe allerlei auf eigene Fauſt zu thun unternommen.
177 2061 1128 2105 Der Zeuge, befragt, was ihm von dem Honorarbrief zwiſchen
90 2098 1128 2134 Heinrich Kuffler und Sternek bekannt geworden ſei, gibt an, er habe
90 2127 1127 2170 nur von Weiß gehört, daß Kuffler dem Sternek einen Honorarbrief
90 2161 419 2203 ausgeſtellt haben ſoll.
175 2197 1125 2239 Präſ.: Sie haben gehört, daß dem Kropſch ein Haus zu⸗
89 2233 1125 2273 geſagt, aber nicht gebaut wurde Was iſt Ihnen als Urſache be⸗
89 2268 1125 2308 kannt? — Zeuge: Es war kein Baugrund vorhanden, es war auch
91 2306 295 2338 kein Geld da.
175 2339 439 2372 Verleſen werden:
174 2373 1124 2411 die Ausſagen des Advocaten Dr. Adalbert Wodickh, wel⸗
91 2407 1123 2446 cher nur auf Anſuchen aushilfsweiſe und nur ſo lange im Ver⸗
89 2442 1123 2480 waltungsrathe des Central⸗Bauvereins verblieb, bis er einen Ein⸗
87 2477 556 2510 blick in das Getriebe erhalten;
175 2505 1124 2546 die Ausſage des kaiſerlichen Rathes Stempf, welcher an⸗
87 2542 1124 2584 gibt, jenem Comité angehört zu haben, welches ſich bei dem Ad⸗
86 2576 1123 2616 vocaten Dr. Max Schweinburg conſtituirt und in Erwägung ge⸗
86 2610 1125 2652 zogen hatte, ob es nicht im Intereſie der Mitglieder gelegen wäre,
87 2641 1122 2684 die Verwaltung zu übernehmen. Zeuge wurde, um ſich über den
85 2677 1113 2720 Vermögensſtand zu informiren, zum Central⸗Bauverein geſendet
83 2711 1120 2757 Aus den Büchern konnte man über den Stand des Vereins nichts
85 2751 1121 2789 erfahren, und nach den Auskünften, die der commerzielle Director
85 2785 1119 2823 Neumann ertheilte, war ein Antheilſchein 17 fl. werth. Dieſe Aus⸗
84 2819 1119 2858 künfte beſtimmten das Comité, das Vorhaben des Eintretens auf⸗
85 2856 207 2891 zugeben.
171 2888 1118 2927 Um ½1 Uhr folgt eine kurze Unterbrechung und die Berathung
84 2923 761 2960 über den Antrag des Dr. Markbreiter.
170 2957 1118 2995 Bei Wiederaufnahme der Verhandlung publicirt der Präſi⸗
84 2987 1119 3028 dent: Der Gerichtshof hat beſchloſſen, dem Antrage des Dr. Mark⸗
83 3021 1117 3064 breiter, durch die Polizei erheben zu laſſen, aus welchem Grunde ſich
82 3060 1117 3099 Kropſch entleibt hat, ſei keine Folge zu geben. Es wird die Zeugen⸗
86 3096 432 3130 vernehmung fortgeſetzt.
170 3123 1117 3168 Juſtus Friedrich Rothſchild, Chef der Firma Rothſchild
82 3164 1117 3201 und Comp., hat gegen 5 Percent Proviſion und je 20 fl. für einen
80 3198 1116 3236 Angeworbenen circa 160 Mitglieder für den Central⸗Bauverein an⸗
81 3232 1114 3271 geworben. Im Auguſt und September vorigen Jahres erfuhr er aus
81 3266 1117 3306 den Zeitungen, daß es mit dem Vereine ſchlecht ſtehe. In Verkehr
81 3297 858 3340 war Zeuge eigentlich nur mit Sternek und Beyfuß.
149 3336 1118 3375 Vertheidiger Dr. Edmund Singer: Es wurde der Verdacht
82 3370 1115 3408 angeregt, man hätte ſich Ihrer Firma bedient, weil dieſelbe ähnlich
82 3404 1116 3443 klingt mit einer weltberühmten Firma und Verwechslungen bei den
83 3439 1117 3477 zu werbenden Mitgliedern dadurch leicht möglich und denkbar ſind?
169 3469 1115 3511 Zeuge: Unſere Firma lautete Rothſchild und Comp., alſo
82 3507 1117 3546 nicht S. M. Rothſchild Söhne, dann ſtand unſere Firma nie auf
82 3543 293 3579 den Placaten.
168 3577 1116 3615 Präs.: Es erliegen hier Proſpecte mit der Bezeichnung General⸗
80 3612 632 3649 Repräſentanz Rothſchild und Comp.
167 3643 1116 3685 Zeuge: Das iſt geſchehen, aber ohne Abſicht auf Irreführung.
79 3677 1116 3720 Auf Anregung des Pimmer gibt Zeuge zu, für 10,000 fl. Antheil⸗
80 3715 1116 3754 ſcheine in Commiſſion erhalten zu haben, welche noch bei ihm
82 3752 206 3786 erliegen.
169 3782 1115 3823 Dr. Hönigsmann: Sind es dieſelben Antheilſcheine, welche
81 3818 677 3855 Sie vom Vereine übernommen haben?
168 3852 446 3891 Zeuge: Ja wol.
165 3887 1115 3925 Dr. Hönigsmann beantragt, es möge der Zeuge verhalten
77 3923 1114 3960 werden, dieſe Antheilſcheine hiergerichts zu erlegen, und es möge
77 3956 1114 3994 unterſucht werden, ob dieſe Scheine auch die Nummern der urſprüng⸗
79 3992 581 4028 lich ausgefolgten Scheine tragen.
163 4023 1114 4064 Der Staatsanwalt ſprach ſich gegen dieſen Antrag, als
77 4060 947 4097 nicht in die Ingerenz dieſes Gerichtshofes gehörend, aus.
163 4093 775 4166 Die Beschlußfassung wurde vorbehalten.
189 4126 1115 4166 Zeuge Dr. Moriz Schweinburg, Concipient bei Dr. Wodickh,
78 4162 1115 4201 hat vom 5. Auguſt ab für Dr. Wodickh bei Käufen und Verläufen
77 4196 1115 4234 des Central⸗Bauvereins rechtsfreundlich intervenirt; in der Regel
78 4232 1114 4271 lagen ihm ſchon Punctationen für den zu entwerfenden Vertrag vor.
163 4266 1114 4308 Bezüglich der Vertheilung der aus dem Verkaufe der Brigit⸗
75 4297 1115 4340 tenauer Gründe gefloſſenen 10,000 fl. weiß Zeuge nur, daß er für
74 4336 964 4374 Dr. Wodickh hieraus rückſtändige Expenſen erhalten hatte.
161 4368 1114 4408 Präſ.: Wie kamen Sie dazu, gerade an jenem Tage Expen⸗
74 4401 1114 4443 ſen einzucaſſiren? — Angekl.: Ich habe dieſe Zahlung öfter be⸗
78 4440 604 4476 gehrt und wurde immer vertröſtet.
162 4474 1113 4511 Präſ.: Es wird der Vorgang ſo dargeſtellt, daß Sie zugegen
75 4508 1114 4545 waren, wie die Herren ſich in die 10,000 fl. theilten, und bei dieſer
73 4542 1113 4580 Gelegenheit nun auf Zahlung der Expenſen⸗Note drangen; es wurde
71 4577 1113 4614 vermittelt, und nachdem Sie nichts nachlaſſen wollten, erhielten Sie
72 4607 1112 4649 die 1000 fl. — Zeuge: So war es nicht, ſondern ich ſah, daß
74 4646 811 4681 Geld da war, forderte das Geld und erhielt es.
159 4678 1111 4717 Präſ.: Die Zahlung erfolgte nicht an der Kaſſe, nicht gegen
74 4714 1113 4752 Anweiſung, nicht gegen ordnungsmäßige Quittung, ſondern nur
75 4746 1112 4786 gegen Ihre Beſcheinigung? Das iſt doch auffällig. — Zeuge: Ich
72 4783 1112 4821 ſah darin nichts Auffälliges; Dr. Wodickh hatte 1000 fl. zu fordern,
71 4813 1112 4854 ich übernahm dieſe für ihn und verſprach, am nächſten Tage die
71 4851 1110 4888 ordentliche Quittung des Dr. Wodickh zu bringen, was auch geſchah.
158 4886 1109 4923 Präſ.: Es wird behauptet. Sie hätten zugeſehen, wie ſich
70 4915 1112 4957 die Herren in die 10,000 fl. theilten, und beſtanden auch darauf, daß
70 4952 1112 4993 Ihnen die 1000 fl. ausgefolgt werden. — Zeuge: Das muß ich
70 4988 1076 5027 als ganz unrichtig bezeichnen; ich habe nichts Derartiges geſehen.
156 5019 1111 5061 Präſ.: Wenn Sie geſehen hätten, wie man ſich in die
72 5056 1110 5099 10,000 fl. theilte, wäre Ihnen das aufgefallen? Hätten Sie darin
69 5091 904 5134 etwas Bedenkliches gefunden? — Zeuge: Beſtimmt.
1266 218 2215 257 Präſ.: Von wem haben Sie die 1000 fl. übernommen? —
1181 251 2212 292 Zeuge: Es waren Sternek, Botſtieber, Pimmer und Neumann
1183 296 1302 322 zugegen.
1266 321 2214 363 Präſ.: Iſt es richtig, daß Gläubiger mahnen kamen? —
1183 354 1705 399 Zeuge: In der letzten Zeit wol.
1267 386 2212 431 Präſ.: Erhielten die Leute Zahlung? — Zeuge: Nein, er
1185 425 1695 462 war keine Kaſſe mehr vorhanden.
1266 459 2213 499 Präſ.: An wen wendeten ſich die Parteien? — Zeuge:
1164 493 1660 528 An Pimmer und an Neumann.
1266 529 2211 568 Pimmer: Der Herr Dr. Schweinburg wird mir zugeſtehen,
1181 560 2210 602 daß ich Niemandem Zahlung verſprach. — Zeuge: Ja, das
1179 596 1310 630 iſt wahr.
1265 630 2211 670 Präſ.: Was ſagte Herr Pimmer zu den Mahnenden? —
1178 662 1884 701 Zeuge: Der Caſſier iſt heute nicht mehr da.
1264 694 2209 738 Präſ.: Nun, das heißt ſo viel, als kommen Sie morgen, da
1178 733 1680 766 werden Sie das Geld bekommen.
1265 768 2208 805 Darüber, ob Dr. Schweinburg bei der Vertheilung der 10,000 fl.
1179 802 2209 841 zugegen geweſen, ſich an der Theilung betheiligt habe oder nicht,
1179 836 1774 873 entſpinnt ſich eine längere Controverſe.
1263 868 2205 909 Richter Gernerth: Zur Zeit, als Sie dieſe 1000 fl. für Ex⸗
1177 904 2208 943 penſen eincaſſirten, wie viel war da der Verein an Expenſen ſchul⸗
1178 936 1736 976 dig? — Zeuge: Ungefähr 1500 fl.
1263 968 2209 1010 Richter Gernerth: Hatte der Verein eine Specification über
1178 1004 1854 1045 dieſe Expenſen? — Zeuge: Damals nicht.
1264 1040 2207 1078 Richter Gernerth: Dann wundert es mich, daß Ihnen die
1178 1072 2207 1113 1000 fl. ausgefolgt wurden. — Zeuge: Man wird doch dem Ad⸗
1177 1110 2082 1148 vocaten die nachträgliche Verrechnung anvertrauen dürfen?
1262 1143 2206 1182 Dr. Mandel: Herr Zeuge! Sahen Sie den Kaufvertrag
1178 1178 2207 1216 oder vielmehr den Geſchäftsabſchluß mit Herrn Weiner für eine
1176 1210 2206 1252 Fiction an? — Zeuge: Gewiß nicht, es fanden ſogar ſehr lange
1177 1247 1520 1282 Unterhandlungen ſtatt.
1262 1280 2207 1317 Dr. Mandel: Hat Herr Weiner mit dem Vereine unter⸗
1177 1314 2205 1355 handelt oder ſein Rechtsfreund? — Zeuge: Immer ſein Rechts⸗
1177 1350 1447 1385 freund Dr. Rupp.
1261 1383 2207 1424 Dr. Hönigsmann beantragt die Beeidigung des Dr. Moriz
1179 1418 1377 1452 Schweinburg.
1262 1452 2206 1492 Der Staatsanwalt ſpricht ſich dagegen aus, und der Gerichts⸗
1176 1485 2206 1525 hof beſchließt, es ſei der Zeuge nicht zu beeiden, weil er in der
1178 1520 2204 1560 Unterſuchung zurückhaltend deponirte und weil ſeine heutigen De⸗
1180 1552 2206 1593 poſitionen nicht im Einklange ſtehen mit den diesbezüglichen De⸗
1179 1590 2033 1628 poſitionen der Angeſchuldigten und der übrigen Zeugen.
1260 1624 2205 1662 Bezüglich der bei Rothſchild und Compagnie erliegenden
1176 1659 2203 1702 10,000 fl. in Antheilſcheinen beſchließt der Gerichtshof, dieſe den⸗
1175 1693 2205 1731 ſelben nicht abzuverlangen, wol aber dem Curator mit Angabe der
1174 1728 1933 1765 Nummern der Stücke hievon Anzeige zu erſtatten.
1259 1761 2203 1801 Um halb 3 Uhr wird für heute die Verhandlung geſchloſſen.
1174 1796 1626 1833 Morgen folgt die Fortſetzung.
1262 1862 2203 1902 München, 3. Juli. [Orig.⸗Ber.] (Beleidigung des
1172 1894 2204 1936 Fürſten Bismarck.) Nach längerer Pauſe wurde vor unſerem
1174 1932 2202 1970 Schwurgericht heute ein Preßproceß verhandelt. Der Redacteur des
1172 1966 2202 2007 „Vaterland“ Dr. Sigl, der auch ein ſogenanntes Witzblatt, die
1173 2001 2201 2040 „Bremſe“, herausgibt, war wegen eines im letzteren veröffentlichten
1171 2035 2201 2074 Akroſtichon der Beleidigung des Reichskanzlers angeklagt. Dasſelbe
1171 2066 2202 2109 enthielt unter der Aufſchrift: „Ein Preußenname“, ſieben Worte,
1170 2100 2202 2141 deren Anfangsbuchſtaben den Namen Bismarck bilden. In vier
1170 2138 2199 2177 dieſer Worte ſieht die von dem Staatsanwalt Freiherrn v. Bernrod
1169 2168 2200 2212 näher begründete Anklage eine Beleidigung des Fürſten von Bismarck,
1170 2206 2200 2246 ſowol in perſönlicher Beziehung, als auch in Beziehung auf den
1168 2238 2199 2280 Amtsberuf des Reichskanzlers. Der Angeklagte, der ſich ſelbſt ver⸗
1168 2274 2198 2314 theidigte — es fand ſich wol kein Rechtskundiger, der den „Vater⸗
1168 2306 2199 2350 lands“⸗Redacteur vertheidigen mochte — ſucht darzulegen, daß die
1167 2344 2199 2384 incriminirten Worte ſich gar nicht auf Bismarck bezogen und daß die⸗
1167 2379 2198 2417 ſelben auch nicht beleidigend wären; er habe auch nicht die Abſicht
1166 2414 2198 2452 gehabt, den Reichskanzler zu beleidigen, ja, er hätte gar keinen Grund,
1166 2444 2197 2485 denſelben zu beleidigen. Dies ſuchte der Angeklagte in umfaſſendſter
1165 2478 2199 2519 Breite zu begründen, konnte ſich aber den Geſchworenen gegenüber
1165 2513 2198 2552 nicht weißwaſchen. Bei der Frageſtellung bemerkt der Gerichtsprä⸗
1167 2546 2198 2587 ſident, daß, wenn die Geſchworenen der Anſicht wären, daß nur
1167 2580 2198 2621 eine perſönliche Beleidigung des Fürſten Bismarck und nicht auch
1167 2613 2197 2656 eine Beleidigung des Amtsberufes desſelben vorliege, ſie ihrem Wahr⸗
1166 2646 2196 2691 ſpruche einen entſprechenden Zuſatz beizufügen das Recht hätten.
1164 2682 2196 2730 Die Geſchworenen haben dies aber nicht gethan, vielmehr, und zwar
1165 2720 2195 2759 nach einer kaum viertelſtündigen Berathung die Schuldfrage unbe⸗
1163 2756 2195 2794 dingt bejaht. Von Seite der Staatsbehörde wurde in Anbetracht, daß
1164 2786 2195 2828 der erſte Beamte des Reiches, und zwar auch in Bezug auf ſeine
1162 2824 2194 2863 Amtsthätigkeit beleidigt und der Beleidiger ein Mann iſt, der innerhalb
1163 2856 2195 2898 fünf Jahren bereits ſiebenmal wegen Ekrenkränkung durch die Preſſe
1164 2894 2194 2931 beſtraft wurde, eine viermonatliche Gefängnißſtrafe beantragt; der
1163 2927 2193 2966 Gerichtshof erkannte indeſſen, wol in Berückſichtigung des an ſich
1162 2959 2194 3001 ſehr geringfügigen Gegenſtandes der Anklage, nur auf Gefängniß
1163 2994 2193 3035 von einem Monat, Tragung aller Koſten und Veröffentlichung des
1162 3030 1938 3070 Erkenntniſſes in der nächſten Nummer des Blattes.
1245 3100 2192 3145 Tübingen, 1. Juli. (Duell.) Am Montag den 24. März d. J.
1160 3137 2192 3179 fand im Walde bei Babenhauſen ein Piſtolenduell ſtatt zwiſchen
1160 3173 2192 3212 dem Studirenden der Medicin Lauenſtein aus Celle und dem
1161 3207 2193 3248 Studirenden der Rechtswiſſenſchaft Paul Avianus aus Ebersdorf
1158 3240 2190 3283 (Reuß). Der Anlaß zu dem Duell war eine ſehr geringfügige nächt⸗
1160 3274 2192 3317 liche Rempelei. Avianus erhielt in der Gegend der rechten Schulter
1159 3312 2190 3350 einen Schuß beim dritten Kugelwechſel. Die Wunde ſchien unge⸗
1158 3346 2191 3386 fährlich zu ſein; allein nach einigen Tagen trat Blutvergiftung ein
1149 3379 2191 3420 und am 31. März ſtarb Avianus. Als Cartellträger hatte Student
1163 3414 2191 3453 Eſſelin aus Südafrika und als Secundant auf Seite des Verletzten
1161 3448 2190 3489 Student Kümmel aus Oſtfriesland fungirt; Letzterer hatte außerdem
1161 3483 2191 3523 ſeine Piſtolen zu dem Duell hergegeben und ſtand deßhalb, nicht
1162 3517 2190 3556 weil er Secundant war, da dieſe nach dem deutſchen Strafgeſetze
1161 3552 2191 3592 ſtraflos ausgehen, vor den Schranken des Gerichtes. Die Ge⸗
1162 3587 2198 3626 ſchwornen verneinten die Frage der Tödtung und bejahten nur die
1159 3618 2190 3661 Frage des Zweikampfes; der Gerichtshof verurtheilte demgemäß
1158 3656 2191 3696 Lauenſtein zu einer Feſtungshaft von acht Monaten. Der Studirende
1161 3691 2193 3730 Eſselin wurde wegen Cartelltragens von den Geſchwornen für
1159 3724 2192 3764 ſchuldig befunden und vom Gerichtshofe zu einer Feſtungshaft
1159 3759 2192 3798 von zwei Monaten verurtheilt. Dagegen verneinten die Ge⸗
1158 3792 2190 3833 ſchwornen die auf Beihilfe gerichtete Frage, betreffend den Studi⸗
1157 3828 2191 3867 renden Kümmel, da ſie nach der Ausführung des Vertheidigers an⸗
1158 3863 2192 3902 nahmen, daß es zum Weſen des Secundanten gehöre, für Herbei⸗
1158 3897 2191 3936 ſchaffung der erforderlichen Waffen zu ſorgen; auf Grund dieſes
1158 3929 2191 3971 Wahrſpruches der Geſchwornen wurde ꝛc. Kümmel vom Gerichtshof
1158 3967 2192 4006 freigeſprochen. Im Zuhörerraum waren Hunderte von Studirenden,
1158 4000 2191 4039 welche der Verhandlung mit geſpannteſter Aufmerkſamkeit folgten.
1159 4082 2191 4161 Telegramme des Correſpondenz-Bureau.
1243 4166 2190 4217 Prag, 4. Juli. Die Wahl des Johann Kleiſel zum
1157 4211 2191 4257 Obmanne der Bezirksvertretung Pilſen und des
1158 4253 2190 4304 Grafen Johann Harrach zum Obmanne der Bezirksver⸗
1157 4298 2189 4346 tretung Tabor erhielt nicht die allerhöchſte Beſtätigung.
1242 4350 2188 4396 Klagenfurt, 4. Juli. Bei prachtvollem Wetter und
1157 4394 2189 4439 großartiger Betheiligung der Elite der Geſellſchaft und des
1156 4437 2188 4482 Publicums erfolgte um ½ Uhr die Enthüllung des
1157 4479 2189 4525 Maria⸗Thereſia⸗Monumentes. Kronprinz
1155 4521 2189 4568 Rudolph erſchien in Oberſten⸗Uniform und wurde mit
1155 4564 2189 4614 lauten Hochrufen begrüßt. Bürgermeiſter Jeſſernigg hielt
1157 4608 2188 4657 eine Anſprache, in welcher er die hohen Regierungstugenden
1156 4650 2188 4697 der Kaiſerin Maria Thereſia hervorhob. Kronprinz
1155 4692 2188 4740 Rudolph bezeichnete in der Antwort das heutige Feſt als
1155 4733 2188 4784 ein dynaſtiſches und Volksfeſt zugleich, dankte der Bevölke⸗
1154 4776 2188 4826 rung, welche den Enkeln der großen Kaiſerin die Liebe und
1154 4820 2188 4869 Treue bewahrt habe, und ſchloß mit den Worten: „Gott
1155 4864 2187 4912 ſchütze Kärnten!“ Hierauf erfolgten die Enthüllung des
1154 4906 2189 4954 Denkmals, der Vortrag der Feſtcantate durch den Geſang⸗
1155 4948 2189 4995 verein und die Militärcapelle, die Vorſtellung des Barons
1156 4990 2189 5041 Schwarz, des Künſtlers Pöninger, Architekten Baier und
1155 5034 2190 5084 der übrigen Mitarbeiter des Werkes und ſchließlich die De⸗
1152 5078 2190 5131 filirung der ausgerückten Truppen. Nach 10 Uhr fand die
2258 223 3285 279 Vorſtellung des Gemeinderathes in der Burg ſtatt. Nach⸗
2259 268 3283 320 mittags erfolgt die Beſichtigung induſtrieller Etabliſſements.
2315 318 3285 371 Bern, 4. Juli. Die Teſſiner Regierung be⸗
2257 360 3284 413 ſchloß die Ausweiſung zweier fremder Prieſter, ſowie
2257 404 3282 457 daß mit  Ablauf der Aufenthalts⸗Bewilligung für fremde
2254 447 3284 500 Geiſtliche das Placet für ihre geiſtlichen Functionen erloſchen
2256 490 3280 546 ſei. Endlich verbot ſie Verſammlungen und religiöſe
2256 533 3082 581 Uebungen des Pius⸗Vereines an Feſttagen.
2263 583 3282 636 Genf, 4. Juli. Der Große Rath beſchloß, daß
2251 622 3280 680 der Staat bei der Biſchofswahl mitzuwirken
2253 668 2361 709 habe.
2340 718 3282 772 Verſailles, 4. Juli. Die Handels⸗Commiſſion
2254 762 3282 817 beſchloß, betreffs der neuen Steuern folgende Anträge
2251 805 3283 859 zu ſtellen: Eine zehnpercentige Steuer auf Kryſtall⸗, Glas⸗,
2253 847 3284 898 Porcelan⸗ und Fayence⸗Waaren; eine fünfpercentige Steuer
2252 891 3282 945 ad valorem auf Gewebe; Erhöhung der Zeitungsſteuer;
2253 933 3281 986 eine Seifen⸗ und Stearin⸗Steuer und Beſteuerung der ge⸗
2253 976 3274 1027 wöhnlichen und mineraliſchen Oele. Die exportirten Product⸗
2252 1019 2844 1067 ſollen von der Steuer befreit ſein.
2337 1069 3280 1123 London, 4. Juli. Der Großfürſt⸗Thronfolger
2251 1113 3278 1165 von Rußland hat geſtern dem Schah einen Abſchieds⸗
2251 1155 2502 1198 beſuch gemacht.
2336 1205 3279 1251 Waſhington, 3. Juli. Eine Proclamation des
2250 1249 3277 1298 Präſidenten Grant gibt bekannt, daß im Jahre 1876
2251 1292 3278 1344 eine Weltausſtellung in Philadelphia ſtattfinden
2250 1336 2351 1368 wird.
2336 1378 3280 1429 Enrique Palacions landete in Honduras, ſtürzte
2250 1421 3276 1473 die Regierung des Präſidenten Arias und marſchirt
2249 1463 2578 1506 nach Guatemala.
2332 1514 3276 1554 Frankfurt, 4. Juli. Wechſel per Wien 104 7/8. 6percent. Ame⸗
2248 1548 3270 1588 rikaner vom Jahre 1882 96½. Oeſterreichiſche Bankactien 1027
2248 1585 3275 1628 5percent. Oeſterreichiſche Creditactien 242½. Oeſterreichiſch⸗franzö⸗
2248 1619 3276 1661 ſiſche Staatsbahnactien 355—. 1854er öſterreichiſche 250 fl.⸗Loſe
2248 1652 3277 1696 —. 1860er österreichiſche 500 fl.⸗Loſe 93—. 1864er öſterreichiſche
2249 1686 3276 1730 100 fl.⸗Loſe 154—. Papier⸗Rente 60 5/8. Silber⸗Rente 65 5/8. Galizier
2246 1722 3269 1762 237—. Lombarden 202—. Eliſabethbahn 235¼. Deutſch⸗Oeſterr.
2247 1755 3275 1795 Bank 92 7/8. Frankfurter Bankverein 112 ¾. Nordweſtbahn — .—.
2247 1789 3275 1829 Lit. B 172½. Ungariſche Loſe 91 ⅛. Wiener Communal⸗Anlehen
2247 1824 3267 1866 76 7/8. Albrechtbahn⸗Actien —.—. Albrechtbahn⸗Prioritäten 75 3/8.
2248 1859 3273 1901 Ungariſche Anleihe —.—. Böhmiſche Weſtbahn —. Franz⸗Joſeph⸗
2245 1893 3272 1931 bahn —.—. Oesterreichiſch⸗Ungariſche Escomptebank —.—. Auſtro⸗
2246 1927 3272 1969 Türkiſche Creditanſtalt —. Unionbank⸗Actien —.—. Neueſte franzö⸗
2247 1957 3274 2004 ſiſche Rente —.—. Deutſche Effecten⸗ und Wechslerbank 122¼.
2246 1992 3273 2034 Drau⸗Actien —.—. Franco⸗Hongroiſe —.—. Raaber Loſe — —.
2245 2027 3272 2068 Braunau⸗Straßwalchener Actien —. Prioritäten —. Oeſterr. Bank⸗
2246 2061 3265 2098 geſellſchaft —.—. Buſchtiehrader —.—. Berliner Bankverein —.—.
2246 2098 2366 2130 Günſtig.
2331 2135 3271 2183 (Nachbörſe.) Creditactien 241—. Staatsbahn 355½.
2244 2169 3259 2215 Lombarden 201¾. Silber⸗Rente —.—. Franco⸗Hongroiſe —
2244 2204 2981 2241 Nordweſtbahn —. Oeſterreichiſche Bankactien —.
2336 2247 3271 2288 Frankfurt, 4. Juli. (Abendbörſe.) Creditactien
2241 2283 3270 2323 247—. Oeſterreichiſch⸗franzöſiſche Staatsbahnactien 357—. 1860er
2241 2315 3270 2357 öſterreichiſche 500 fl.⸗Loſe 93—. Neue Staatsbahn —.—. 1854er
2242 2353 3272 2393 öfterr. 100 fl.⸗Loſe —.—. 6percentige Amerikaner vom Jahre
2241 2387 3272 2426 1882 96½. Lombarden 202¾ bis —.—. Oeſterr. Silber⸗Rente
2240 2421 3270 2460 65 5/8. Galizier 241—. Eliſabeth⸗Weſtbahn 236. Nordweſtbahn —.—.
2239 2451 3270 2497 Oeſterreichiſche Bankactien 1035 bis —.—. Franz⸗Joſephbahn⸗
2240 2486 3271 2529 Actien —.—. Papier⸗Rente 60 3/8. Bankverein —. Deutſche Effecten⸗
2241 2519 3262 2561 und Wechslerbank 122¼ bis —. Vraunau⸗Straßwalchen⸗Actien —.
2239 2552 3256 2593 Bankverein —.—. Raaber Loſe —.—. Berliner Bankverein —.—
2240 2586 2998 2625 Deutſch⸗Oeſterreichiſche Bank — bis —. Günſtig.
2325 2627 3261 2672 Paris, 4. Juli. (Schlußcurſe.) Neueſte Anleihe 91.77.
2238 2664 3268 2710 4½ percentige Rente 81.05. 3percentige Rente 56.30. Italie⸗
2239 2697 3260 2741 niſche Rente 64.05. Neuer Crédit Mobilier 417. Lombarden 440.
2239 2736 3267 2778 Staatsbahn 796.—, neue —. 1875er Lombardiſche Bonds 512.50.
2239 2771 3260 2812 1876er Lombardiſche Bonds —.—. Domänen⸗Pfandbriefe 280 —.
2237 2805 3260 2846 Oeſterr. Obligationen —. Nordweſtbahn 485. Türkenloſe 158.—
2237 2838 2993 2875 Neues Anlehen 90.95. Wechſel auf London 25.51.
2321 2889 3265 2921 London, 4. Juli. Consols 92 11/16 per Auguſt. Lombarden
2238 2909 3259 2954 17¼. Amerikaner 91 7/8. Italiener 60 13/16. Wechſel per Wien 11.42.
2238 2943 3265 2988 Silber⸗Rente 65½. Papier⸗Rente 61 ⅛. Prämie. Platzdiscont —
2237 2978 2441 3015 bis —. Fest.
2491 3011 3020 3052 Nach Schluß des Blattes.
2322 3065 3264 3114 München, 4. Juli. Die hieſigen Blätter melden über⸗
2238 3111 3266 3165 einſtimmend, daß der König die Wahl beider Münchener
2236 3154 3265 3205 Bürgermeiſter Erhardt und Wiedenmayer be⸗
2235 3199 2415 3242 ſtätigte.
2321 3247 3263 3299 Pulo⸗Penang, 4. Juli. Eingelaufene Nachrichten be⸗
2235 3292 3264 3343 ſtätigen, daß Holland Eröffnungen wegen eines fried⸗
2234 3335 3110 3384 lichen Ausgleichs mit Atſchin gemacht hat.
2237 3422 3251 3503 Telegramme der „Neuen Freien Preſſe“
2321 3503 3266 3555 Sternberg, 4. Juli. Sämmtliche Gemeindevorſteher
2235 3548 3266 3595 der Landgemeinden des Sternberger Gerichtsbe⸗
2234 3591 3264 3640 zirkes haben heute in einer Verſammlung beſchloſſen, den
2235 3634 3262 3685 Ackerbauminiſter in den Reichsrath zu wählen. Auch
2236 3679 3262 3724 die ſlaviſchen Gemeinden wollen in dieſem Falle mit der
2235 3722 2933 3768 verfaſſungstreuen Partei zuſammengehen.
2320 3772 3263 3818 Proßnitz, 4. Juli. Der hieſige czechiſche Poli⸗
2234 3814 3261 3861 tiſche Verein wurde auf Grund des §. 24 des Vereins⸗
2236 3859 2849 3906 geſetzes von amtswegen aufgelöſt.
2318 3905 3261 3954 Klagenfurt, 4. Juli. Der Kronprinz beſuchte heute
2235 3947 3259 3998 den Bürgermeiſter, den Fürſtbiſchof, einige induſtrielle
2235 3990 3261 4041 Etabliſſements in der Stadt und die Moro'ſche Tuchfabrik
2234 4035 3262 4084 in Viktring bei Klagenfurt. Abends war der Prinz Gaſt
2235 4077 3264 4127 des Landeshauptmannes Grafen Goëß im Schloſſe Ebenthal.
2319 4119 3262 4167 Die Erwiderung des Kronprinzen auf die Feſtrede
2235 4164 3259 4213 des Bürgermaiſters bei der Enthüllungsfeier lautet: „Freudig
2234 4204 3261 4257 habe ich die Vertretung Sr. Majeſtät meines geliebten Vaters
2234 4249 3258 4298 bei dem dynaſtiſchen Feſte übernommen, welches zugleich ein
2233 4291 3259 4342 Volksfeſt iſt, weil die Dynaſtie und das Volk in Oeſterreich
2233 4334 3260 4382 untrennbar ſind. Das ſchöne Kärnten kann ſtolz ſein, ſein
2233 4377 3260 4428 erſtes Denkmal den Regenten⸗Tugenden der großen Kaiſerin
2233 4422 2529 4469 geſetzt zu haben.“
2317 4462 3261 4514 Hierauf dankte der Kronprinz für die vielen Beweiſe
2234 4506 3262 4555 von Liebe und Treue, welche das Kaiſerhaus von Kärnten
2232 4550 3261 4599 ſtets erhielt, und ſchloß mit den Worten: „Gott ſegne
2231 4595 2401 4632 Kärnten!“
2319 4640 3259 4691 Paris, 4. Juli. Die öffentliche Meinung und die
2233 4684 3258 4734 oppoſitionellen Journale aller Farben halten den Ausgang
2232 4727 3259 4773 der Debatten über den Antrag Dufaure als für die
2233 4772 3259 4823 Republik ſehr günſtig. Die Intervention Gambetta's
2233 4815 3261 4863 wird als ein glücklicher Coup bezeichnet, indem Frank⸗
2232 4857 3262 4909 reich durch deſſen Rede abermals auf die Nothwendigkeit
2232 4899 3260 4951 der Kammer⸗Auflösung aufmerkſam gemacht wurde.
2317 4942 3262 4995 Der Tag der Ankunft des Schahs von Perſien
2232 4985 3261 5041 iſt noch nicht feſtgeſetzt. Der Schah würde es vorziehen, den
2231 5029 3262 5082 franzöſiſchen Boden bei Calais zu betreten, Mac Mahon
2232 5072 3156 5126 perſönlich wünſcht jedoch, daß er in Cherbourg lande.
