2479 3508
193 178 283 228 Seite 6
536 197 717 224 Wien, Samstag
1053 193 1300 218 Arbeiter-Zeitung.
1651 195 1801 220 6. Juli 1895
2036 197 2131 221 Nr. 182
167 266 814 298 Polier Ben zu einer Geldstrafe von 25 fl., eventuell fünf
167 297 348 319 Tagen Arrest.
234 318 814 346 (Gewichtsfälschung.) Der Selchermeister Josef Schöner
169 339 814 370 in der Innern Stadt besitzt eine Geschäftsfiliale in der Boerhave¬
168 361 814 391 gasse im Bezirk Landstraße, in der sein Bruder Michael Schöner
168 383 814 412 als Verkäufer fungirt. Als nun der Marktkommissär Karl
168 405 813 435 Klieber unlängst dort wegen der Gewichte eine Nachschau
169 427 814 457 hielt, bemerkte er. daß an der Wagschale ein Stück Schweinfilz
171 449 813 480 angeklebt war, das Michael Schöner schnell zu beseitigen
171 471 815 503 suchte. Bei der Prüfung der Wage ergab sich, daß durch diese
172 494 815 522 Manipulation die Kunden um drei Deka per Kilo verkürzt werden.
171 515 815 545 Auf erfolgte Anzeige batte sich Michael Schöner gestern beim Be¬
173 540 815 569 zirksgericht Landstraße wegen Uebertretung des Betruges zu
173 560 814 588 verantworten. Der Angeklagte redete sich damit aus, daß er,
176 582 816 610 weil ein Stück von der Wagschale ausgebrochen war, dasselbe
173 605 815 634 vorläufig durch das Stück Schweinefilz ersetzt habe. (!) —
173 628 816 655 Richter: Und auf diese Art werden die Leute beschummelt. —
173 649 817 679 Der Angeklagte gab sich alle Mühe, die Sache so harmlos als
173 671 817 700 möglich erscheinen zu lassen. Er habe das Geschäft auf Ver¬
176 694 816 723 rechnung und daher von diesem keinen Gewinn. — Richter:
173 715 818 744 Aber Einer hat ihn doch. Warum haben Sie, wenn die Sache
176 738 818 767 so unschuldig ist, nicht gleich dem Marktkommissär die Geschichte
177 734 817 792 von dem künstlichen Ausgleich der Wage erzählt, sondern das
176 782 818 812 Stück wegzuräumen gesucht? — Der Angeklagte weiß darauf
177 804 819 832 keinen Bescheid. Es wurde nun der Chef des Geschärtes. Josef
177 827 818 855 Schöner. vernommen. — Richter: Der Angeklagte hatte
176 851 820 876 das Geschäft auf Rechnung? — Zeuge: Verrechnung war
178 871 820 898 keine. — Richter: Von was lebt er dann? — Zeuge: Er
180 893 820 920 acht ins Gasthaus essen, und das zahle ich. — Richter: Eine
179 915 820 944 sonderbare Geschäftseintheilung. Ich werde den Herren Markt¬
179 937 820 965 kommissär nochmals vorladen, die Wage bleibt einstweilen als
178 958 821 988 corpus delicti hier. — Obwohl dies dem Herrn Selchermeister sehr
179 981 823 1009 unangenehm war, mußte er in den sauren Apfel beißen. Hierauf
180 1009 487 1031 wurde die Verhandlung vertagt.
247 1031 821 1058 (Eine schwerwiegende Beschuldigung.) Der im
180 1054 821 1080 XVIII. Bezirk etablirte Svenglermeister Johann Thüringer
180 1075 818 1101 hatte in der ersten Hälfte des vorigen Monats nächst dem Gast¬
179 1097 822 1123 hause „zum goldenen Brunnen“ in der Schumanngaffe exzedirt,
179 1120 822 1147 einen Schneider geohrfeigt und den Cafetier Josef Wessely ver¬
180 1142 821 1168 folat und beschimpft. Einige Tage später erschien Thüringer nach
180 1165 820 1190 Mitternacht beim Polizeikommissariat und brachte zur Anzeige, er
180 1187 820 1217 sei soeben von einer Schaar von Männern räuberisch ange¬
180 1209 819 1233 fallen und schwer verletzt worden. Hiebei bezeichnete er den
180 1231 820 1255 Cafetier Wesseln als einen der Thäter. Am folgenden Tage war
179 1252 821 1279 in den Wiener Blättern zu lesen, Thüringer habe einen Währinger
179 1274 820 1303 Cafetier als einen der Thäter bezeichnet, und in der ganzen Um¬
179 1297 820 1324 gebung wußte man, daß Herr Wessely gemeint sei. Dieser brachte
178 1320 817 1346 gegen Thüringer eine Ehrenbeleidigungsklage ein, die vor dem
177 1342 819 1367 Richter, Adjunkten Dr. Pöll, von Dr. Ferdinand Grünberger
177 1363 817 1387 vertreten wurde. Nach Vernehmung von elf Zeugen wurde Thü¬
175 1385 818 1412 ringer schuldig erkannt und zu drei Tagen Arrests verurtheilt.
243 1412 818 1437 (Eine Posse) mit nachherigem Freispruch spielte sich gestern
177 1434 817 1461 vor dem Bezirksgerichte Rudolfsheim ab. Der Leiter der Fett¬
175 1458 817 1480 waarenfabrik Moll und Komp., Johann Brandl, war an¬
175 1479 817 1505 geklagt, weil vor kurzem in dieser Fabrik anläßlich des Probierens
175 1501 816 1526 einer Maschine heißes Oel in Brand peratben war. Brandt aab
174 1523 819 1549 an, daß durch einen bösen Zufall der Brand entstanden sei. Nie¬
177 1545 819 1570 mand, am allerwenigsten er, trage daran schuld. Nun sollte der
176 1567 818 1597 Vertreter der privatbetheiligten Firma einvernommen werden. Als
175 1589 819 1615 dieser legitimirte sich der Angeklagte selber, sagte wieder dasselbe
175 1611 818 1635 aus und stellte namens der betheiligten Firma an sich (den Ange¬
174 1630 818 1660 klagten) keine Ersatzansprüche, da dieser ganz und gar unschuldig
174 1656 769 1680 sei. Die Komödie endete, wie erwähnt, mit einem Freispruch.
238 1683 821 1709 (Das Los der Gefallenen.) Zu der in Nr. 180 unter
175 1706 820 1730 diesem Schlagwort erschienenen Notiz wird uns mitgetheilt, daß
174 1727 821 1755 der Zeuge nicht Eduard Straßer, sondern Eduard Klasser,
174 1750 820 1776 Vorarbeiter, geheißen hat. Dieser unliebsame Druckfehler hat zu
175 1772 821 1799 einer Verwechslung geführt, die dem Betheiligten natürlich sehr
176 1797 329 1820 unangenehm ist.
308 1851 690 1885 Politische Verfolgungen.
244 1888 821 1913 Wien, 5. Juli. Vor einem Erkenntnißsenat hatte sich
178 1913 821 1938 heute Genosse Adolf Karpathy wegen des Vergehens nach
179 1938 822 1963 §  305 St.=G. zu verantworten. In einer vom sozialdemo¬
179 1962 823 1987 kratischen Verein „Vorwärts“ einberufenen Volksversamm¬
180 1987 823 2016 lung, die am 27. Mai stattfand, hatte er nach der Auffassung
181 2013 823 2038 der Staatsanwaltschaft das erwähnte Vergehen mit einem
182 2037 823 2065 aufreizenden Satze begangen. Er hatte in der erwähnten
183 2062 824 2088 Rede die Genossen aufgefordert, es dein Parlament bekannt¬
180 2087 824 2115 zugeben, was das Volk fühle, und nach seiner Verantwortung
178 2112 824 2141 dann noch hinzugefügt: „Uns ist es blutiger Ernst.“ Dem
178 2136 824 2165 Stenogramm des Regierungsvertreters und seiner Aussage
180 2163 824 2190 zufolge hatte die Aeußerung eine andere Form und einen
181 2187 824 2213 anderen Sinn, und der Gerichtshof ging mit einem Schuld¬
181 2212 825 2239 spruche vor. Der vom Dr. Ingwer vertheidigte Angeklagte
179 2233 824 2263 wurde zu drei Wochen einfachen Arrests verurtheilt.
247 2266 823 2294 Wien, 5. Juli. Heute fand beim Bezirksgericht Land¬
179 2291 823 2319 straße die Schlußverhandlung gegen Genossen Krapka
178 2317 823 2346 wegen Uebertretung der §§ 491 und 496 St.=G. statt. Nach
178 2343 824 2371 den mit der Verantwortung des Angeklagten gleichlautenden
181 2367 824 2395 Zeugenaussagen bemühte sich der staatsanwaltschaftliche
178 2392 823 2419 Funktionär, nachzuweisen, daß die Aeußerung des Angeklagten:
180 2417 823 2447 „In der Oeffentlichkeit und im Parlament werde erzählt,
179 2442 824 2474 Regierung und Koalition hätten den besten Willen, ihr
179 2468 824 2498 Ehrenwort nicht einzulösen“, eine Uebertretung obgenannter
180 2493 823 2523 Paragraphe sei, und verlangte die Bestrafung. Der Richter,
178 2517 822 2547 Dr. v. Marquet, war der gegentheiligen Meinung und
178 2541 822 2570 sprach Genossen Krapka frei. Der staatsanwaltschaftliche
179 2569 566 2593 Funktionär meldete die Berufung an.
244 2597 820 2624 Wien, 5. Juli. Gestern stand Genosse Krejci vor
178 2621 820 2649 einem Erkenntnißsenat unter Anklage nach § 305. Gleich zu
174 2646 819 2674 Beginn beantragte er, daß als Entlastungszeugen der Abge¬
174 2671 819 2700 ordnete Brzeznovsky und einige Genossen vorgeladen
172 2692 819 2724 werden mögen. Der Gerichtshof gab diesem Antrag Folge,
172 2721 819 2748 verhängte aber gleichzeitig die Haft
174 2743 818 2773 über den Angeklagten, da nun „Kollusionsgefahr“ vorliege.
238 2775 818 2802 Eger, 3. Juli. Vom hiesigen Kreisgerichte wurde
173 2801 817 2832 Genosse Emanuel Dörfler in der heute durchgeführten
178 2826 817 2856 Hauptverhandlung von der Anklage wegen Vergehen nach
176 2850 818 2880 § 303 St.=G. (Verspottung und Herabwürdigung der Ge¬
174 2875 818 2906 bräuche und Einrichtungen einer gesetzlich anerkannten Kirche)
176 2906 391 2934 freigesprochen.
188 2954 800 3021 Parteigenossen und Genossinnen!
243 3016 818 3047 Die Koalitionsära hat die Gefängnisse mit Prole¬
178 3042 818 3079 tariern gefüllt, die dem Kampfe um ihr Recht zum Opfer
178 3070 818 3108 fielen. Niemals zuvor in Oesterreich hat es eine Zeit
182 3099 818 3137 gegeben, in der jeder Tag Verurtheilungen brachte, und
182 3126 820 3168 die Rubrik „Politische Verfolgungen“ ist eine ständige
185 3158 821 3198 geworden, die auch nicht einen Tag leer bleibt. Dabei
189 3184 820 3226 müssen wir feststellen, daß nur — — — — Konfiszirt!
256 3210 823 3254 Thatsächlich zählen die Prozesse nach hunderten, und
191 3238 825 3280 allein die Wiener Gerichte haben alle Hände voll zu thun,
191 3267 827 3310 um das „Material“, das ihnen die Polizei einliefert,
191 3312 340 3343 aufzuarbeiten.
908 261 1485 292 Parteigenossen! Wir wollen den Kampf, wir
842 289 1485 319 müssen ihn führen, wir führen ihn mit Erfolg.
842 317 1486 346 Aber wenn wir nicht sentimental aufseufzen, wenn Opfer
842 344 1486 374 fallen, so müssen wir doch thun, was uns die proleta¬
842 371 1486 402 rische Ehre, was uns die brüderliche Solidarität, die
842 399 1485 429 Kampfgenossenschaft gebietet. Die Verurtheilten sind
842 427 1486 457 schwer geschädigt durch die Haft, häufig haben sie lange
843 454 1486 485 Arbeitslosigkeit zu tragen, abgesehen davon, daß Ge¬
843 482 1486 513 fängnißhaft, die auch nur Monate dauert, nie ohne fühl¬
843 509 1486 539 bare Folgen für die Gesundheit bleibt. Das können wir
844 537 1487 566 nicht ändern. Aber wenigstens die materielle Noth müssen
843 565 1488 595 wir ihnen fernhalten, müssen dafür sorgen, daß sie in
844 593 1489 623 ihren Zellen nicht von dem Gedanken gequält werden,
846 622 1408 651 daß ihre Familien dem Hunger preisgegeben sind.
910 649 1488 679 Aber auch zu der wahrlich kärglichen Unterstützung,
845 677 1490 706 wie wir sie bisher gewähren konnten, sind die Mittel,
846 704 1491 735 die heute der Parteivertretung zu Gebote stehen, zu
846 732 1491 761 gering. Die schmerzlichste Empfindung, einen bedürftigen
846 759 1491 789 Genossen leer ausgehen lassen zu müssen, weil für noch
846 787 1492 817 weit mehr Bedürftige zu sorgen ist, wurde uns nicht
848 815 1492 845 erspart. Es sei daran erinnert, daß noch heute Opfer
847 843 1492 874 der Bewegung der Achtziger=Jahre zu unterstützen sind,
847 870 1492 899 und daß die Mittel des Inhaftirtenfonds durchaus
848 898 1493 929 nicht in dem Verhältniß gewachsen sind wie die Zahl
849 926 1022 953 der Inhaftirten.
915 953 1492 984 Wir glauben, daß wir nicht nothwendig haben,
850 981 1493 1011 mehr zu thun, als diesen Thatbestand festzustellen. Wir
849 1008 1492 1039 sind überzeugt, Genossen, ihr werdet auch hier eure
850 1035 1492 1066 Pflicht thun, wie ihr sie immer gethan habt, und ihr
849 1063 1492 1094 werdet die Mittel schaffen, die nothwendig sind, um
849 1091 1494 1122 wenigstens nothdürftig für die zu sorgen, die die schwerste
850 1119 1442 1150 Last unseres gemeinsamen Kampfes zu tragen haben.
917 1147 1493 1177 Parteigenossen! Denket an die Fa¬
850 1174 1493 1204 milien der Inhaftirten, sammelt bei
850 1202 1493 1232 allen euren Zusammenkünften für unseren
849 1229 1493 1260 Fonds und sorget dafür, daß jeder unserer
848 1256 1493 1287 Kämpfer weiß, daß er unserer Solidarität
849 1286 1112 1314 gewiß sein kann.
1101 1314 1464 1344 Die Parteivertretung.
999 1376 1333 1431 Sozialpolitik.
905 1456 1435 1488 Zum internationalen Textilarbeiterkongreß.
913 1488 1492 1519 Das Organisationscomité versendet folgende zwei
845 1515 999 1539 Zirkulare:
913 1549 1436 1577 An die Arbeiter der Textilindustrie aller Länder!
913 1578 1493 1608 Werthe Genossen! Ter erste internationale
848 1604 1493 1635 Textilarbeiterkongreß wurde vom 24. bis zum
847 1629 1389 1658 27. Juli des letzten Jahres in Manchester gehalten.
913 1653 1493 1683 Diese erste allgemeine Zusammenkunft, in welcher der
849 1678 1493 1710 erste Grundstein zu einer internationalen Verbindung der
849 1703 1491 1734 Textilarbeiter gelegt wurde, war von bestem Erfolge gekrönt,
848 1728 1493 1759 dank der Theilnahme der Vertreter von England, Belgien,
849 1753 1493 1782 Frankreich, Holland, Dänemark, Oesterreich und den Ver¬
850 1779 1026 1805 einigten Staaten.
917 1803 1494 1832 Genossen! Wir rufen daher besonders in euer Gedächt¬
851 1828 1495 1860 niß zurück, daß dieser erste Kongreß nicht allein seinen Zweck
851 1853 1494 1885 erreichte durch würdevolle Diskussion und brüderliches Zu¬
850 1878 1495 1908 sammenwirken, welches den Arbeitern alle Ehre macht, sondern
851 1903 1495 1933 auch durch seine hochwichtigen Beschlüsse, welche wir hier
849 1929 988 1954 folgen lassen:
918 1958 1497 1985 1. Der am 25. Juli 1894 zu Manchester in der
852 1980 1496 2009 Memorial Hall tagende Internationale Textilarbeiterkongreß ersucht
852 2002 1495 2029 die Regierungen der verschiedenen Staaten von Amerika und
852 2024 1496 2053 Europa, als Maximum den achtstündigen Arbeitstag oder
851 2046 1496 2074 48 Stunden pro Woche für Erwachsene wie auch für Kinder
853 2068 1496 2097 beiderlei Geschlechts gesetzlich einzuführen. Der Kongreß ladet
852 2090 1495 2119 die Arbeiter aller Länder ein, dahin zu wirken, um auf dem
852 2112 1495 2140 Wege der Gesetzgebung, besonders bei der Wahl ihrer Volks¬
852 2135 1494 2166 vertreter, die Einführung des achtstündigen Arbeitstages zu
852 2159 935 2181 erlangen.
919 2179 1495 2211 2. Der Kongreß bringt in Erwägung, daß zur Besserung
853 2201 1496 2232 der allgemeinen Lage der Arbeiter, zum Beispiel Erhöhung der
853 2223 1495 2253 Löhne, Verkürzung der Arbeitszeit, gute und gesunde Arbeiter¬
852 2244 1494 2275 werkstätten nebst Reglements, es unbedingt nothwendig ist, sich in
852 2267 1494 2298 industriellen Vereinen zu organisiren. Zur Erreichung jener
851 2289 1493 2321 Vortheile für die Arbeiter ist es selbstverständlich noth¬
852 2312 1506 2343 wendig, daß solche Vereine mit einem guten Reserve¬
851 2334 1506 2371 fonds ausgestattet sind, um im geeigneten Falle für eine
851 2356 1505 2385 Lohnerhöhung, so auch gegen eine Lohnreduktion ihren
852 2378 1508 2410 Mitgliedern genügend Hilfe leisten zu können, um ihnen den Sieg
851 2400 1508 2429 zu ermöglichen. Ferner ist es die Pflicht jedes Arbeiters, mit allen
852 2421 1508 2453 Kräften dahin zu wirken, damit das arbeitende Volk und dessen
851 2445 1506 2475 Interessen, soweit die Verhältnisse jeden Landes es erlauben,
852 2467 1507 2497 reichlich in dem gesetzgebenden Körper vertreten seien. Der
851 2489 1507 2520 Kongreß richtet einen Protest gegen die Regierungen solcher
851 2512 1507 2540 Länder, in welchen Gesetze bestehen, durch die die Arbeiter von
850 2534 1507 2562 ihren politischen und menschlichen Rechten ausgeschlossen sind. Der
849 2554 1507 2587 Kongreß ersucht solche Regierungen im Namen der Menschlichkeit,
850 2577 1492 2607 jene Gesetze, welche die Arbeiter ihrer Freiheiten und Rechte
850 2600 1492 2632 berauben und sie zu ungesetzlichen Mitteln, ja selbst ins Unglück
849 2623 1037 2647 treibten, aufzuheben.
914 2644 1504 2680 3. Der Kongreß wünscht, daß ein internationaler Textilbund
848 2666 1504 2697 ins Leben gerufen werden soll, bei welchem Herr James Mawdsley
848 2664 1493 2721 als Generalsekretär und Herr David Holmes als Hauptkassier
847 2710 1490 2741 fungiren sollen. Dieselben sind mit den Befugnissen ausgestattet,
847 2732 1489 2763 sich in Verbindung zu setzen mit dem Rath der gesetzgebenden
846 2754 1487 2783 Vertreter der Textilarbeiter von England, die internationalen Ar¬
847 2777 1488 2807 beiten während des Jahres auszuführen. Jede Nation erwählt
847 2799 1487 2830 unter ihren Mitgliedern der internationalen Vereinigung ange¬
846 2821 1488 2851 hörende korrespondirende Sekretäre, die so bald als möglich die
846 2843 1486 2872 Anträge ihrer Mitglieder zur Begründung eines internationalen
846 2864 1487 2895 Textilbundes dem Generalsekretär einzusenden haben, damit dieser
848 2887 1486 2918 die Anträge dem nächstkommenden Kongreß zur Berathung vor¬
847 2912 950 2934 legen kann.
911 2931 1486 2962 4. Hardyns (Gent) schlägt den anwesenden Kongreßmit¬
847 2954 1485 2983 gliedern vor, den nächstfolgenden Kongreß in Gent abzuhalten.
846 2976 1485 3008 Er hebt besonders hervor, das Gent für den Westen von Europa
846 2998 1485 3030 die Wiege dieser neuen und wichtigen Bewegung sei, die koope¬
844 3017 1484 3050 rativen Geist, gewerkschaftliche Bereinigung und vorgeschrittene
844 3042 1483 3072 politische Thätigkeit vereinigt. Er denkt, daß Gent ein erleuchtendes
847 3065 1203 3088 und ermuthigendes Beispiel darbietet.
910 3090 1482 3126 Demzufolge hat man uns beauftragt, den Kongreß
846 3114 1481 3148 von Gent, der vom 4. bis 10. August 1895 ab¬
848 3141 1217 3173 gehalten werden wird, einzuberufen.
914 3165 1481 3196 Es ist das eine Aufgabe, der wir uns mit Freude
850 3192 966 3218 unterziehen.
916 3213 1480 3249 Aber ehe wir die administrative Anordnung berühren,
853 3239 1482 3275 so erlaubt uns, werthe Genossen, eure Aufmerksamkeit auf
839 3264 1479 3296 die Wichtigkeit der Sache selbst zu lenken. Auf dem Kon¬
840 3288 1479 3321 greß zu Manchester war man einig darüber, daß die Ar¬
1515 262 2161 293 beiterorganisation nicht nur in nationalem Umfange eine
1515 286 2161 316 Nothwendigkeit sei, sondern auch ein internationales Be¬
1515 313 1595 336 dürfniß.
1581 337 2163 366 Der Kapitalismus selbst, dem gegenüber wir unsere
1515 361 2163 390 Rechte zu vertheidigen haben, ist international und wird es
1515 386 2162 417 täglich mehr in Produktion, Austausch und Bezahlung der
1515 411 2161 442 Arbeit. Das Kapital sucht Arbeitskraft zum billigsten Preis
1515 436 2163 466 und die vortheilhafteste mechanische Kraft ohne jede Rücksicht
1516 460 2162 490 auf Nationalität, während es zugleich sich immer mehr hinter
1515 485 2162 518 seinem Schilde, dem Staate, verschanzt, den es als Vertheidiger
1516 511 1769 539 seiner Interessen ansieht.
1583 537 2163 568 Die Gefahr, welche durch die industrielle Entwicklung
1517 561 2162 593 bei den Völkern des Ostens und im Süden der Vereinigten
1518 586 2163 617 Staaten entsteht, ist auch ein internationales Problem, das
1518 611 2164 642 in gleichem Maße alle Industrieländer bedroht: ein Problem,
1517 636 2164 668 das nur durch internationales Zusammenwirken gelöst
1518 662 1652 683 werden kann.
1586 687 2163 717 Diese Thatsachen, werthe Genossen, müssen uns be¬
1520 710 2164 743 stimmen, diesem zweiten Internationalen Kongreß einen groß¬
1520 736 2168 765 artigen Charakter zu verleihen, das heißt mir anderen Worten,
1521 761 2165 792 wir müssen mit all unseren Kräften dahin arbeiten, daß eine
1521 786 2164 816 Internationale Föderation zustande kommt, eine Föderation,
1520 811 2163 844 welche schon beim ersten Kongreß allen Betheiligten wünschens¬
1520 837 1671 864 werth erschien.
1587 862 2165 894 Die Gründung einer internationalen Vereinigung der
1522 885 2167 918 Textilarbeiter steht denn auch als Hauptpunkt auf der Tages¬
1520 911 1610 936 ordnung.
1587 936 2167 967 Wir bitten daher alle diejenigen, welche am Kongreß
1521 960 2168 991 theilnehmen wollen, uns die Anträge, welche sie auf der
1521 984 2166 1016 Tagesordnung haben möchten, gütigst vor dem 1. Mai mit¬
1520 1011 1615 1036 zutheilen.
1587 1036 2166 1066 Wir ersuchen auch unsere Freunde, diejenigen Punkte,
1521 1059 2167 1091 welche sie zu besprechen wünschen, mit einem Bericht zu be¬
1521 1084 2167 1116 gleiten, welchen wir in Holländisch, Französisch, Englisch und
1522 1106 2167 1142 Deutsch ausgeben werden, um die Berathungen zu erleichtern.
1587 1136 2167 1167 Wir ersuchen, besonders diesem letzten Punkte eure
1522 1159 2168 1192 besondere Aufmerksamkeit schenken zu wollen, wodurch unnütze
1521 1184 2167 1216 Debatten vermieden und jedem Gelegenheit geboten werden
1522 1210 2167 1238 wird, sich ohne großen Zeitverlust ein klares Bild der
1522 1232 1951 1266 Geschäftslage fremder Länder zu machen.
1588 1261 2167 1290 Sobald uns von allen Seiten Anmeldungen und Be¬
1522 1285 2168 1317 richte zugekommen sind, werden wir unverzüglich alle Vor¬
1523 1310 2170 1341 arbeiten treffen und unseren fremden Kollegen davon Mit¬
1522 1335 1691 1361 theilung machen.
1587 1360 2166 1391 In der angenehmen Erwartung einer großen und all¬
1521 1385 2166 1417 gemeinen Theilnahme, der wir einen herzlichen Empfang be¬
1521 1409 1967 1439 reiten werden, grüßen wir euch brüderlich.
1520 1439 2165 1470 Im Namen des Organisationscomités des
1504 1460 2165 1496 zweiten Internationalen Kongresses der
1728 1492 1957 1518 Textilarbeiter:
1522 1494 1833 1549 Für die Genter Flachsarbeiter:
1926 1500 2168 1553 Für die Genter Weber:
1585 1529 1754 1580 F. Hardyns.
1958 1531 2135 1582 J. Foucaert.
1686 1588 2003 1617 Für die vlämischen Spinner:
1747 1619 1942 1647 P. Baudewyn.
1505 1643 2166 1678 Das Comité von Manchester: D. Holmes, J. Mawdsley.
1506 1672 2167 1710 Die Korrespondenzen sind zu adressiren: „Vooruit“,
1506 1702 1819 1733 Garenplaats, Gent, Belgien.
1588 1746 1956 1774 Das zweite Zirkular lautet:
1507 1776 2163 1806 Werthe Genossen! Unserem Auftrage getreu, wollen
1506 1795 2166 1834 wir Sie über den Stand der Vorarbeiten zum
1507 1823 1954 1856 Genter Textilarbeiterkongreß unterrichten.
1588 1827 2166 1883 Die Textilarbeiterorganisationen Frankreichs
1509 1876 2167 1906 werden sehr zahlreich vertreten sein. Deutschland hat
1523 1901 2167 1930 bereits seine Theilnahme angemeldet und uns schon einen
1509 1925 2169 1957 sehr wichtigen Bericht eingesendet. Die englischen
1509 1946 2172 1980 Trades=Unions wünschen folgende Punkte auf die
1510 1972 2173 2007 Tagesordnung zu setzen: 1. Bericht über die Lage
1509 1998 2172 2030 der Industrie und über alle Veränderungen in der
1525 2026 2172 2056 Arbeiterwelt seit dem letzten Kongreß; 2. Verbot der
1525 2051 2169 2081 Sonntagsarbeit; 3. Verbot der Ueberzeit= und
1524 2075 2171 2107 Nachtarbeit; 4. Der Achtstundentag; 5. Bessere
1508 2100 2166 2134 Durchführung der Arbeiterschutzgesetze;
1508 2125 2167 2160 6. Mittel zur Durchsetzung einer besseren Gesetzgebung
1508 2150 2167 2181 zu Gunsten der Arbeiter; 7. Vertretung der Arbeiter in
1524 2176 2165 2207 Gesetzgebungskörpern; 8. Deckung der Kosten
1523 2175 2168 2234 des Kongresses. — Ihr seht, werthe Genossen, daß schon
1508 2225 2166 2258 diese Punkte genügen, um eure Anwesenheit auf dem Kongreß
1522 2249 1714 2277 nöthig zu machen.
1507 2271 2166 2306 Die belgischen Textilarbeiterverbände werden sehr
1506 2302 1763 2329 zahlreich vertreten sein.
1586 2327 2169 2357 Das Comité wird sich nunmehr insbesondere mit der
1506 2351 2168 2383 Theilnahme der Schweiz, Oesterreichs, Italiens, Spaniens und
1505 2377 1747 2405 Hollands beschäftigen.
1586 2402 2169 2435 Wir bitten nun, uns die Bericht baldmöglichst zuzu¬
1508 2425 2083 2458 senden und die Punkte zur Tagesordnung anzugeben.
1587 2451 2166 2484 Auch erinnern wir die Vereine daran, daß der Kongreß
1506 2471 2110 2508 am 4. August 1895 beginnt und am 10. August endigt.
1588 2502 2164 2533 Wir ersuchen die Genossen auch, uns zur gehörigen
1520 2525 2165 2557 Zeit die Zahl ihrer Theilnehmer wissen zu lassen, damit wir
1520 2550 2163 2584 die nöthigen Maßregeln für die Unterbringung treffen
1520 2577 1593 2598 können.
1586 2602 2165 2635 Brüder! Die belgische Arbeiterpartei im allgemeinen
1518 2626 2165 2658 und die Genter Arbeiter im besonderen werden glücklich sein,
1518 2650 2121 2682 euch in ihrer demokratischen Stadt empfangen zu können.
1584 2681 2167 2712 Wir werden euch nach Kräften recht brüderlich, recht
1518 2705 2168 2736 großartig aufnehmen, um die Brüderbaude, die alle Arbeiter
1517 2730 2167 2765 zusammenhalten im Kampfe für die Emanzipation, noch enger
1517 2757 1617 2782 zu ziehen.
1583 2782 2164 2815 Auf denn, Genossen! Wir müssen einander besser kennen
1518 2805 2165 2839 und würdigen lernen, damit wir endlich in unserer inter¬
1517 2831 2165 2866 nationalen Organisation die nöthigen Kräfte finden, um unsere
1517 2855 1921 2889 Wünsche zur Verwirklichung zu führen!
1582 2882 2160 2917 Textilarbeiter aller Länder, aller Religionen, seien Sie
1516 2906 1739 2931 willkommen in Gent!
1646 2943 2048 2974 Das Organisationscomité:
1527 2951 1859 3006 Für die Genter Flachsarbeiter:
1897 2959 2152 3012 Für die Genter Weber:
1611 2984 1779 3038 F. Hardyns.
1930 2991 2101 3044 I. Foucaert
1685 3044 1991 3076 Für die vlämischen Spinner:
1740 3076 1933 3106 P. Baudewyn.
1512 3082 1958 3145 Das Comité von Manchester: D. Holmes,
1972 3095 2158 3148 J. Mawdsley.
1575 3150 2143 3190 Textilarbeiter Oesterreichs! Vorstehende Zirkulare
1510 3174 2138 3212 wurden soeben dem Verbande der Textilarbeiter
1510 3198 2143 3242 Oesterreichs eingesendet. Wir glauben, daß es nicht
1510 3225 2143 3268 vonnöthen ist, noch weitere Worte über die Nothwendigkeit
1509 3249 2143 3292 der Beschickung des zweiten internationalen Textilarbeiter¬
1511 3274 2144 3319 kongresses zu verlieren. Vielmehr ersuchen wir sämmtliche
1510 3299 2144 3342 Organisationen der Textilarbeiter Oesterreichs, sich mit dieser
