2763 3576
71 216 324 265 1. Juli 1911.
765 190 1284 243 Illuſtrierte Kronen⸗Zeitung.
1680 169 2051 212 Nr. 4130. Seite 13.
336 272 1006 326 (Nachdruck verboten. Autorrechte gewahrt.)
100 316 972 422 Der Diamant des Todes.
148 406 927 470 Original⸗Roman von Rudolf v. Roſen.
389 496 660 537 (77. Fortſetzung.)
109 553 1046 621 Die beiden verdächtigen Geſtalten löſten das Seil
33 598 1049 667 des Schiffes vom Uferpflocke los und nahmen die Ruder
30 664 298 712 zum Gebrauch.
118 687 1050 750 Aus den Wolken trat der Mond hervor und beleuch⸗
39 743 633 797 tete des Meeres glitzernde Fläche.
117 776 1051 839 Und der alte Almanſor ſtieß Jubelrufe aus, denn
41 820 1054 886 die Fahrt erfreute ihn ſehr, wenn er ſich auch an den
44 865 1055 932 Schiffsrand anklammern mußte, um das Gleichgewicht
44 929 367 976 nicht zu verlieren.
126 953 1057 1017 Nicht allzu nahe von der Küſte ragte eine kleine
45 998 1058 1063 Felſeninſel aus den Wogen empor, welche von den Ein⸗
46 1042 1058 1107 wohnern von Dſchidda wegen ihrer eigentümlichen, nach
49 1086 1059 1153 dem Firmamente zeigenden Form „der Finger des Pro⸗
48 1147 473 1196 pheten“ genannt wurde.
128 1181 1063 1246 Als Almanſor die vom Mondlicht magiſch beleuchtete
53 1226 1064 1292 Inſel erblickte, verlangte er von den beiden Schiffern
52 1270 1063 1336 dorthin gerudert zu werden, und die Letzteren kamen
54 1313 1066 1380 dieſem Wunſche des Greiſes mit größter Bereitwilligkeit
57 1383 135 1422 nach.
135 1402 1069 1465 Es bedurfte einer großen Anſtrengung von Seite
57 1445 1072 1512 der Ruderknechte, um das plumpe Fahrzeug durch die
58 1492 1008 1556 das Riff umbrauſende Meeresbrandung zu zwingen.
139 1551 1074 1615 Es gelang aber nach mehreren Verſuchen und alle
61 1595 1075 1661 Drei ſtiegen ans ſchmale Land, welches den Felſen der
62 1658 300 1704 Inſel umgab.
143 1695 655 1746 Jetzt erſt fragte Almanſor:
144 1728 1079 1790 „Sagt an, Ihr wackeren Bekämpfer der Fluten!
67 1779 764 1835 Welchen Namen führt dieſes Eiland?“
1154 238 2087 303 Da antworteten die beiden Schiffer aus rauher
1077 301 1501 351 Kehle im ernſten Tone:
1159 326 2090 394 „Dieſes Riff heißt „der Finger des Propheten“ und
1079 371 2091 440 der Fels zeigt empor, um zu erinnern, daß Allah über
1080 415 2093 483 dem Erdkreis wacht, das Gute belohnt und das Böſe
1082 486 1235 528 beſtraft.“
1162 503 2096 570 Da begann Almanſor zu erzittern und ſich an ſein
1083 570 1462 619 Gelübde zu erinnern.
1164 593 2097 660 Er ſagte ſich, daß es nicht genüge, eine Finte anzu⸗
1086 638 2098 707 wenden, wie er dies getan, um ein dem allwiſſenden
1087 685 2018 751 Allah gegebenes Verſprechen nicht halten zu müſſen.
1165 735 2101 802 Denn eine liſtig ausgeklügelte Finte war es, daß er
1089 779 2102 844 den Stein dem Armenier als Pfand gegeben. Almanſor
1089 824 2102 891 zitterte. Der prachtvolle Anblick des Meeres freute ihn
1092 892 1287 934 nicht mehr.
1174 913 2095 977 Scheu betrachtete er den „Finger des Propheten“
1095 959 2035 1024 und ſprach dann leiſe zu den beiden Ruderknechten:
1178 1003 2099 1067 „Bringt mich wieder an die Küſte bei der ſchönen
1098 1048 2101 1114 Stadt Dſchidda. Für heute habe ich vom Meere genug
1100 1117 1260 1160 geſehen!“
1181 1136 2104 1202 Raſch machten die Beiden das Schiff bereit und
1102 1198 1604 1250 ſprangen in dasſelbe hinein.
1183 1227 2105 1291 Doch in dem Momente, als der greiſe Almanſor
1105 1274 2107 1341 ihnen folgen wollte, wurde das Schiff von der Brandung
1107 1316 2116 1385 erfaßt und von der Inſel weggeriſſen, Almanſor fiel ins
1108 1390 1236 1430 Waſſer.
1188 1407 2108 1472 Sein Hilfegeſchrei erſcholl durch das Brauſen der
1109 1453 2111 1520 Wogen, aber die beiden Gedungenen des Armeniers Fan⸗
1113 1498 2111 1566 duſi hatten ſcheinbar zu viel mit der Rettung des Schiffes
1113 1544 2111 1612 zu tun, um ſich des mit den Wellen kämpfenden alten
1114 1602 1654 1655 Arabers annehmen zu können.
1196 1649 2116 1715 Nicht lange dauerte es, ſo verſank Almanſor, der als
1119 1695 2117 1762 Wüſtenſohn des Schwimmens gänzlich unkundig war, in
1121 1757 1612 1807 den Fluten mit dem Rufe:
379 1866 1047 1925 (Nachdruck verboten. Autorrechte gewahrt.)
79 1906 1085 2031 Die Memoiren einer Maitreſſe.
198 2009 967 2073 Hiſtoriſcher Original⸗Roman von J. Korn.
444 2107 739 2149 (145. Fortſetzung.)
156 2168 1085 2234 Freiherr Egydius von Mühlberg hatte das Palais
79 2212 1096 2280 der Maitreſſe in furchtbarer Aufregung verlaſſen und war
82 2266 770 2325 zu dem Hauſe der Mehlmeſſerin geeilt.
163 2304 1087 2365 Aber Madame Ammerling, die noch nicht zu Bette
86 2348 1087 2413 gegangen war, weil ſie bis jetzt vergebens auf die Rück⸗
83 2390 1100 2458 kehr der Zwillingsſchweſtern gewartet hatte, konnte dem
85 2434 1090 2501 jungen Edelmanne keine Nachricht geben, welche ſeine
87 2489 755 2546 Verzweiflung gemildert haben würde.
167 2527 1090 2590 Nachdem er der Frau Ammerling erzählt hatte, was
90 2570 1093 2636 ihm die Baroneſſe von Lima in bezug auf Laura glauben
90 2616 1093 2682 machen wollte, rief die Mehlmeſſerin im Tone der Ent⸗
92 2682 237 2724 rüſtung:
174 2705 1096 2769 „Dös is nöt wahr! Die Jungfer Laura hat Euch
95 2749 1096 2816 gern, Herr von Mühlberg — und hat den Brief nöt frei⸗
94 2794 1099 2861 willig g'ſchrieben. Auch is es nie und nimmer wahr, daß
96 2840 1038 2905 ſie ſich mit dem Baron von Erlengrund verlobt hat!“
179 2886 1098 2949 „Ich will zu dem Baron gehen und ihn ſelbſt be⸗
98 2930 1113 2995 fragen, ob es wahr iſt, daß die beiden Mädchen auf ber
99 2974 1102 3041 Fahrt zu einem Landhauſe ſind, das einer Verwandten
101 3017 1104 3085 Erlengrunds gehört!“ rief Egydius. „Auch ſoll er mir
98 3073 841 3131 ſagen, ob er ſich mit Laura verlobt hat!“
181 3119 1107 3183 Freiherr Edydius traf nur den Diener des Staats⸗
104 3159 1108 3229 ſekretärs zu Hauſe an und derſelbe teilte ihm mit, daß
105 3206 1108 3274 ſein Herr ſchon ſeit Einbruch des Abends die Wohnung
107 3252 1108 3319 verlaſſen habe und nicht wieder nach Hauſe gekommen ſei.
186 3296 1110 3363 Egydius ging wieder zu Frau Ammerling — ſo
109 3342 1111 3411 verzweifelt er ſelbst war, rührte ihn doch der tiefe Kum⸗
101 3389 1103 3455 mer, welchen die gute Frau über das rätſelhafte Ver⸗
1120 1839 2120 1905 ſchwinden der beiden ihr ſo liebgewordenen Mädchen
1123 1908 1278 1950 empfand.
1203 1928 2122 1991 Die Zeiger der Uhr näherten ſich der zwölften
1127 1973 2121 2038 Stunde, als der Freiherr von Mühlberg den Laden der
1127 2017 2124 2084 Hülſenfrüchten Händlerin verließ und allein in der nächt⸗
1127 2074 1755 2130 lich öden Gaſſe auf und niederging.
1210 2106 2128 2170 In der damaligen Zeit war es nicht ſo leicht, um⸗
1130 2153 2130 2219 faſſende Nachforſchungen in bezug auf vermißte Perſonen
1130 2198 2130 2263 anzuſtellen, denn damals gab es keine Polizei in dem
1131 2250 1841 2308 Sinne, wie eine ſolche heutzutage beſteht.
1212 2286 2134 2350 Die Spießträger der Stadtguardia, welche erſt unter
1134 2331 2131 2397 Kaiſer Karl VI. in der Wienerſtadt eingeführt war, be⸗
1132 2376 2143 2442 ſchränkten ſich darauf, bei öffentlichen Anläſſen die Ord⸗
1132 2421 2144 2484 nung herzuſtellen, von anderen Leuten eingefangene
1133 2463 2144 2528 Miſſetäter ins Gefängnis zu eskortieren und bei Nacht
1135 2510 2041 2573 einige Ronden durch die Gaſſen abhalten zu laſſen.
1218 2552 2135 2613 Man mag ermeſſen, wie es damals — alſo anfangs
1142 2597 2138 2667 des achtzehnten Jahrhunderts — um die Sicherheit in
1142 2642 2138 2705 den großen Städten beſtellt war und wird ſich nicht wun⸗
1142 2686 2142 2750 dern, wenn die Chroniken gar ſeltſame düſtere Ereigniſſe
1143 2729 2140 2795 zu berichten wiſſen, welche ſich in den Häuſerzeilen ab⸗
1144 2776 2142 2841 ſpielten, wenn die Nacht ſich über dieſelben herabgeſenkt
1146 2844 1239 2884 hatte.
1227 2865 2145 2927 Von ſeinem Schmerze überwältigt, wußte Freiherr
1146 2909 2155 2973 Egydius von Mühlberg kaum mehr, wohin er ſeine
1149 2954 2147 3018 Schritte lenkte, und ſah plötzlich die erleuchtete Stube
1150 2998 2146 3063 einer Schänke vor ſich, aus welcher ihm wüſtes Geſchrei
1150 3058 1645 3108 und Gelächter entgegenſcholl.
1232 3088 2151 3152 „Und — hups war ſie ins Waſſer geſprungen!“ rief
1154 3154 1393 3198 gerade Einer.
1233 3179 2152 3241 Und ein Anderer aus der Gruppe der recht frag⸗
1156 3233 1845 3288 würdigen Geſtalten ſetzte raſch hinzu:
1241 3268 2155 3332 „Ein ſauber angezogenes Mädchen war es, die im
1156 3330 1563 3378 Donauſtrom unterging.
1240 3359 2159 3422 Es riß Egydius in die Schänke hinein. Er wollte
2116 192 2523 260 Doktor
2177 263 2466 297 Spezialarzt (Chriſt),
2123 288 2528 327 ordiniert für alle geheimen,
2121 316 2530 354 Haut⸗, Blaſenleiden (auch ver⸗
2124 342 2530 380 altete, ohne Injektion) und
2127 370 2530 406 Frauenkrankheiten, vorzeitige
2124 397 2531 433 Schwäche ꝛc., täglich von
2126 423 2533 460 8 Uhr früh bis ½9 Uhr
2157 451 2533 488 abends, Sonn⸗ und Feier⸗
2157 479 2503 515 tage bis 6 Uhr abends.
2211 508 2456 538 Einzelwarteräume.
2196 535 2469 567 Mäßigſtes Honorar.
2130 559 2536 597 Wien, I., Rauhenſteingaſſe 6.
2132 587 2538 623 Zwiſchen Himmelpfort⸗ und
2239 613 2425 646 Weihburggaſſe
2205 666 2470 738 Spezialarzt
2164 725 2486 769 VI., Mariahilferstrasse
2211 762 2463 802 Nr. 41, 2. Stock.
2165 796 2509 831 Ord. tägl. von 11—7,
2167 823 2504 859 Sonntag von 8—6 Uhr
2167 850 2512 884 Gründliche und gewiſſen⸗
2169 878 2512 914 hafte Heilung aller Ge⸗
2168 906 2512 942 ſchlechtsleiden, wie Bla⸗
2172 933 2513 969 ſen⸗, Hals⸗ und Haut⸗
2171 961 2512 996 leiden, nach neueſter
2175 990 2514 1022 Methode, Geſchwüre, vor⸗
2170 1015 2518 1052 zeitige Nervenſchwäche
2168 1043 2515 1076 Frauenleiden. Ohne Be⸗
2173 1070 2517 1105 rufsſtörung, diskret. Ein⸗
2173 1098 2518 1132 zelwarteräume. Briefliche
2174 1126 2517 1161 Anfragen unauffällig be⸗
2281 1153 2418 1190 antwortet.
2168 1234 2529 1312 Spezial Ordination
2145 1309 2554 1362 Dr. Ferd. J. Schaffner,
2150 1368 2557 1406 Wien, VII., Mariahilfer⸗
2151 1396 2558 1433 ſtraße 46/48. Ord. 12—4;
2153 1424 2557 1459 Sonn⸗ u. Feiertage 10—12.
2152 1451 2560 1488 Langjährig bewährt, in den
2154 1479 2560 1515 ſchwierigſt. Fällen erprobt;
2155 1505 2560 1542 raſch. und gründl. Hilfe:
2154 1532 2561 1569 Geheime Blaſen⸗, Harnröhr.⸗,
2157 1560 2562 1595 Hautübel, Geſchwüre, Frauen⸗
2157 1588 2562 1624 leiden, Störungen; Vorzeit.
2158 1615 2562 1651 Nervenſchwäche, Verirrungen.
2160 1642 2564 1678 Unauffällig, diskret, nicht
2159 1668 2561 1703 berufſtörend. garantiert ſicher.
2175 1740 2538 1814 Kleine Anzeigen.
2197 1856 2540 1903 Muſik⸗Inſtrumente.
2196 1919 2570 1957 30.000 Schallplatten! Ga⸗
2162 1947 2570 1984 rantiert neu, erſtklaſſiges
2159 1973 2571 2014 Fabrikat, doppelſeitig, Normal⸗
2160 2000 2572 2040 preis per Platte K 3, werden
2161 2027 2572 2065 als Reklame einzeln à K 1
2162 2052 2572 2091 verkauft. Mehr als 10 Platten
2163 2078 2573 2117 werden an eine Partei nicht
2165 2105 2573 2146 abgegeben. Provinzbeſtellungen
2171 2131 2574 2173 per Nachnahme; nicht Konve⸗
2168 2158 2574 2197 merendes wird anſtandslos
2167 2186 2575 2228 umgetauſcht. Mehrbeſtellungen
2169 2212 2576 2251 oder Nachbeſtellungen werden
2173 2238 2576 2279 zum Normalpreis berechnet;
2168 2266 2578 2305 alte Platten werden gegen
2171 2289 2578 2329 neue kulanteſt umgetauſcht.
2171 2315 2579 2356 Größtes Grammophon⸗ und
2177 2341 2581 2384 Platten⸗Exporthaus E. Schle⸗
2171 2370 2582 2413 ſinger, Wien, 7. Bez., Neu⸗
2172 2400 2516 2439 baugaſſe 36, 1. Stiege.
2505 2398 2582 2451 15141
2193 2462 2584 2500 Konzertgrammophon, Pracht⸗
2180 2488 2584 2530 ſtück. ſamt Platten, dringend
2181 2514 2584 2555 um jeden Preis abzugeben.
2179 2541 2587 2584 6. Bezirk, Gumpendorferſtraße
2181 2569 2588 2610 Nr. 75 Mezz., T. 8. Eingang
2182 2596 2589 2647 Hofmühlgaſſe 25. 15284
2289 2667 2478 2701 Unterricht.
2215 2717 2593 2760 Chauffeurausbildung, theo⸗
2186 2747 2592 2788 retiſch und praktiſch an Hand
2186 2777 2593 2815 zerlegter Motore verſchiedener
2188 2802 2595 2842 Typen in der Auto⸗Repara⸗
2188 2830 2595 2869 turwerkſtätte und Garage
2188 2856 2597 2897 Vinzenz Seidl, 4. Bezirk,
2189 2884 2597 2930 Hauptſtraße 73. 14159
2220 2921 2598 2959 Mädchen, Frauen und Bür⸗
2191 2947 2599 2989 gerſchülerinnen, welche ſich
2190 2974 2599 3016 bis zum 3. Juli 1911 mel⸗
2193 3004 2604 3044 den, erhalten unentgeltlichen.
2193 3032 2604 3072 Unterricht in Buchhaltung,
2197 3059 2604 3096 Korreſpondenz, Stenographie
2195 3087 2604 3126 und Maſchinſchreiben. Einzige
2196 3113 2605 3152 Anſtalt mit amerik. Dicta⸗
2197 3140 2605 3181 phonmaſchinen. Nur Ein⸗
2198 3166 2606 3207 ſchreibegebühr zu entrichten.
2199 3195 2606 3234 Stellung garantiert. Aus⸗
2199 3221 2606 3262 wärtige brieflich. Proſpekt.
2200 3248 2607 3289 Lehranſtalt Plöhn⸗Freha, 7.
2200 3276 2608 3316 Bez., Neubaugaſſe 4 (Ecke
2200 3301 2608 3341 Mariahilferſtraße) und 3. Be⸗
2202 3332 2608 3369 zirk, Hauptſtraße 18. Tele)
2199 3362 2515 3400 phon 852/IV, 501/VI.
