3168 4822
149 128 692 178 Samstag den 1. Juli 1911.
1232 111 1767 161 Innsbrucker Nachrichten
2458 87 2834 131 Nr. 148. Seite 27.
566 216 1511 396 Kundmachung
121 382 1959 468 über die Schüleraufnahme am k. k. Staats-Reform-Realgymnaſium in Kufſtein
736 455 1348 520 für das Schuljahr 1911|12.
285 524 1963 608 Das Schuljahr 1911|12 beginnt am 16. September ds. Js. Die Schüleraufnahme
127 573 1962 662 findet für jene Schüler, welche in die erſte Klaſſe eintreten wollen, in zwei Terminen ſtatt
126 632 1963 714 und zwar nach Schluß des heurigen Schuljahres am 8., bezw. am 10. Juli und bei Beginn
127 694 1553 766 des kommenden am 16. September in der Direktionskanzlei (1. Stock).
289 739 1964 817 Die Anmeldungen für die ortsanſäſſigen Schüler werden im Sommertermine am
131 792 1965 874 Samstag, den 8. Juli von 10 bis 12 Uhr, für die auswärtigen am Montag, den 10. Juli
129 844 1967 926 von 8 bis 10 Uhr, im Herbſttermine für alle Schüler, auch für die der II., III., IV. und
132 898 1966 983 der neu eröffneten 5. Klaſſe am 16. September von 8 bis 11 Uhr vormittags entgegen⸗
132 953 1969 1034 genommen und zwar findet die Einſchreibung für höhere Klaſſen im Konferenzzimmer (1.
135 1033 360 1089 Stock) ſtatt.
292 1061 1854 1139 Die Schüler der höheren Klaſſen haben das letzte Jahreszeugnis beizubringen.
294 1110 1971 1190 Die Aufnahmsbedingungen für die eintretenden Schüler der erſten Klaſſe ſind folgende:
294 1157 1972 1243 Die Schüler haben in Begleitung der Eltern oder deren Stellvertreter zu erſcheinen
136 1215 1972 1299 und vorzulegen: 1. den Tauf⸗ oder Geburtsſchein, welcher nachweiſt, daß der Schüler das
137 1270 1973 1353 zehnte Lebensjahr vollendet hat oder noch im 1. Quartal dieſes Schuljahres vollenden wird;
140 1324 1974 1406 2. das Frequentationszeugnis oder die mit der Klauſel für den Uebertritt in eine Mittel⸗
138 1377 1977 1460 ſchule verſehenen Schulnachrichten des letzten Schuljahres; 3. den Impfſchein und 4. zwei
139 1429 1977 1514 vollſtändig ausgefüllte Nationale. (Die Blankette für letztere ſind beim Schuldiener erhältlich).
301 1499 1145 1563 Bei der Aufnahmsprüfung wird gefordert:
301 1538 1976 1616 Jenes Maß an Wiſſen in der Religion, welches in den erſten vier Jahreskurſen der
144 1591 1980 1672 Volksſchule erworben werden kann, Fertigkeit im Leſen und Schreiben der deutſchen Sprache
145 1644 1979 1725 und der lateiniſchen Schrift, Kenntnis der Elemente aus der Formenlehre, Fertigkeit im Ana⸗
146 1697 1982 1780 liſieren einfach bekleideter Sätze, Bekanntſchaft in den Regeln der Orthographie (abgeſehen
147 1747 1983 1835 von den Interpunktionen) und richtige Anwendung derſelben beim Diktandoſchreiben. Uebung
147 1804 1983 1890 in den vier Grundrechnungsarten mit ganzen Zahlen. Schüler, welche die Prüfung nicht be⸗
148 1858 1985 1941 ſtehen, dürfen ſie im ſelben Jahre weder an dieſer noch an einer anderen Anſtalt wiederholen.
310 1911 1986 1991 Ein auswärtiger, nicht in Kufſtein wohnender Schüler darf nach dem Erlaſſe des
149 1965 1989 2046 k. k. Landesſchulrates für Tirol vom 9. Juli 1908, Zl. 4170, nur dann eingeſchrieben be⸗
151 2017 1991 2102 ziehungsweiſe zum Unterricht zugelaſſen werden, wenn er eine vom betreffenden Gemeindearzt
153 2072 1991 2154 mitgefertigte Beſtätigung der Gemeindevorſtehung des Wohnortes beibringt, daß weder er ſelbſt
153 2125 1991 2207 von einer anſteckenden Krankheit innerhalb der letzten vier Wochen ergriffen war, noch in
156 2198 908 2261 ſeinem Wohnhauſe eine ſolche auftrat.
315 2231 1994 2309 Außerdem ſeien alle auswärtigen Schüler darauf aufmerkſam gemacht, daß ſie einen
156 2300 1154 2368 verantwortlichen Aufſeher namhaft machen müſſen.
317 2338 1996 2416 Die von den neu eintretenden und wirklich aufgenommenen Schülern zu zahlende
159 2392 1994 2474 Aufnahmstaxe beträgt 4 K 20 h, der Beitrag für die Lehrmittel und die Jugendſpiele 3 K,
158 2445 1997 2528 das Schulgeld für ein Semeſter 30 K. Für alle jene repetierenden oder aufſteigenden Schüler,
159 2506 1548 2582 welche der Anſtalt bereits angehört haben, entfällt die Aufnahmstaxe.
320 2551 2002 2629 Alle weiteren Auskünfte erteilt jederzeit bereitwilligſt mündlich oder ſchriftlich die
162 2635 349 2679 Direktion.
223 2676 1953 2796 K. k. Direktion des Staats⸗Reform⸗Realgymnaſiums
917 2781 1958 2863 Tafatſcher. 831—2ʃ1
170 2868 2008 3055 Reſtaurant „Bierſtindl“
744 3048 1425 3107 Morgen Sonntag den 2. Juli
513 3106 1672 3290 Militär⸗Konzert
354 3270 1827 3358 der Muſikkapelle des 1. Tiroler Kaiſerjäger-Regimentes.
547 3348 1630 3415 Anfang 3 Uhr nachm. Eintritt 30 Heller.
177 3401 1972 3474 13302 Es ladet freundlichſt ein Bl. Pluſchkowitſch, Reſtaurateur.
814 3566 1397 3648 Todes-Anzeige.
438 3640 1932 3710 Vom tiefſten Schmerze ergriffen, geben wir die Trauernachricht, daß unſer innigſt⸗
278 3701 1084 3762 geliebter Gatte, bezw. Vater, Großvater, Herr
2160 3815 2841 3877 Kaufe Geschäfte
596 3755 1627 3964 Florian Urban
633 3964 1591 4026 Bahnmeiſter i. P. der k. k. Staatsbahnen,
285 4030 1939 4102 am 29. Juni um ¾ 12 Uhr nachts nach langem, mit großer Geduld ertragenem Leiden und
288 4075 1621 4150 Empfang der hl. Sterbſakramente ruhig und ſanft im Herrn entſchlafen iſt.
447 4118 1939 4189 Die Beerdigung erfolgt am Sonntag früh um ½8 Uhr vom Trauerhauſe, Nr. 102,
288 4185 763 4238 aus auf dem Ortsfriedhofe.
447 4207 1941 4277 Die hl. Seelenmeſſen werden am Montag um 7 Uhr früh in der dortigen Pfarrkirche gelesen.
289 4280 514 4326 kirche geleſen.
1792 4286 1903 4336 13304
451 4316 936 4368 Silz, am 30. Juni 1911.
840 4359 1909 4437 Die tieftrauernden Hinterbliebenen.
1987 184 2889 291 Städt. Arbeits- u. Dienſt⸗
2131 279 2746 375 vermittlungsamt.
2245 374 2640 426 Innrain Nr. 24.
2318 415 2571 469 Telephon 259.
2050 471 2831 537 Unentgeltliche Vermittlung!
2159 535 2733 588 Offene Stellen (männliche):
2036 585 2895 653 Feld⸗ und Bauernknechte, Gärtner, Spengler aus⸗
1994 629 2895 692 wärts, Kupferſchmied, Schmied für Maſchinenbau,
1993 672 2895 732 Drechsler, Bau⸗ und Möbeltiſchler, Binder, Wag⸗
1994 717 2898 776 ner ausw., Bäcker ausw., Pikkolo, Schankburſchen
1993 761 2897 822 zugl. Küchenmetzger, Schankburſche ausw., Vokontär
1995 806 2898 866 für Hotelbuchhaltung, Kaſſerolier, Saalkellner, Zim⸗
1995 845 2898 909 merleute, Anſtreicher ausw., Laufburſche, Proviſions⸗
1995 897 2757 955 agenten, Handlanger für Straßenbau ausw.
2041 939 2902 999 Lehrlinge für Spengler und Glaſer, Pferdefleiſch⸗
1997 975 2901 1045 hauer, Friſeur, Gitterſtricker, Buchbinder, Bäcker,
1998 1023 2902 1088 Tapezierer, Schmied, Schloſſer, Konditor, Hand⸗
2000 1086 2201 1132 ſchuhmacher.
2290 1123 2595 1170 Stelle ſuchen:
2046 1169 2905 1229 Elektromonteur, Maſchinenſchloſſer, Schießer, Zu⸗
2002 1214 2907 1273 ſammenarbeiter, Müller, Hotel⸗ und Lohndiener,
2003 1258 2907 1317 Kellner für Reſtaurant, Kaffeekoch, Keſſel⸗ und Ma⸗
2004 1303 2909 1363 ſchinenwärter, Hausknecht, Ausgeher, Geſchäftsdie⸗
2004 1359 2292 1406 ner, Badewärter.
2197 1404 2736 1459 Offene Stellen (weibliche):
2051 1454 2912 1513 Stallmagd, Haus⸗ u. Feldmägde, Mantelnäherin,
2006 1499 2911 1562 tüchtige Büglerinnen, Serviererinnen, Kellnerinnen
2008 1544 2914 1603 für Landgaſthof, Schankmädchen ausw., Stockmädchen
2010 1588 2912 1648 ausw., Schankkaſſierinnen, Hotel⸗ und Gaſthaus⸗
2009 1632 2914 1692 köchinnen, Mehlſpeisköchinnen, Herd⸗ u. Extramädchen,
2010 1678 2914 1737 Kochenlernerinnen, Beſteckputzerin, Abwaſcherinnen,
2011 1720 2916 1782 Kaffeeköchin, Küchenmädchen, Hausmägde, Hotel⸗
2012 1767 2919 1826 wäſcherinnen, junge Hilfsarbeiterin, Verkäuferinnen
2013 1810 2917 1871 f. Kurz⸗, Mode⸗ und Selchwaren, Bureaufräulein f.
2014 1854 2918 1915 Gaſthof, Privatköchinnen, Mädchen für häusl. Ar⸗
2015 1900 2921 1960 beiten, Privatſtubenmädchen, geſetztere Kindsmägde
2017 1945 2921 2006 ausw., Aushilfsköchin, Näh⸗ u. Ladenlehrmädchen,
2018 1999 2233 2049 Badmädchen.
2301 2041 2619 2092 Stelle ſuchen:
2063 2088 2923 2147 Wäſcherinnen, Zimmermädchen, Zahl⸗ und Aus⸗
2020 2132 2925 2194 hilfskellnerinnen, Bahnhofreſtaurantköchin, Kontor⸗
2021 2174 2925 2237 riſtin, Verkäuferin f. Konditorei, Haushälterinnen,
2023 2221 2924 2282 Bedienerinnen, Putzerinnen, Kinderfräulein, Kinder⸗
2022 2266 2926 2328 frau, Wirtſchafterin, Kindergärtnerinnen über den
2024 2309 2929 2371 Sommer als Kinderfrl. oder Kaſſierin, Anfangs⸗
2025 2361 2528 2418 kaſſierinnen ausw. f. Saiſon.
2069 2410 2928 2471 Rückantwort bei ſchriftlichen Anfragen
2027 2456 2929 2518 nur bei Beilage des entſprechenden Portos.
2072 2502 2802 2559 Wohnungsvermittlung ebenfalls dortſelbſt,
2089 2567 2881 2672 Tüchtige Verkäuferin
2343 2676 2587 2770 geſucht.
2076 2774 2937 2839 In meinem Modenhaus iſt die Stelle einer Ver⸗
2027 2824 2940 2890 käuferin zu beſetzen. Ich reflektiere nur auf eine
2034 2882 2938 2947 verläßliche Kraft der Damenmode⸗, Aufputz- und
2035 2932 2937 2997 Kurzwarenbranche mit vornehmem Geſchmack und
2034 2983 2935 3062 feinen Umgangsformen, die bisher in beſſeren Häu⸗
2036 3043 2937 3105 ſern mit vollem Erfolg gewirkt hat. 42—2ʃ1
2156 3103 2834 3201 Modenhaus Joſef Gertler,
2382 3203 2616 3251 Innsbruck.
2158 3318 2829 3417 Auf nach Ladis
2367 3412 2903 3474 in Tirol! J3044|9-1
2096 3492 2900 3553 Entzückender Alpenluft⸗Kurort, Schwefelbad.
2096 3542 2902 3604 Penſion 5 K. Proſpekte franko durch die Kur⸗
2141 3600 2836 3655 verwaltung Ladis. Poſt Prutz, Tirol.
2903 3708 2957 3877 13—5ʃ4
2054 3885 2955 3945 die ſich auflöſen und Waren gegen ſofortige Kaſſa,
2054 3928 2958 3989 führe Ausgleiche unter ſtrengſter Diskretion mit
2055 3974 2957 4036 eigenem Gelde durch; komme überall hin. Franz
2056 4010 2950 4080 Renkirchen, Wien, XVII., Ottakringerſtraße 18
2078 4081 2929 4267 Zimmerleute
2062 4288 2962 4349 8—10 Mann, auf ſofort bei daueruder Beſchäfti⸗
2061 4327 2962 4395 gung geſucht. Nur tüchtige Kräfte wollen ſich in
2063 4377 2962 4439 der Baukanzlei Forſthofer, Mühlau, Reichsſtraße
2064 4419 2963 4478 Nr. 126, melden. 13233—2ʃ3
