3488 5345
295 172 419 208 Seite 2
1067 175 1336 217 Wien, Samstag
1598 182 2163 216 Neue Freie Presse.
2433 178 2658 216 6. Juli 1895
3178 180 3368 219 Nr. 11085
248 248 1276 292 ziehung der Arbeitskräfte in Oeſterreich⸗Ungarn eine weit geringere
249 282 1276 326 iſt, als in ſehr vielen anderen Nachbarländern. Der Minister ver⸗
249 317 1275 361 ſichert, daß vorkommende einzelne Fälle in ihm immer einen Anwalt
249 355 460 390 finden werden.
334 394 859 436 (½1 Uhr; die Sitzung dauert fort.)
324 460 1274 508 Vor Beginn der Sitzung fand im Bureau des Präſidenten
245 500 1275 546 die Einzeichnung der Redner für das Budget des Miniſteriums
247 539 1273 585 für Cultus und Unterricht ſtatt. Redner aller Fractionen ließen
247 577 1273 625 ſich in die Rednerliſte eintragen. Der Präſident regte an, die
247 615 1260 662 Debatte in der Weiſe zu regeln, daß Montag über das „Centrale“
246 654 1272 703 Dienſtag über den Titel „Hochſchulen“ abgeſtimmt und Mittwoch
245 687 1272 739 die Debatte über „Mittelſchulen“ ſtattfinden, eventuell zu Ende
245 732 1271 779 geführt werden ſolle. Dabei wurde von allen eingetragenen
245 770 1271 816 Rednern verſprochen, dem Wunſche des Präſidenten nachzukommen
244 808 1272 854 und die Debatte über „Cilli“ nur beim Titel „Mittelſchulen“ zu
243 847 1269 895 führen. Wird dieſes Programm eingehalten, dann iſt zu hoffen,
242 885 1270 933 daß die Sitzungen des Abgeordnetenhauſes Samſtag den 20. Juli
242 925 850 971 bis zum Herbſt vertagt werden können.
485 1000 1030 1059 Aus dem Gerichtsſaale.
329 1064 1270 1107 Wien, 6. Juli. (Schwurgerichts⸗Repertoire für Juli.)
238 1096 1269 1140 Die diesmonatliche Schwurgerichtsſeſſion nimmt am Montag den 8. d.
240 1132 1269 1176 ihren Anfang. Für dieſelbe ſind folgende Verhandlungen anberaumt:
238 1168 1268 1210 Am 8. Juli: Richard Meißner, Betrug; am 9.: Rudolph
238 1199 1268 1245 Brzezowsky, Betrug; am 10.: Francisca Seltenhammer;
238 1237 1267 1279 am 11. und 12.: Octavian Suchovaty⸗Boglar, Mord;
237 1271 1269 1318 am 13.: Oskar Zelzer, §. 181; am 15. und 16.: Marian
236 1305 1268 1347 Kedzierski, Heinrich Cohn, Diebſtahl; am 17.: Siegfried und
237 1340 1267 1381 Ludwig Wolkenſtein, Betrug; am 20.: Rudolph Eskenaſy
236 1375 1267 1416 und Hugo Horpatzky, Diebſtahl und Evidenzentziehung; Dr.
235 1409 1268 1449 Em### Kralik, Dr. Oſtas Diamant, Ludwig Auguſt Brett⸗
236 1443 1267 1484 ſchneider (Arbeiter⸗Zeitung); Artikel 3 des Geſetzes vom 15. Oc⸗
238 1477 1267 1518 tober 1868, §§. 64 und 300 St. G.; am 23. und 24: Laura Blau,
236 1512 1267 1554 Betrag; am 25.: Alois Jung, Mißbrauch der Amtsgewalt; am 26.:
238 1541 1267 1588 Andreas Waßko, Raub; am 27.: Heinrich Wallner, Diebſtahl;
237 1580 1267 1622 am 29. und 30.: Anton Mayerweg, Caroline Mayerweg,
235 1614 1266 1687 Franz Werkſtatt, Betrug; am 31.: Marie Mitterhöfer,
260 1651 416 1682 Kindesmord.
314 1718 1266 1764 [Telegr.] Brüſſel, 6. Juli. (Große Diebſtähle.)
234 1757 1265 1803 Wie die Nachforſchungen der Polizei ergeben, hängt der Diebſtahl
234 1787 1264 1840 beim Bankier Cordewcener mit anderen großen Diebſtählen
234 1833 1264 1879 einer internationalen Diebsbande zuſammen. Der Werth der ſeit
233 1872 1264 1918 mehreren Jahren verſuchten Diebſtähle beträgt Millionen.
234 1911 1013 1956 Es wurden zahlreiche Verhaftungen vorgenommen.
231 1984 1263 2060 Telegramme des Torreſpondenz-Bureau.
320 2059 1265 2106 Berlin, 6. Juli. Nach aus Petersburg hier einge⸗
233 2102 1263 2149 langten Nachrichten iſt die chineſiſche Anleihe von
232 2145 1262 2194 ſechzehn Millionen Pfund unter Garantie
231 2188 1262 2236 Rußlands heute perfect geworden. Der Vollzug
232 2231 1107 2277 der Urkunde erfolgt heute um 3 Uhr Nachmittags.
310 2278 1261 2326 Köln, 6. Juli. Die Kölniſche Zeitung meldet aus Münſter:
233 2318 1262 2362 Die Alexianer⸗Anſtalt in Kannen bei Amelsbüren, in
232 2351 1263 2402 welcher ſich mehr als 200 meiſt von der Provinzbehörde über⸗
232 2396 1262 2441 wieſene Pfleglinge befinden, wurde vorgeſtern unvermuthet durch
232 2434 1260 2480 den ſtaatlich beauftragten Profeſſor Dr. Finkelnburg und den
231 2473 1261 2518 Medicinalrath Dr. Gerlach inſpicirt. Ueber das Ergebniß dieſer
230 2511 1261 2563 Inſpection verlautet, daß mancherlei erhebliche Mißſtände,
231 2549 1260 2595 beſonders in den hygieniſchen Verhältniſſen der An⸗
231 2589 1259 2634 ſtalt, in welcher kein Arzt wohnt, eine gründliche Abhilfe erheiſchen.
231 2627 1260 2673 Die Provinzial⸗Verwaltung ſoll den Ankauf oder eventuell einen
229 2666 996 2711 Neubau der Anſtalt bereits in Erwägung ziehen.
316 2713 1260 2761 Hamburg, 5. Juli. Der „Hamburgiſche Correſpon⸗
230 2756 1259 2803 dent“ meldet aus Friedrichsruhe: Fürſt Bismarck machte
229 2799 1259 2847 geſtern Morgens einen größeren Spaziergang.
230 2842 1259 2890 Als ſich eine Anzahl von Fremden vor dem Landhauſe au⸗
230 2884 1257 2932 geſammelt hatte, trat der Fürſt zu ihnen und unterhielt ſich
228 2927 1258 2976 längere Zeit. Das Befinden des Fürſten iſt offenbar
228 2971 427 3012 recht gut.
305 3015 1258 3061 München, 6. Juli. Infantin Eulalia, Gemalin des
227 3054 1257 3102 Prinzen Anton von Orleans, iſt zum Beſuche ihrer Schweſter
227 3094 967 3138 und ihrer Söhne in Nymphenburg eingetroffen.
306 3132 1258 3178 Der Großherzog von Toscana iſt heute in Lindau
226 3171 1258 3222 zum Sommeraufenthalte angelangt. — Erzherzogin Clotilde
227 3209 717 3252 iſt in Regensburg angekommen.
304 3255 1257 3304 London, 5. Juli. Prinz und Prinzeſſin Heinrich
226 3289 1257 3345 Battenberg beſuchten heute Morgens den Erzherzog
226 3333 1255 3380 Karl Ludwig ſammt Gemalin im Hotel „Albemarle“.
227 3371 1256 3419 Der Erzherzog beſuchte Nachmittags das Muſeum South⸗
225 3410 1258 3459 Kenſington nebſt anderen Sehenswürdigkeiten. Die Erzherzogin
226 3443 1257 3496 fuhr auf den Richmondpark zum Beſuche der Herzogin von Teck
226 3487 1256 3534 und ſpäter nach dem Holland⸗Houſe, um dem Grafen und der
226 3526 1256 3573 Gräfin von Ilcheſter einen Beſuch abzuſtatten. Abends wohnten
223 3565 1256 3614 der Erzherzog und die Erzherzogin einem Concerte im Buckingham⸗
223 3603 402 3643 Palaſte bei.
312 3646 1254 3698 London, 6. Juli. Earl of Roſebery hielt geſtern
225 3690 1253 3743 in der Alberthall eine Rede, in welcher er erklärte, er hoffe
224 3733 1255 3782 im Stande zu ſein, die auswärtige Politik der
223 3775 1254 3826 neuen Regierung zu unterſtützen; bezüglich dieſer
223 3819 1252 3869 Politik werde er die grundſätzliche Beſtändigkeit befürworten.
223 3862 1253 3912 Ferner drückte Roſebery die Hoffnung aus, daß die neue
222 3905 1253 3956 Regierung nicht von dem Wege abgehen werde,
222 3948 1253 3998 welchen man bisher in der armeniſchen Frage ein⸗
224 3991 486 4033 geſchlagen habe.
312 4040 1253 4091 Sophia, 5. Juli. Die Verhandlung, welche über die
224 4084 1252 4134 Klage des früheren Miniſters Zankow gegen den einſtigen
221 4127 1252 4176 Polizei⸗Präfecten Lukanow vor dem Appellations⸗
220 4161 1175 4219 Gerichte geſtern ſtattfinden ſollte, wurde vertagt.
308 4213 1252 4262 Das Journal Narodni Prava fährt fort, Docu⸗
221 4256 1251 4304 mente im Zuſammenhange zu dem Berichte der
221 4298 1250 4347 Enquête⸗Commiſſion gegen Stambulow
220 4341 1251 4391 zu veröffentlichen. Faſt alle betreffen die Beeinfluſſung
221 4384 1251 4434 der Wahlen. Wie verſichert wird, erhält das Blatt die
220 4427 753 4470 Documente durch Indiscretion.
308 4470 1251 4520 Es iſt ſehr wahrſcheinlich, daß Miniſter⸗Präſident
220 4513 1250 4563 Stoilow demnächſt eine Rundreiſe in das Innere
221 4547 1249 4606 des Landes machen wird, wobei derſelbe jene Städte
220 4599 1248 4650 beſuchen will, welche er bei der Wahltournée im Vorjahre
219 4642 544 4684 nicht berührt hatte.
297 4690 1248 4740 Sophia, 5. Juli. Angeſichts der Gefährdung der Hafen⸗
218 4729 1248 4776 Arbeiten von Varna, welche durch den üblen Willen der
219 4768 1248 4817 belgiſchen Unternehmer verurſacht wurde, hat die bulgariſche Re⸗
219 4806 1248 4857 gierung ihren techniſchen Berather für Hafenbauten, den Hafen⸗
218 4845 1247 4896 inſpector Gérard in Marſeille, erſucht, nach Bulgarien zu
218 4883 983 4931 kommen, um den Stand der Arbeiten zu prüfen.
295 4930 1246 4982 Petersburg, 5. Juli. Wie die ruſſiſche Telegraphen⸗Agentur
217 4968 1248 5016 meldet, geſtattet das Finanzminiſterium den Semſtwos ver⸗
218 5006 1246 5056 ſchiedener Gouvernements die Wiederaufnahme der
218 5045 1245 5096 Roggen⸗ und Weizenkäufe, welche in Folge der im
219 5081 1245 5135 Mai eingetretenen Steigerung der Getreidepreiſe eingeſtellt wor⸗
219 5119 799 5158 den waren.
1399 251 2342 295 London, 5. Juli. Das Oberhaus nahm in dritter
1322 287 2341 334 Leſung die Fabriken⸗ und Werkſtätten⸗Bill, ferner
1321 329 2342 375 die Marine⸗Bill, ſowie die Ergänzungs⸗Bill des
1322 367 2342 413 Geſetzes über unlautere und ungeſetzliche Umtriebe an.
1406 414 2341 463 Madrid, 6. Juli. Die öſterreichiſch⸗ungariſche
1320 457 2341 505 Escadre unter Commando des Erzherzogs Karl Stephan
1318 500 2339 547 iſt in Gibraltar vor Anker gegangen. Der engliſche
1319 543 2341 590 Gouverneur wird zu Ehren des Commandanten und der
1317 585 2085 632 Officiere der Escadre einen Feſtabend geben.
1316 660 2343 737 Telegramme der „Neuen Freien Dresse“.
1393 737 2341 782 Lemberg, 6. Juli. Wie aus Warſchau berichtet wird, iſt
1315 775 2339 822 jetzt auch in Volhynien die Cholera gänzlich erloſchen.
1314 814 2011 856 Podolien iſt ſchon ſeit Mai cholerafrei.
1392 860 2340 905 Temesvar, 6. Juli. Die Bergarbeiter der Steinkohlen⸗
1315 899 2338 944 bergbaue der Oeſterreichiſch⸗Ungariſchen Staatseiſenbahn⸗Geſellſchaft
1315 937 2339 983 in Reſchicza ſind nach faſt vier wöchentlichem Strike
1315 976 2339 1022 wieder angefahren, ohne daß eine ihrer Forderungen be⸗
1315 1013 1631 1056 willigt worden wäre.
1399 1061 2339 1110 Kiel, 6. Juli. Die Kreuzer⸗Corvette „Kaiſerin
1313 1105 2340 1153 Auguſta“, Commandant Capitän zur See Lavaud, ver⸗
1314 1149 2338 1197 ließ heute Früh um 3¼ Uhr die Kaiſerwerfte, um nach
1314 1191 2338 1239 Marokko abzugehen. In Gibraltar wird die „Kaiſerin
1314 1234 2339 1282 Auguſta“ mit dem Panzerſchiffe „Hagen“ und dem Schul⸗
1314 1277 2339 1325 ſchiffe „Stosch“ zuſammentreffen und alsdann mit dieſen
1313 1319 1898 1364 die Fahrt nach Marokko fortſetzen.
1391 1370 2338 1411 Rom, 6. Juli. Rom bereitete dem neuvermälten
1311 1408 2337 1455 Herzogspaare von Aoſta einen herzlichen, liebens⸗
1312 1447 2336 1493 würdigen Empfang. Die Straßen, durch welche die von
1313 1485 2337 1531 Cüraſſieren geleiteten Galawagen fuhren, waren von Tauſenden
1312 1524 2337 1567 von Menſchen beſetzt, welche die Neuvermälten mit dem Rufe
1313 1560 2336 1608 „Evviva i sposi!“ begrüßten. Wo das Truppenſpalier der Freude
1312 1601 2337 1646 des Volkes keine Schranken ſetzte, da erreichte dieſe den Ausdruck
1312 1639 2336 1685 der Begeiſterung, welcher der hübſchen Herzogin Thränen der
1312 1679 2336 1724 Rührung entlockte. Als das Paar im Schloſſe angelangt war
1310 1716 2336 1763 und die Truppen zurückgezogen waren, da füllte ſich die Piazza
1311 1754 2336 1800 del Quirinal bis auf das letzte Plätzchen, und des Rufens
1311 1793 2337 1839 war kein Ende, bis die Neuvermälten mit dem Könige und der
1311 1832 2335 1878 Königin auf dem Balcon erſchienen. Der Bürgermeiſter veröffent⸗
1309 1871 2335 1916 lichte einen Aufruf, in welchem er die Hochzeit Aoſta⸗
1311 1910 2335 1955 Orleans als glückliche Vorbedeutung für den
1310 1948 2334 1991 Bund Frankreichs und Italiens pries. Das war
1310 1986 2334 2032 die einzige, dennoch allgemein belachte politiſche Kundgebung
1309 2026 1473 2066 des Tages.
1386 2071 2333 2118 Mailand, 6. Juli. Provagna, Modena und
1309 2110 2335 2156 Mantua wurden geſtern von einem ſtarken Hagelwetter
1309 2149 2334 2194 heimgeſucht, welches die Ernte der betreffenden Landſtriche faſt
1307 2188 2334 2233 gänzlich vernichtete. In ganz Oberitalien gehen ſeit zwei
1308 2227 2333 2271 Tagen heftige Gewitter nieder, welche die Temperatur
1308 2265 1710 2306 weſentlich abgekühlt haben.
1384 2312 2334 2358 Brüſſel, 6. Juli. Kronprinzeſſin⸗Witwe Stephanie hat
1306 2351 2333 2396 heute Morgens mit dem Expreßzuge Brüſſel paſſirt, ohne ſich
1307 2390 2330 2435 aber hier aufzuhalten, und die Fahrt nach Oſtende fortgeſetzt,
1307 2427 1997 2472 um ſich dort nach England einzuſchiffen.
1391 2475 2332 2524 Paris, 6. Juli. In der Kammer kann die Ge⸗
1306 2519 2332 2567 tränkeſteuer⸗Debatte heute möglicherweiſe wieder
1306 2562 2330 2610 zu einem Scharmützel fuhren. Zwar behandelt die Regierung
1306 2605 2330 2653 die ganze Vorlage nicht als ſolche, mit der ſie
1305 2648 2330 2696 ſtehen und fallen will, aber zur Deckung der
1305 2690 2331 2739 Mindereinnahmen, welche die Folge der bisherigen Beſchlüſſe
1305 2733 2328 2782 ſind, beantragt die Commiſſion die Erhöhung
1306 2777 2330 2823 der Alkoholſteuer auf 275 Franes, während die Re⸗
1305 2820 2329 2866 gierung dieſelbe nur auf 175 Franes erhöhen will.
1305 2863 2329 2910 Miniſter⸗Präſident Ribot glaubt nämlich, daß eine ſolche
1306 2905 2329 2953 Erhöhung das entgegengeſetzte Reſultat ergeben müſſe und
1304 2948 2329 2996 der Alkoholverbrauch tief herabſinken würde. Die ganze
1304 2991 2328 3040 Debatte iſt verworren und der Schauplatz des Haders von
1304 3034 2328 3081 Local⸗Intereſſen. Am liebſten wäre es der Majorität, wenn
1304 3076 2328 3125 es beim Status quo bliebe, aber die Reform wird eben ſeit
1303 3119 2329 3169 Jahren verſprochen. Aus alledem entſteht eine gereizte Stim⸗
1303 3164 1768 3207 mung gegen die Regierung.
1388 3213 2328 3261 Wilna, 6. Juli. Zwiſchen Dünaburg und
1302 3257 2328 3304 Witebsk iſt ein gemiſchter Zug mit einem
1303 3300 2328 3347 Güterzuge zuſammengeſtoßen. Beide Loco⸗
1302 3342 2326 3390 motiven und fünfzehn Waggons wurden
1302 3386 2327 3434 vollſtändig zertrümmert, fünf Perſonen
1302 3429 2326 3477 getödtet, ſechs Perſonen ſind theils ſchwer, theils leicht
1302 3473 1417 3512 verletzt.
1362 3546 2269 3598 Dr. Herold über die jungczechiſche Politik.
1575 3600 2078 3628 (Telegramm der „Neuen Freien Preſſe“.)
1377 3632 2325 3677 Prag, 6. Juli. Der Abg. Dr. Herold veröffentlicht in
1300 3671 2325 3716 den Narodni Liſty unter dem Titel „Zu unſerer politi⸗
1298 3709 2326 3755 ſchen Situation“ einen mit ſeinem vollen Namen gezeich⸗
1299 3748 2324 3799 neten Artikel, in welchem cs heißt: „Da ſich in Folge des Regie⸗
1299 3787 2323 3831 rungswechſels in dem ganzen inneren politiſchen Syſtem keine
1299 3825 2325 3871 thatſächlichen Aenderungen vollzogen haben, mußten die czechiſchen
1298 3864 2324 3909 Abgeordneten im Reichsrathe mit vollſtem Rechte die Er⸗
1298 3902 2323 3948 klärung abgeben, daß kein Grund zur Aenderung ihres
1298 3941 2324 3986 politiſchen Standpunktes eingetreten ſei. Dagegen haben
1298 3980 2323 4024 ſich in Folge des Zuſammenbruches der Coalition und
1297 4018 2324 4063 in Folge der Begebenheiten, die darauf eingetreten
1298 4049 2324 4101 ſind, die Verhältniſſe der czechiſchen Delegation im Reichsrathe
1296 4095 2324 4141 nicht blos formell geändert, ſondern ihre Situation hat
1297 4134 2323 4179 ſich bedeutend gebeſſert. Es iſt keineswegs jener ver⸗
1295 4172 2322 4218 trauensſelige Optimismus, der ſich ſo oft im czechiſchen Volke zu
1297 4210 2321 4257 ſeinem Schaden einſtellte, ſondern es iſt meine Ueberzeugung,
1297 4249 2321 4295 die ſich auf eine ganze Reihe von Erſcheinungen und
1296 4287 2321 4334 Begebenheiten ſtützt, wenn ich die Behauptung aufſtelle,
1295 4326 2321 4372 daß die Situation der czechiſchen Delegation im Reichs⸗
1294 4364 2321 4411 rathe eine Geſtalt angenommen hat, die den czechiſchen
1295 4403 2321 4450 Abgeordneten zum mindeſten eine beſondere Aufgabe zuweiſt. Die
1294 4442 2320 4488 jungczechiſche Partei iſt in den Reichsrath als eine oppoſitionelle
1294 4480 2320 4527 Partei eingetreten. Der im vorigen Jahre in Nimburg abgehaltene
1295 4519 2319 4565 Parteitag hat ihr den oppoſitionellen Standpunkt auferlegt und
1294 4557 2319 4603 das volle Beharren auf demſelben genehmigt. Es wäre jedoch
1294 4596 2319 4643 eine unrichtige Beurtheilung dieſes Beſchluſſes, und ich würde es
1293 4635 2318 4680 als einen politiſchen Fehler betrachten, wenn in der weiten Oeffent⸗
1293 4673 2317 4719 lichkeit die Oppoſition als Zweck einer politiſchen Partei und
1293 4712 2318 4758 eines ganzen Volkes proclamirt und wenn man bei der Beurthei⸗
1294 4750 2317 4801 lung der politiſchen Vorfälle annehmen würde, daß die Oppoſition
1291 4788 2317 4840 einzig und allein das taktiſche Mittel zur Verwirklichung des
1290 4828 2316 4873 politiſchen Programms dieſer oder jener Partei ſei. Eine politiſche
1292 4866 2316 4912 Partei kann und muß, wenn es ſich um den Vortheil des Volkes
1292 4905 2316 4952 handelt, welches ſie vertritt, ſtets erwägen, ob das Mittel, welches ſie für
1289 4943 2315 4990 ihren politiſchen Vorſtoß gewählt hat, den zeitgemäßen Verhält⸗
1289 4982 2311 5030 niſſen entſpricht, und ob es als das beſte zur Erreichung des Zieles
1290 5021 2314 5067 erſcheint. Ebenſo wie es ein Fehler iſt, wenn man die Oppoſition
1289 5059 2313 5106 der czechiſchen Abgeordneten a priori als etwas Dauerhaftes und
1288 5098 2313 5143 Unabänderliches betrachtet, ſo iſt es auch ein Fehler, wenn Jemand
1289 5136 2312 5180 der Anſicht iſt, daß nur die Erringung der Majorität im Parlamente.
2387 265 3407 310 reſpective der Anſchluß an irgend eine parlamentariſche Ma⸗
2388 304 3408 349 jorität ein geeignetes Mittel zur Erreichung der politiſchen Ziele
2387 342 3408 388 ſei. Unſere Oppoſition an und für ſich dient dazu,
2388 380 3408 426 die dem czechiſchen Volke ſchädlichen Verhältniſſe zu beſeitigen.
2387 419 3409 464 In dem Augenblicke, in welchem in Folge der Oppoſition das
2387 457 3409 503 czechiſche Volk die Möglichkeit der Erfüllung ſeiner Forderungen
2386 489 3409 541 erlangen würde, in dieſem Augenblicke wäre es die patriotiſche
2387 533 3410 579 Pflicht der Vertreter des Volkes, zu erwägen, ob die Oppoſition auf⸗
2400 572 3409 617 zugeben ſei. Eine parlamentariſche Majorität, ſelbſt wenn ſie die Macht
2404 611 3409 657 hätte, ihre Beſchlüſſe auszuführen, könnte aber nur dann einer
2385 649 3407 695 politiſchen Partei und ſpeciell dem czechiſchen Volke Nutzen und
2387 688 3406 734 Gewinn bringen, wenn ſie ſich entſcheiden würde, ſelbſt für die
2387 726 3412 778 Verwirklichung unſerer Volkswünſche zu arbeiten. So eine Majorität
2386 766 3406 812 gibt es leider jetzt nicht, und es iſt auch wenig Hoffnung vorhan⸗
2386 803 3410 850 den, daß ſich eine ſolche Majorität bilden werde. Außerdem darf
2388 842 3413 888 nicht vergeſſen werden, daß ſelbſt der feſte Wille der parlamenta⸗
2385 873 3410 926 riſchen Majorität an und für ſich nichts bedeutet, wenn die
2386 919 3409 965 Executiv⸗Gewalt, reſpective das Miniſterium nicht von demſelben
2384 951 3409 1004 Programme durchdrungen iſt, und wenn die entſcheidenden Kreiſe
2386 989 3406 1042 dieſes Programm nicht mit aller Energie durchführen wollen.
2386 1034 3408 1086 Eine Oppoſition um der Oppoſition willen iſt ein Fehler,
2385 1073 3410 1121 eine Majorität der Majorität wegen iſt ein Unglück für
2383 1111 3407 1158 jedes Volk, das ſich in einer ſolchen Lage befindet, wie
2384 1150 3408 1202 das czechiſche. Wenn dieſe Anſicht richtig iſt — es
2384 1189 3408 1235 iſt freilich meine perſönliche Anſicht — ſo iſt der czechiſchen Dele⸗
2383 1228 3408 1273 gation in dem gegenwärtig proviſoriſchen Stadium der Aus⸗
2382 1266 3409 1312 geſtaltung der Dinge in Wien ſtreng der Weg vorgeſchrieben, den
2383 1305 3407 1351 ſie einſchlagen muß. Aus all dem geht hervor, daß es
2383 1343 3405 1390 keinen Grund gibt, weßhalb die czechiſchen
2383 1382 3408 1429 Abgeordneten ihre gegenwärtige feſte
2382 1420 3410 1465 Poſition ihres oppoſitionellen Stand⸗
2382 1459 3403 1505 punktes aufgeben ſollen. Hierüber gab es unter den
2381 1497 3402 1544 jungczechiſchen Abgeordneten keinen Augenblick einen Zweifel. Die
2381 1536 3403 1581 Anſicht, als ob durch das Verlaſſen der bei der Steuer⸗Reform⸗
2381 1574 3408 1622 Debatte durchgeführten Obſtruction die jungczechiſchen Abgeordneten
2380 1612 3407 1659 ihren oppoſitionellen Standpunkt aufgegeben hätten, und als ob eine
2381 1652 3407 1698 Aenderung ihrer Taktik eingetreten wäre, iſt eine irrige und entſpricht
2380 1690 3407 1737 nicht den wirklichen Thatſachen. Die jungczechiſchen Abgeordneten
2380 1729 3409 1775 ergriffen die Obſtruction blos zu dem Zwecke, um die Durch⸗
2380 1767 3406 1815 führung der Steuer⸗Reform vor der Erledigung des Budgets und
2380 1806 3407 1853 der Wahlreform zu verhindern. Die jungczechiſchen Abgeordneten
2380 1844 3404 1891 wußten ganz gut, daß die Erledigung des Budgets und die Be⸗
2378 1883 3401 1928 rathung der Wahlreform die ſchwache Seite der Coalition ſei, und
2380 1921 3402 1968 daß man bei der Behandlung dieſer Fragen der Coalition den Todesſtoß
2379 1960 3404 2008 werde verſetzen können. In dieſer Erwartung haben ſich die jung⸗
2380 1999 3402 2051 czechiſchen Abgeordneten nicht getäuſcht. Der Zwieſpalt, der unter
2379 2031 3405 2084 den Coalitions⸗Parteien ſeit längerer Zeit in den verſchiedenen
2379 2076 3404 2123 Richtungen herrſchte, trat klar bei der Behandlung der Cillier
2379 2114 3404 2161 Frage und bei der Berathung der Wahlreform zu Tage. In
2379 2153 3404 2199 dieſem Stadium mußte auch die Obſtruction ihren Höhepunkt er⸗
2377 2191 3405 2238 reichen, und das Ergebniß war, daß die Steuer⸗Reform von
2378 2231 3406 2276 der Tagesordnung abgeſetzt und das Budget auf dieſelbe
2378 2269 3405 2315 geſtellt werden mußte, wodurch gerade dem Standpunkte der cze⸗
2378 2307 3403 2354 chiſchen Oppoſition Rechnung getragen worden iſt. Ich conſtatire
2376 2346 3402 2393 nur eine Wahrheit, wenn ich ſage, daß der Jungczechen⸗Club,
2377 2384 3403 2432 noch bevor das Coalitions⸗Miniſterium ſeine Demiſſion gegeben
2377 2424 3412 2472 hat, den Beſchluß gefaßt hat, von der Obſtruction in dem,
2376 2463 3412 2508 Augenblicke abzulaſſen, in welchem die Steuer⸗Reform von
2376 2501 3404 2546 der Tagesordnung abgeſetzt und das Budget auf die⸗
2376 2540 3404 2585 ſelbe geſtellt ſein würde. Wenn die czechiſchen Abgeordneten
2375 2578 3401 2625 im gegenwärtigen Stadium ihren feſten und entſchiedenen oppo⸗
2376 2616 3401 2662 ſitionellen Standpunkt nicht aufgeben wollen, kann man ihnen
2373 2656 3401 2699 trotzdem keinen Vorwurf daraus machen, wenn ſie unter den
2375 2693 3411 2739 gegenwärtigen unfertigen Verhältniſſen eine Reſerve ſich auferlegen,
2375 2732 3400 2777 die mit ihrem bisherigen Standpunkte keineswegs im Wider⸗
2374 2771 3402 2816 ſpruche ſteht. Im Intereſſe des czechiſchen Volkes liegt es
2373 2810 3403 2855 wenigſtens nach meiner Anſicht, daß die ſchnelle Entwicklung
2375 2848 3402 2893 der Dinge in Wien durch die czechiſchen Abgeordneten
2374 2887 3402 2932 nicht aufgehalten werde, und daß dieſelben nichts unternehmen,
2374 2925 3401 2971 was die Zerſetzung ſämmtlicher parlamentariſchen Verhältniſſe,
2373 2963 3403 3009 wie ſie jetzt beſteht, mildern würde. Der Vortheil des czechiſchen
2374 3002 3402 3047 Volkes und keineswegs der Vortheil der Partei gebietet uns, daß
2374 3041 3401 3087 wir, für die Leitung der czechiſchen Politik verantwortlich, ruhig
2374 3080 3401 3125 ausharren, bis die Zerſetzung ihren Höhepunkt erreicht. Wir können
2373 3119 3402 3165 ruhig der Entwicklung der Dinge zuſehen, die nach meiner Ueberzeugung
2374 3158 3399 3203 der Oeffentlichkeit noch viele Ueberraſchungen bereiten wird. Frei
2374 3195 3396 3239 auf allen Seiten, frei in unſerem Willen und in unſeren Ent⸗
2373 3234 3398 3285 ſchließungen, vorſichtig in unſeren Schritten, können wir czechiſche
2372 3274 3397 3320 Abgeordnete warten, bis die gegenwärtige proviſoriſche
2373 3312 3395 3358 Regelung der Verhältniſſe in das Stadium der that⸗
2372 3350 3395 3397 ſächlichen Erledigung, der Regierungs⸗ und Parlamentskriſe tritt.
2451 3397 3399 3443 Das Ergebniß dieſer Kriſe kann für uns ein zweifaches ſein.
2373 3436 3398 3482 Entweder wird noch ein Verſuch gemacht, daß die parlamentariſche
2372 3474 3395 3520 Maſchine ohne einen definitiven Ausgleich mit dem czechiſchen
2372 3514 3396 3565 Volke im Gange bleibe, dann wird dieſer Verſuch auf
2372 3547 3397 3599 den gleichen Widerſtand des ganzen czechiſchen Volkes und
2370 3591 3397 3636 ſeine Vertreter ſtoßen wie bisher. Die zweite Even⸗
2370 3629 3393 3676 tualität zur Beendigung der gegenwärtigen Regierungs⸗ und
2370 3668 3395 3714 Parlamentskriſe könnte darin beſtehen, daß man endlich
2370 3707 3396 3754 zu der Ueberzeugung kommt, daß ohne die Erledigung
2370 3746 3397 3793 der czechiſchen Frage keine dauernde Regelung der
2370 3784 3396 3829 inneren Verhältniſſe des Reiches möglich iſt, und daß die
2370 3824 3396 3875 Erledigung dieſer Frage das actuelle Programm der künf⸗
2368 3861 3392 3908 tigen Regierung bilden würde. Vor dieſer Even⸗
2368 3900 3395 3946 tualität dürfen die czechiſchen Abgeordneten
2368 3939 3394 3985 nicht die Augen verſchließen. Nach meiner An⸗
2369 3977 3394 4023 ſicht muß man ſich auf dieſe Eventualität
2367 4016 3393 4061 vorbereiten. Es wäre ein Fehler, wenn man dies
2367 4055 3393 4102 nicht thun und dieſe Eventualität als ausgeſchloſſen
2368 4094 3394 4138 betrachten würde. Aber gerade deßhalb, weil man mit
2367 4133 3391 4177 einer ſolchen Eventualität rechnen muß, muß man ſich eine
2393 4171 3389 4216 gewiſſe Reſerve auferlegen. Bei der Klarheit unſeres
2394 4209 3394 4255 Programms haben wir es alſo wahrlich nicht nöthig, mit
2365 4241 3389 4295 übergroßer Nervoſität Kundgebungen zu erlaſſen, welche für
2365 4286 3391 4332 die Zukunft nichts nützen würden. Ich wollte mit dieſen
2364 4325 3391 4371 Zeilen meinen Standpunkt klarlegen und den Beweis er⸗
2364 4363 3391 4409 bringen, daß dieſer Standpunkt jener iſt, welcher der
2364 4402 3389 4449 Stellung des geſammten Volkes, ſowie unſeren Beſchlüſſen ent⸗
2363 4441 3388 4488 ſpricht und ſich in die Worte zuſammenfaſſen läßt: „Feſtig⸗
2364 4480 3389 4526 keit und Treue zum czechiſchen Programme und
2363 4519 3388 4564 Aufrechthaltung des oppoſitionellen Stand⸗
2362 4558 3389 4609 punktes unſerer Delegation, ſo lange nicht
2363 4597 3389 4643 die Grundlagen zur politiſchen und nationalen
2361 4635 3385 4681 Beruhigung des czechiſchen Volkes gelegt wird.“
2361 4674 3386 4721 In einem ſolchen Augenblicke muß ein jeder Czeche, dem es ſich
2361 4713 3387 4756 um den nationalen Vortheil handelt, klar zu jenen erhabenen Idealen
2360 4751 3385 4797 aufblicken, für welche wir kämpfen. Es muß jede Meinungsver⸗
2358 4789 3386 4840 ſchiedenheit aufhören, durch welche die czechiſche Sache geſchwächt
2360 4828 3382 4879 würde. Das Beſtreben, Zwietracht unter die czechiſchen Abgeordneten
2359 4867 3385 4912 zu bringen, iſt weder taktiſch richtig noch patriotiſch. Der jungczechiſche
2359 4906 3384 4950 Abgeordneten⸗Club betrachtet es als kein Unglück, daß er in ſeiner Mitte
2359 4944 3384 4990 Individualitäten von verſchiedenem Temperamente birgt. Die⸗
2359 4983 3384 5029 jenigen, welche für die czechiſche Politik verantwortlich ſind, er⸗
2359 5021 3383 5069 blicken hierin gewiſſermaßen einen Vortheil; ſowie in jedem Orga⸗
2358 5061 3382 5105 nismus können auch im jungczechiſchen Club bei verſchiedenen
2356 5099 3380 5144 taktiſchen Fragen verſchiedene Anſichten auftauchen. Wenn das
2357 5138 3380 5183 nicht der Fall wäre, könnte das der czechiſchen Delegation gar
