3488 5348
3171 174 3362 226 Nr. 11085
276 193 398 228 Seite 4
423 288 1088 360 Literatur = Blatt.
299 397 1191 457 Die Märchen der Brüder Grimm und
631 459 863 517 die Ethik.
309 531 1261 572 Seit dem Anfange dieses Jahrhunderts sind die Kinder= und
227 569 1260 614 Hausmärchen, von den Brüdern Jacob und Wilhelm Grimm
229 608 1261 652 gesammelt und herausgegeben, die erste geistige Nahrung, welche der
227 646 1261 691 Jugend geboten wird. Sie lagen bisher in einer großen und kleinen
227 681 1260 727 Ausgabe vor; die große gibt in zwei Theilen zweihundert Märchen
226 722 1260 766 und einige Kinderlegenden, die kleine enthält eine Auswahl von fünfzig
228 761 1259 803 Märchen. Ein weniger gelesener, für das Studium bestimmter
228 799 1261 843 dritter Theil der großen Ausgabe behandelt die Heimat der Er¬
225 837 1259 885 zählungen, abweichende Fassungen, Literatur. Seit jener Zeit
227 877 1260 921 haben die Märchen, die bis dahin fast ausschließlich durch münd¬
226 915 1259 959 liche Tradition fortgepflanzt worden, in unzählige Kinderherzen
226 953 1260 995 den ersten Schimmer der Poesie geworfen. Jetzt sind dreißig Jahre
225 991 1261 1035 verflossen, seitdem Wilhelm Grimm dahingeschieden, und das Werk
226 1030 1260 1071 der beiden edlen Menschen wird sich nun weiter und tiefer in das
227 1073 579 1112 Volk hinein verbreiten.
305 1107 1260 1148 Wie indessen jedes Erziehungsmittel von den Einen gepriesen,
226 1146 1260 1186 von den Anderen bekämpft wird, so erheben sich auch von Zeit zu
226 1184 1261 1231 Zeit Stimmen, die davor warnen, den Märchen allzu sehr zu
227 1223 1260 1263 trauen und ihnen unbehinderten Einlaß in die Kinderstube zu
227 1260 1260 1308 gewähren. Eine Masse von falschen Vorstellungen sollten in das
227 1299 1260 1346 jugendliche Gemüth eingehen, Vorurtheile Wurzel fassen, und
228 1337 1260 1383 Einzelnes müßte verrohend wirken. Auch jetzt wieder ist der Ver¬
226 1377 1260 1422 such gemacht worden, die Märchen zu „reinigen“, indem Georg und
227 1414 1260 1460 Lily v. Gizycki eine Auswahl und Bearbeitung der Samm¬
226 1455 1260 1499 lung „nach ethischen Gesichtspunkten“ vorgenommen
228 1491 1260 1537 haben. Gegen diese Publication erhebt der Professor der Kunst¬
228 1530 1260 1579 geschichte an der Universität Berlin, Hermann Grimm, in der
228 1567 1261 1612 National=Zeitung seine Stimme; seit dreißig Jahren lag die
227 1606 1261 1653 Herausgabe der Märchen in seiner Hand, und so fühlt er jetzt
228 1646 1261 1688 auch die Verpflichtung, über ihre unverfälschte Erhaltung zu
228 1685 810 1729 wachen. Wer von Beiden hat Recht?
305 1721 1257 1764 Ich nehme das alte liebe Buch wieder vor und blättere darin
227 1760 1260 1806 herum. Wohl bekannt sind die einen Märchen, flüchtig im Ge¬
229 1799 1260 1844 dächtniß haften geblieben die anderen, manche völlig vergessen.
228 1837 1260 1884 Aber immer wieder ergreift der alte Zauber. Ich sehe wieder
229 1876 1257 1918 Sneewittchen liegen im gläsernen Sarge, und die sieben Zwerge
228 1914 1260 1960 sitzen mit betrübten Mienen dabei; der Königssohn durchbricht die
228 1953 1260 1998 dicke Hecke und küßt Dornröschen; König Drosselbart feiert Hoch¬
228 1991 1261 2038 zeit mit der Prinzessin, die ihn erst verschmäht hat. Was für Ge¬
230 2030 1259 2075 fahren, Riesen und Hexen, Feuer und Wasser; aber Reinheit,
229 2069 1260 2112 Kraft und Klugheit überwinden Alles. Und je mehr ich mich nun
229 2107 1259 2151 wieder hineinlese und alte Erinnerungen in mir aufwachen lasse,
229 2145 1260 2190 umsomehr sträube ich mich auch gegen das Ansinnen, daß diesen
229 2185 1261 2226 lieblichen Geschöpfen jemals auch nur ein Haar gekrümmt
230 2230 406 2266 werden soll.
307 2261 1260 2305 Allerdings wäre es ungerecht, die Arbeit der Gizyckis einfach
229 2300 1260 2344 verwerfen zu wollen, ohne ihr Buch geprüft zu haben. Aber schon
229 2338 1261 2380 das Titelblatt reizt zu Einwendungen. Wie soll sich ein
229 2377 1260 2420 Kind die Wendung „nach ethischen Gesichtspunkten“ erklären? Es
230 2415 1260 2457 wird die Eltern mit Fragen nach der Bedeutung dieser Worte in
229 2454 1261 2500 Verlegenheit setzen. „Ethisch“ wird ihnen vielleicht als das übersetzt
230 2493 1260 2535 werden, was für sie das Beste und Nützlichste ist. Naturgemäß
229 2532 1261 2576 wird sich nun die Neugier nach den anderen Märchen regen, die
230 2570 1260 2614 nicht so gut und nützlich, aber wahrscheinlich ebenso unterhaltend
229 2608 1260 2654 sind. Das Vorwort der Herausgeber wendet sich weder an die
229 2647 1260 2689 Kinder noch an die Eltern, sondern es sucht literarischen Kreisen
231 2686 1259 2731 gegenüber die Nothwendigkeit der neuen Auswahl zu begründen.
230 2723 1260 2767 Wie anders passen zur Stimmung des Märchenbuches jene drei
230 2762 1260 2805 Briefe Wilhelm Grimm's, die der Widmung an Bettina
229 2800 1259 2844 v. Arnim beigegeben sind. Sie treten selbst vor uns wie Märchen,
230 2840 1259 2881 indem sie mit dichterischer Kunst Bilder vor uns erstehen lassen.
232 2878 1260 2923 So zeichnen sie z. B. Achim v. Arnim, wie er, im Zimmer auf
231 2917 1260 2960 und ab gehend die sauber geschriebenen Blätter des Manuscriptes
229 2955 1260 2999 las, „während ein zahmer Kanarienvogel auf seinem Kopfe saß,
229 2994 1260 3038 in dessen vollen Locken es ihm sehr behaglich zu sein schien“. In
231 3032 1260 3075 einem Buch, das den Kindern gegeben wird, sind Theorien nicht
232 3071 1258 3114 am Platze. Die Herausgeber erklären, daß sich „gute Menschen“
231 3110 1259 3153 verpflichtet gefühlt haben, den Kindern die Märchen zu entziehen,
231 3148 1260 3192 weil sie Vieles enthalten, was die sittliche Entwicklung des Ge¬
230 3186 1260 3231 müthes schädigen kann. Obgleich dieser Maßregel eine gewisse Be¬
230 3227 1261 3270 rechtigung zuzuschreiben sei, müsse doch eine Anzahl davon ausge¬
230 3261 1261 3303 nommen werden, die nur wohlthätig auf das Gemüthsleben des
229 3303 1261 3341 Kindes wirken können. Aus diesem Grunde sei hier eine Aus¬
230 3342 1260 3384 wahl derjenigen Märchen, die als „die sittlich förder¬
228 3380 1260 3422 lichsten“ erschienen, zusammengestellt, aus ihnen indessen auch
228 3419 1262 3460 noch das ausgemerzt, was für sittlich nach theilig an¬
229 3457 1261 3502 gesehen wurde. Mehr als 150 Märchen sind in die neue Ausgabe
229 3500 679 3539 nicht mit herüber genommen.
307 3534 1260 3574 Wer aber mit den Märchen groß geworden ist, der sieht in
230 3567 1261 3616 der ethisch redigirten Ausgabe einen kleinen, zierlichen, peinlich
227 3612 1264 3655 sauber gehaltenen Garten, an dessen Stelle früher ein weiter Park
229 3650 1261 3689 mit dunklen Bäumen und Wiesen, mit lustig sprießenden Blumen
228 3689 1261 3731 und verschwiegenen Seen sich erstreckte. Allerlei liebe Gestalten
229 3727 1261 3771 sind verschwunden, die sonst hier gewandelt und uns so freundlich
231 3766 1260 3810 angeblickt. Was ist denn Schlimmes an dem „Märchen von Einem,
231 3804 1262 3847 der auszog, das Fürchten zu lernen“? Ein drolliger, phlegmati¬
229 3843 1261 3886 scher Bursch, den aller Spuk nicht aus seiner Ruhe bringt, bis
230 3882 1260 3925 die Königstochter dem Schlafenden einen Eimer voll Gründlinge
229 3920 1261 3961 ins Bett schütten läßt. Wo ist denn das Märchen „Vom Fischer
230 3952 1261 4002 un syner Frn“ geblieben? Aus den maßlos wachsenden Wünschen
229 3998 1259 4036 des Weibes erkennt man, daß der Mensch sich bescheiden und
230 4036 1261 4080 zufrieden geben soll, besonders wenn das Glück ihm einmal schon
230 4075 1261 4119 günstig gewesen. Oder vielleicht hat die Bezeichnung der ersten
230 4113 1261 4156 Wohnung des Paares, in die es sich wieder bequemen muß, die
230 4152 1261 4193 Schuld der Ausschließung zu tragen? Warum hat man deine
231 4191 1260 4232 Schicksale für unethisch gehalten, du zierlicher „Daumesdick“, den
231 4228 1261 4271 die körperliche Kleinheit nicht gehindert hat. tüchtig in der Welt
231 4267 1257 4311 herumzukommen? Und was ist gegen „Die vier kunstreichen Brüder“
231 4306 1259 4349 einzuwenden? Ein Vater kann seine Söhne nicht mehr ernähren;
230 4345 1259 4388 sie ziehen fort und nach Jahren kehren sie wieder; der eine ist ein
230 4383 1259 4427 Dieb geworden, der zweite ein Sterngucker, der dritte ein Jäger,
231 4422 1260 4462 der vierte ein Schneider. Stehlen ist unethisch, aber der Jüngling
231 4460 1259 4502 benützt seine Fähigkeit wie seine Brüder nur zu guten Zwecken.
232 4497 1260 4541 So sind viele Lücken entstanden, die selbst durch die ängstlichsten
231 4538 1258 4578 Bedenken nicht erklärt werden können. Dazu fehlen sämmtliche im
232 4576 1260 4617 Dialekt erzählten Märchen, die den Sprachschatz bereichern
233 4615 1260 4655 und ein Mittel sind, das Kind des Vorderhauses dem Hinter¬
231 4657 487 4697 hause zu nähern.
311 4692 1260 4733 Von den 48 Märchen, die uns schließlich noch geblieben
231 4731 1258 4774 sind, sind mehrere von den Herausgebern bearbeitet worden.
232 4770 1258 4812 Zwar haben sie gewisse Rohheiten und Grausamkeiten gemildert,
234 4808 1259 4849 aber dafür sind jetzt Dunkelheiten entstanden. In dem Märchen
236 4847 1260 4888 „Brüderchen und Schwesterchen“ wird bei den Brüdern Grimm
234 4885 1259 4928 zwar die Hexe verbrannt und ihre böse Tochter wilden Thieren
234 4924 1260 4967 vorgeworfen; in der ethischen Redaction wird ihnen unbestimmt
238 4963 1260 5004 „das Urtheil gesprochen“. In „Sneewittchen“ muß die harte
237 5002 1260 5042 Stiefmutter sich in glühenden Pantoffeln zu Tode tanzen, was
236 5040 1260 5081 allerdings eine mittelalterliche Vorstellung ist; bei den Gizycki er¬
236 5079 1261 5120 starrt sie zu Stein. Da ziehen wir doch die volksthümliche
236 5118 1261 5159 Fassung vor, die eben das Verbrechen durch Menschenhand be¬
234 5158 417 5198 strafen läßt.
1569 192 2142 226 Neue Freie Presse.
1383 266 2331 305 Nun sind die „Kinder= und Hausmärchen“ nicht nur klar
1305 305 2331 346 und deutlich im Ausdrucke, sondern auch äußerst sorgfältig in
1307 343 2331 384 der Motivirung. Auch nach dieser Richtung hin wird Manches in
1306 382 2331 423 dem ethischen Versuche verwischt. In dem Märchen „Die zwölf
1306 420 2332 461 Brüder“ will ein König seine zwölf Buben tödten, wenn ihm
1303 459 2331 498 seine Gemalin ein Mädchen schenkt, damit diesem das Reich un¬
1306 497 2331 538 getheilt zufalle. Unzweifelhaft liegt hier ein literarisches Document
1306 536 2330 576 aus barbarischer Zeit vor, wenn auch die vorgeschrittene Cultur
1306 574 2331 615 durch die Königin vertreten wird, welche die Kinder fortsendet.
1304 612 2331 653 Jedenfalls wird die Handlungsweise des Königs, sagen wir politisch,
1306 651 2331 691 begründet. In der Gizycki'schen Ausgabe muß ein Zauberer
1305 688 2331 730 die Stelle des Königs vertreten, also eine nach Laune und Will¬
1304 727 2332 768 kür handelnde, außerhalb stehende Person. Ebenso vorsichtig wird
1304 765 2329 806 in „Allerleirauh“ der in die eigene Tochter verliebte König in
1305 804 2330 844 einen mit dem Mädchen nicht verwandten Zauberer verwaltend.
1383 846 2333 887 Eine im deutschen Märchen oft wiederkehrende und mannig¬
1306 885 2331 926 fach von den Pädagogen bekämpfte Figur ist die Stiefmutter.
1305 923 2333 964 Sie erscheint stets böse, listig und ränkevoll, wenn auch meistens
1305 962 2333 1004 aus Liebe zum eigenen Kinde. Wilhelm Grimm sah in dem Ver¬
1304 1000 2332 1041 hältnisse von Stiefmutter zum Stiefkinde nur „die erste Wolke,
1304 1038 2333 1080 die an dem blauen Himmel eines Kindes aufsteigt“, hat sich
1303 1077 2334 1119 indessen keineswegs mit der Frage abgegeben, ob solche Geschichten
1305 1116 2333 1156 vielleicht den kleinen Leser verwirren können. Nun, ein Kind, dem
1306 1154 2334 1195 eine Stiefmutter in Liebe zugethan ist, wird sich freuen, daß es
1305 1192 2334 1234 ihm nicht so schlecht geht, wie dem armen Aschenputtel; eine kalte
1306 1231 2333 1271 und herzlose Stiefmutter dagegen wird vielleicht das gefährliche,
1306 1270 2334 1310 anklügerische Buch beschlagnahmen. Was soll man aber dazu
1305 1307 2333 1349 sagen, wenn die Gizycki'sche Bearbeitung in ihrer Nachsicht gegen
1304 1345 2334 1387 die Stiefmutter so weit geht, daß sie aus ihr eine Mutter
1304 1384 2333 1426 macht? In dieser Weise ist „Hänsel und Gretel“ redigirt worden;
1305 1423 2334 1463 die eigene Mutter will die Kinder in den Tod treiben, und man
1304 1462 2332 1503 kann wol sagen, daß durch solche Unnatur die „rohen Vor¬
1304 1500 2333 1542 stellungen“, die gerade von jetzt an vermieden werden sollten, um
1305 1538 2333 1581 eine neue vermehrt worden sind. Und ähnlich unpsychologisch ist
1307 1577 2332 1619 „Der Liebste Roland“ bearbeitet. In der Fassung der Brüder
1306 1616 2332 1657 Grimm wird erzählt, daß eine Frau zwei Töchter hatte, „eine
1305 1654 2333 1702 häßlich und böse, und die liebte sie, weil sie ihre rechte Tochter
1304 1693 2334 1733 war, und eine schön und gut, die haßte sie, weil sie ihre Stief¬
1304 1728 2332 1773 tochter war“. Wie findet sich damit die ethische Ausgabe ab?
1303 1769 2333 1811 Hier hat die Frau zwei Tochter, „eine häßlich und böse, und die
1304 1808 2332 1849 liebte sie, und eine schön und gut, die haßte sie“. Damit also die
1305 1846 2331 1889 Stiefmutter gerettet werde, muß die Mutter gegen ihr eigenes
1305 1885 2331 1927 Blut wüthen. Verfolgt man diese Bemühungen, so begreift man
1304 1924 2332 1965 Hermann Grimm's zornigen Ausruf: „Mache man, wenn es
1307 1963 2332 2003 durchaus sein soll, eine Ausgabe der Märchen für Stiefkinder,
1305 2001 2330 2043 aber revidire man sie nicht überall nach ethischen Gesichtspunkten.“
1382 2043 2332 2085 Die angeführten Beispiele werden genügen, den Werth dieses in
1305 2083 2331 2125 usum delphini gereinigten Märchenbuches erkennen zu lassen.
1304 2121 2332 2162 Kann aber trotzdem die Anschauung der Brüder Grimm, daß die
1304 2160 2332 2201 vollständige Sammlung der „Kinder= und Hausmärchen“, diese
1306 2199 2332 2239 „unschuldigen Blüthen“, ein Erziehungsbuch wurde, weiter
1306 2237 2332 2278 bestehen? Vielleicht wird uns Antwort auf unsere Zweifel und
1304 2276 2331 2319 Fragen, wenn wir von neuem den Band von Jacob und Wilhelm
1306 2314 2193 2355 Grimms vornehmen und uns in seinen Inhalt versenken.
1382 2357 2333 2398 Wenn ein Kind die Märchen der Brüder Grimm hört oder
1304 2395 2331 2436 liest, so reizt es zuerst der Stoff, jene farbenreiche Welt außer¬
1304 2434 2331 2475 halb des eng begrenzten Hauses. Dann aber findet es eine vor¬
1304 2473 2331 2515 läufige Erklärung für tausend Fragen seiner Wißbegierde.
1304 2511 2332 2552 Phänomene der Natur und des Menschenlebens, vor denen es
1304 2550 2331 2592 staunend gestanden, ohne einen Grund und Zusammenhang zu
1304 2588 2331 2629 begreifen, begegnen ihm auf diesen Blättern wieder, hinter ihnen
1304 2627 2332 2667 aber erkennt es, thätig und bewegend, menschliche und übermensch¬
1304 2665 2332 2706 liche Kräfte. Eine wohlgeordnete Geisterwelt, wie etwa in den
1304 2704 2331 2744 morgenländischen Märchen, gibt es nicht; die deutschen Märchen
1303 2742 2331 2783 stehen fest auf der Erde, sie sind diesseitig. Der Mensch stirbt,
1304 2780 2332 2823 wenn sein Lebenslicht verlöscht, und von einem jenseitigen Leben
1304 2819 2330 2861 wird selten und dann gern in humoristischer Stimmung gesprochen.
1304 2858 2330 2899 Aus heidnischer Zeit stammen die allermeisten, und die Macht des
1304 2896 2330 2939 einen Menschen über den andern geht so weit, daß sie beliebige
1305 2936 2330 2978 Gestalt verleihen können; Verwandlungen in Thiere sind häufig,
1303 2974 2331 3015 und diese selbst denken und sprechen menschlich, dienen, rathen und helfen
1305 3013 2332 3054 ihren Wohlthätern. Kinder leben im Reiche der Phantasie; ihre
1305 3051 2332 3092 Spiele auf Straßen und Plätzen, mit Puppen und Soldaten
1304 3090 2333 3132 zeigen die Neigung, Lebloses zu beseelen und die Wirklichkeit zu
1303 3128 2332 3171 verschönen. Diesem Geisteszustand bieten die Märchen Nahrung
1304 3168 1532 3207 und Auregung.
1383 3209 2332 3250 Aber nicht ist es das Wunderbare hauptsächlich, was die
1304 3248 2332 3289 Kinder anzieht, sondern sie erkennen in den Märchen besonders
1305 3287 2333 3328 die Darstellung von Verhältnissen wieder, in denen sie sich selbst
1305 3325 2331 3368 befinden: das Leben in der Familie. Wie oft fängt ein
1306 3364 2331 3405 Märchen mit der rührenden Sehnsucht eines vermälten Paares
1307 3403 2332 3443 nach einem Kinde an. In solcher Weise beginnt der „Machandel¬
1307 3443 2331 3482 boom“: „De Fru bedd'd so veel dorüm Dag un Nacht.“ Ebenso
1306 3481 2331 3523 geht in der Geschichte „Die Nelke“ eine Königin alle Morgen in
1307 3519 2331 3560 den Garten und bittet Gott im Himmel, er möchte ihr einen
1307 3558 2330 3599 Sohn oder eine Tochter bescheeren. Herrlicher noch spricht sich
1304 3596 2331 3637 jener Wunsch in „Daumesdick“ aus. Da sagt der arme Bauers¬
1306 3635 2331 3677 mann zu seiner spinnenden Frau: „Wie ist's so traurig, daß wir
1306 3673 2330 3712 keine Kinder haben! Es ist so still bei uns, und in den anderen
1305 3712 2329 3753 Häusern ist's so laut und lustig.“ Viele Beispiele finden sich für
1306 3750 2328 3792 die Liebe der Geschwister. Hänsel und Gretel ermuthigen sich im
1305 3790 2331 3832 Leiden und halten fest zusammen. Ein Mädchen geht in die Welt
1305 3828 2331 3867 hinaus, lim ihre in Schwäne oder Raben verwandelten Brüder
1305 3867 2331 3907 zu suchen, und näht ihnen Hemdchen aus Sternblumen oder
1306 3905 2330 3944 Brennnesseln. Die Kinder lieben ihre Eltern. In dem Märchen
1308 3943 2331 3985 „Die Gänsehirtin am Brunnen“ hat die älteste Tochter den
1306 3982 2330 4022 Vater so lieb wie Zucker, die zweite wie ihr schönstes Kleid; die
1305 4020 2328 4063 jünste aber sagt: „Ich kann meine Liebe mit nichts vergleichen.“
1304 4059 2330 4100 Hans mein Igel vergißt nicht im Glücke seines Vaters. Ein
1304 4098 2329 4139 Knabe wird von seinen Spielkameraden Findling genannt und er¬
1305 4136 2330 4177 fährt, daß er nicht der Sohn des Fischers ist, sondern daß dieser
1304 4175 2328 4218 ihn einstmals aus dem Flusse gezogen. Und sofort sagt der Junge:
1305 4213 2332 4254 „He wulle furt um sinen Teiten (Vater) söken.“ Manchmal ist
1305 4252 2329 4293 der Vater lieblos gegen die Kinder, aber die Mutter rettet sie.
1304 4291 2328 4332 Oft ist die Frau gewaltthätig, ja dämonisch und beherrscht den
1304 4331 1586 4368 willenlosen Mann.
1382 4372 2329 4412 Die Kinder sehen ältere Geschwister sich verheiraten und
1304 4411 2329 4451 spielen selbst Braut und Bräutigam. In den Märchen wird die
1303 4450 2330 4489 treue Liebe hoch gepriesen. Auf den „Liebsten Roland“ will
1304 4488 2330 4530 die Braut warten, bis sie der Bräutigam abholt, und damit sie
1304 4527 2328 4568 Niemand erkennt, verwandelt sie sich in einen rothen Feldstein.
1303 4565 2329 4606 Als sie hört, daß der Liebste Roland sie vergessen hat, verwandelt
1303 4603 2329 4643 sie sich in eine Blume. Ein Schäfer möchte sie heiraten, aber sie will
1304 4642 2329 4682 dem Bräutigam treu bleiben, obwol er sie verlassen. Bis in den Tod
1302 4681 2329 4722 treu und gehorsam ist „der treue Johannes“. Und wie hier kommt es
1304 4719 2329 4762 öfter bis zur Selbstentäußerung und zum Selbstopfer. „Der Königssohn
1303 4758 2329 4801 der sich vor nichts fürchtet“, läßt sich von Teufeln zwicken und quälen,
1303 4797 2329 4839 um eine verzauberte Jungfrau zu erlösen. Das Christenthum hat
1303 4835 2329 4878 mit seinem großen Gedanken auch die Märchen bereichert: die
1302 4875 2269 4915 Idee der Liebe wirkt und das Mitleid kommt zum Ausdrucke.
1382 4921 2329 4963 Die Helden unserer Märchen ziehen ins Leben hinaus,
1304 4960 2328 5002 meist ohne einen Heller in der Tasche zu haben, aber fröhlichen
1304 4999 2328 5039 Herzens und mit einem unerschütterlichen Vertrauen auf ihr Glück.
1305 5037 2328 5079 Die Einen erreichen es durch Kraft, Muth und Unerschrockenheit,
1305 5076 2329 5117 Andere durch Einfalt des Herzens, Andere wieder durch Gewandt¬
1306 5114 2327 5156 heit, List und Klugheit. Ein Junge kennt das Fürchten nicht,
1305 5153 2327 5194 wirft den als Gespenst verkleideten Küster die Treppe hinunter,
2403 193 3357 224 5. Juli 1895
2371 263 3396 307 nimmt die Gehenkten vom Galgen und setzt sie ums Feuer, be¬
2372 302 3394 345 lustigt sich im verwünschten Schlosse mit schwarzen Katzen,
2373 341 3397 384 schwarzen Hunden und halben Männern; legt dann einen eiskalten
2373 379 3400 425 Todten zu sich ins Bett, um ihn zu wärmen, und erringt
2373 417 3399 462 schließlich die Königstochter. Manche haben übermenschliche Kräfte,
2373 456 3399 499 aber sind gutmüthig. Ein Däumling wird an der Brust eines
2374 494 3400 538 Riesen gesäugt und setzt seine Eltern durch Proben seiner Kraft
2375 532 3405 575 in Schrecken. Wie Jung Siegfried thut er Dienste bei einem
2376 571 3401 614 Schmied und schlägt den Ambos tief in die Erde. Ein Fußtritt
2374 610 3400 655 von ihm genügt, seine geizigen Brotherren weit in die Luft zu
2374 648 3400 691 schleudern. Auf andere Weise kommt der „Dummling“ durch die Welt.
2376 686 3400 730 Er ist nicht so mit Gaben ausgestattet wie seine älteren Brüder, aber
2375 725 3400 767 guten und mitleidigen Herzens. Die Thiere, denen er das Leben
2375 763 3401 808 rettet, verhelfen ihm zur königlichen Gemalin. Schlauer und recht
2375 802 3401 846 unverschämt ist der „Bruder Lustig“, aber er gibt sein Letztes her,
2375 840 3401 885 um den als Bettelmann verwandelten Petrus zu speisen. Acht
2375 878 3400 923 Teufel schlägt er todt und darum läßt ihn der neunte nicht in
2375 916 3400 962 die Hölle; Petrus verschießt ihm dem Himmel, bis ihn ein harm¬
2376 955 3401 1002 loser Betrug hineinbringt. Durch Selbstvertrauen, Seelenruhe
2375 994 3401 1040 und maßlose Prahlerei gelangt besonders der Schneider zu An¬
2377 1032 3399 1080 sehen. Er vollführt die größten Heldenthaten, nicht etwa zufällig,
2377 1071 3402 1118 sondern durch gewandte Benützung der Dummheit und Furcht¬
2375 1110 3401 1154 samkeit und steigt so hoch, daß er schließlich Schwiegersohn des
2377 1147 3400 1195 Königs wird. Zahlreich überhaupt finden sich diese Verbindungen
2376 1186 3400 1230 des blauen Blutes mit dem rothen. Handwerker, Soldaten und
2376 1224 3400 1267 Bauern gewinnen Königstöchter, und eine Bauerntochter wird
2377 1263 3401 1306 durch ihre Klugheit Königin. So zeigen uns diese Märchen, wie
2377 1301 3401 1347 ein Jeder auf seine Weise, immer seinen Anlagen und seiner
2376 1340 3401 1380 Individualität folgend, in der Welt vorwärts kommt. Das Leben
2377 1378 3400 1424 wird optimistisch aufgefaßt, und fernab liegen Sorgen und Selbst¬
2375 1417 3401 1464 quälerei. Keine Thränen, keine vergrämten Züge, dagegen fröh¬
2375 1455 3322 1507 liche Mienen und ein lustiges derbes Wort zur rechten Zeit.
2453 1494 3402 1540 Solche Erzählungen müssen unbedingt einen förderlichen Ein¬
2375 1532 3402 1581 fluß auf den kindlichen Leser ausüben. Indessen ist eine ganze
2375 1571 3401 1618 Reihe von Märchen vorhanden, die bedenklich erscheinen mögen,
2374 1609 3401 1656 weil in ihnen Geheimnisse der menschlichen Natur aufgedeckt
2374 1648 3400 1692 werden, die man bisher auch einer reiferen Jugend sorglich ver¬
2374 1687 3401 1731 borgen hat. Eine Frau erhofft ein Kind, sie wird lüstern nach
2373 1725 3400 1769 Rapunzeln, die sie auf einem Beete im Nebengarten erblickt, und
2374 1763 3401 1809 da sie keine bekommen kann, wird sie blaß und elend. Um solches
2374 1802 3401 1847 Verlangen zu erfüllen, wird ihr Mann zum Diebe, aber er muß
2374 1841 3402 1883 das Kind, das geboren wird, der Besitzerin des Gartens, einer
2374 1879 3396 1919 Zauberin, geben. Im „Machandelboom“ werden die neun Monat###
2374 1912 3400 1964 durch die Witterung und die Entwicklung der Natur charakterisirt.
2452 1956 3398 2001 Die Märchen zeigen uns nicht nur die Leidenschaften
2373 1995 3400 2038 in ihrer ganzen vernichtenden und erlösenden Macht und mit
2375 2034 3399 2079 allen Folgen für das Wohl und Wehe der Geschöpfe, sondern sie
2374 2072 3400 2116 lassen uns auch in die Abgründe der menschlichen Natur hinunter¬
2375 2110 3397 2157 blicken. Neid, Haß und Habgier thun eine zeitlang ihre schädi¬
2375 2149 3399 2192 gende Wirkung, schließlich aber erfolgt schwere Strafe und die
2375 2188 3399 2232 Mißhandelten werden erhöht. Ein Jüngling wird durch auf¬
2374 2226 3399 2269 wallende Eifersucht so weit gebracht, daß er dem Bruder den
2374 2265 3398 2310 Kopf abschlägt. „Fitchers Vogel“ erzählt von einem Hexenmeister,
2375 2298 3400 2348 der die Gestalt eines armen Mannes annimmt und die schönen
2375 2342 3397 2388 Mädchen durch bloßes Anrühren fängt. Er bringt sie in sein
2374 2381 3399 2426 Haus mitten im finstern Wald, haut ihnen dort das Haupt ab
2373 2420 3400 2464 und zerhackt ihren Leib. Wie naiv und ergreifend werden
2375 2458 3401 2503 diese Geschichten vorgetragen; es wird nicht getadelt und
2374 2496 3399 2539 nicht gelobt, nicht moralisirt oder eine Lehre aus dem er¬
2374 2535 3400 2579 zählten Fall gezogen. Was heute in dem gerichtlichen Theile der
2374 2574 3399 2620 Zeitungen trocken mitgetheilt wird und die Psychopathiker beschäftigt,
2374 2612 3400 2655 ist, so furchtbar und ausgesucht raffinirt es erscheint, zu allen
2374 2650 3401 2697 Zeiten passirt; solch ein Ereigniß pflanzte sich von Mund zu
2376 2689 3399 2733 Mund fort und ward im Flüsterton weitergetragen, bis ein feiner
2374 2727 3399 2771 und milder Geist, eine Frau vielleicht, verstehend und verzeihend
2374 2766 3399 2811 den Bericht in eine Form kleidet, in der es von nun an bestehen
2375 2805 3400 2850 bleibt. Die Lebenswurzek heilt den Kopf wieder an; ein Mädchen,
2375 2844 3400 2888 das klüger ist als die andern, entgeht den Ränken des Hexen¬
2375 2882 3401 2928 meisters und erweckt die Ermordeten wieder zum Leben; der König
2373 2921 3399 2963 verlangt seine Tochter zum Weibe, weil er der sterbenden Gemalin
2374 2959 3399 3003 versprochen, nach ihrem Tode nur ein Weib zu heiraten, das eben
2375 2997 3398 3041 so schön sei wie sie und eben so goldene Haare habe, und wie er
2376 3030 3401 3082 nach Jahren einmal seine Tochter ansieht, erkennt er, daß sie in
2374 3076 3401 3117 Allem der verstorbenen Königin ähnlich ist. Und wenn in alten
2374 3114 3400 3158 Zeiten die Frauen spinnend am prasselnden Herdfeuer saßen,
2376 3146 3401 3194 Großmutter das Wort nahm, und Knaben und Mädchen mit
2374 3191 3398 3235 glänzenden Augen au ihrem Munde hingen, dann mag die Greisin
2375 3230 3399 3276 auch vom „Machandelboom“ und vom „Allerleirauch“ erzählt
2373 3269 3296 3312 und nicht erst viel ethischen Problemen nachgesonnen haben.
2452 3307 3401 3352 Die moderne Erziehung strebt dahin, die Jugend nicht mehr
2375 3346 3400 3389 von der Wahrheit durch einen dicken, schweren Vorhang zu trennen.
2375 3384 3399 3426 Man will dem Klapperstorch seine Reise nach dem Süden und
2373 3423 3400 3466 seine Vorliebe für Frösche gerne lassen, aber ihn seines Amtes
2375 3462 3399 3505 als Spender der Nachkommenschaft fürder enthoben wissen. Schon
2374 3500 3400 3542 aus diesem Grunde soll man den Kindern die Märchen der Brü¬
2374 3539 3400 3582 der Grimm ruhig anvertrauen, an sie kann der Erzieher an¬
2373 3578 3400 3620 knüpfen, wenn er seine Schützlinge ins Leben leiten will. Und
2372 3616 3399 3658 warum immer Versteckens spielen vor der Seele des Kindes. Sie
2373 3654 3399 3698 ist ein Spiegel, in dem selbst das Unreine rein wieder erscheint:
2373 3693 3400 3739 sind doch die Kinder im Märchen wie im Leben unschuldige Ge¬
2372 3727 3078 3773 schöpfe, denen das Böse nichts anhaben kann.
2450 3764 3359 3817 Berlin. Dr. Ludwig Stettenheim.
2719 3849 3068 3892 Literarische Notiz.
2459 3894 3399 3937 [„Bedeutende Menschen.“ Porträtskizzen, Lebens¬
2371 3929 3398 3969 erinnerungen und Novellen von Elise Polko. Breslau. Schlesische
2373 3964 3398 4006 Buchdruckerei vormals S. Schottlaender. 1895.] Elise Polko wird jetzt
2373 3998 3400 4038 68 Jahre alt. Sie ist viel herumgekommen, hat in ihrer Jugend als
2374 4032 3400 4073 Sängerin viele Menschen mit berühmten Namen kennen gelernt, zu
2374 4066 3410 4108 manchen von ihnen mehr flüchtige als dauernde Beziehungen gewonnen,
2375 4101 3412 4141 und nun verwerthet sie in ihrer nicht so ganz anspruchslosen Weise diese.
2374 4135 3401 4174 Erinnerungen. Ihr Mund ist ein Syruptopf: sie überfließt von Liebe und
2373 4170 3402 4211 Güte und Freude und Bewunderung, und sie vergißt auch an rechter
2373 4204 3400 4245 Stelle sich selbst nicht dabei. Man würde mancher ihrer Anekdotengern
2372 4238 3401 4278 mehr Ohr schenken, wenn man nur sicher wüßte, daß sie nicht blos der
2372 4273 3400 4314 Phantasie der Erzählerin entspringen. Von den „bedeutenden Menschen“
2372 4307 3401 4348 erzählt sie immer nur das Unbedeutende, das Nebenhergehende, wie
2371 4341 3400 4380 eben Frauenzimmer beobachten, welche dem „Bedeutenden“ von vorn¬
2373 4376 3398 4415 herein schon eingenommen gegenübertrete, berauscht schon vom Ab¬
2372 4411 3399 4452 glanz des Ruhmes, und sich viel um die Nebensachen kümmern. Auch
2373 4445 3398 4483 das hat übrigens seine Freunde, wenn auch das Genre etwas ver¬
2372 4479 3401 4521 altet ist; diese werden den flüssigen Syruptext mit Vergnügen genießen.
2399 4564 3374 4628 R. Lechner's k. k. Hof- u. Univ.-Buchh. (Wilh.Müller) l., Graben 31.
2548 4675 3401 4723 Aufträge erbittet sich die Buchhandlung von
2547 4720 3399 4764 Friedrich Beck in Wien, Augustinerstr. 8.
2383 4814 3371 4876 W. Braumüller & Sohn, k. u. k. Hof- u. Univ.-Buchdlg., Wien, Graben.
2509 4924 3398 4953 Hier Besprochenes sowie die einschlägige Fachliteratur, neu und
2371 4946 3396 4983 antiquarisch, bei Bermann & Altmann in Wien, I., Johannesgasse 2.
2382 5011 3387 5049 Herausgeber: Adolph Werthner, Dr. Eduard Bacher, Moriz Benedikt.
2383 5055 3081 5088 Verantwortlicher Redacteur: Karl Felix Kohler.
2383 5098 3200 5138 Drucherei der „Neuen freien Presse“: Reinhold Geyer.
2525 5158 3254 5195 Papier: Pittener Papierfabriks=Actien=Gesellschaft.
1038 193 1305 234 Wien, Samstag
