<?xml version="1.0" encoding="UTF-8"?>
<PcGts xmlns="http://schema.primaresearch.org/PAGE/gts/pagecontent/2013-07-15"
       xmlns:xsi="http://www.w3.org/2001/XMLSchema-instance"
       xsi:schemaLocation="http://schema.primaresearch.org/PAGE/gts/pagecontent/2013-07-15 http://schema.primaresearch.org/PAGE/gts/pagecontent/2013-07-15/pagecontent.xsd">
   <Metadata>
      <Creator>University of Innsbruck</Creator>
      <Created>2018-11-29T10:34:09.008+01:00</Created>
      <LastChange>2019-02-01T11:41:31.512+01:00</LastChange>
      <Comments>
                Measurement unit: pixel
                PrimaryLanguage: German
                Language: GermanStandard
                Producer: https://transkribus.eu/Transkribus/</Comments>
      <TranskribusMetadata docId="126495"
                           pageId="4785076"
                           pageNr="103"
                           tsid="7883408"
                           status="GT"
                           userId="206"
                           imgUrl="https://files.transkribus.eu/Get?id=YFSHCFCMYFZVNVFOBSRQRSFA&amp;fileType=view"
                           xmlUrl="https://files.transkribus.eu/Get?id=IERQZFFXODOAODNSNTCVZCAG"
                           imageId="2199594"/>
   </Metadata>
   <Page imageFilename="ONB_krz_19110701_014.jpg"
         imageWidth="2746"
         imageHeight="3589">
      <PrintSpace>
         <Coords points="136,0 2746,0 2746,3416 136,3416"/>
      </PrintSpace>
      <ReadingOrder>
         <OrderedGroup id="ro_1567004099300" caption="Regions reading order">
            <RegionRefIndexed index="0" regionRef="r_1_1"/>
            <RegionRefIndexed index="1" regionRef="r_1_2"/>
            <RegionRefIndexed index="2" regionRef="r_1_3"/>
            <RegionRefIndexed index="3" regionRef="r_2_1"/>
            <RegionRefIndexed index="4" regionRef="r_3_1"/>
            <RegionRefIndexed index="5" regionRef="r_3_2"/>
            <RegionRefIndexed index="6" regionRef="r_3_3"/>
            <RegionRefIndexed index="7" regionRef="r_4_1"/>
            <RegionRefIndexed index="8" regionRef="r_4_2"/>
            <RegionRefIndexed index="9" regionRef="r_5_1"/>
            <RegionRefIndexed index="10" regionRef="r_6_1"/>
            <RegionRefIndexed index="11" regionRef="r_6_2"/>
            <RegionRefIndexed index="12" regionRef="r_7_1"/>
            <RegionRefIndexed index="13" regionRef="r_7_2"/>
            <RegionRefIndexed index="14" regionRef="r_7_3"/>
            <RegionRefIndexed index="15" regionRef="r_8_1"/>
            <RegionRefIndexed index="16" regionRef="r_8_2"/>
            <RegionRefIndexed index="17" regionRef="r_9_1"/>
            <RegionRefIndexed index="18" regionRef="r_9_2"/>
            <RegionRefIndexed index="19" regionRef="r_9_3"/>
            <RegionRefIndexed index="20" regionRef="r_10_1"/>
            <RegionRefIndexed index="21" regionRef="r_10_2"/>
            <RegionRefIndexed index="22" regionRef="r_11_1"/>
            <RegionRefIndexed index="23" regionRef="r_11_2"/>
            <RegionRefIndexed index="24" regionRef="r_12_1"/>
            <RegionRefIndexed index="25" regionRef="r_13_1"/>
            <RegionRefIndexed index="26" regionRef="r_13_2"/>
            <RegionRefIndexed index="27" regionRef="r_13_3"/>
            <RegionRefIndexed index="28" regionRef="r_14_1"/>
            <RegionRefIndexed index="29" regionRef="r_14_2"/>
            <RegionRefIndexed index="30" regionRef="r_14_3"/>
            <RegionRefIndexed index="31" regionRef="r_15_1"/>
            <RegionRefIndexed index="32" regionRef="r_16_1"/>
            <RegionRefIndexed index="33" regionRef="r_17_1"/>
            <RegionRefIndexed index="34" regionRef="r_18_1"/>
            <RegionRefIndexed index="35" regionRef="r_19_1"/>
            <RegionRefIndexed index="36" regionRef="r_19_2"/>
            <RegionRefIndexed index="37" regionRef="r_19_3"/>
            <RegionRefIndexed index="38" regionRef="r_19_4"/>
            <RegionRefIndexed index="39" regionRef="r_19_5"/>
            <RegionRefIndexed index="40" regionRef="r_19_6"/>
            <RegionRefIndexed index="41" regionRef="r_19_7"/>
            <RegionRefIndexed index="42" regionRef="r_19_8"/>
            <RegionRefIndexed index="43" regionRef="r_19_9"/>
            <RegionRefIndexed index="44" regionRef="r_19_10"/>
            <RegionRefIndexed index="45" regionRef="r_20_1"/>
            <RegionRefIndexed index="46" regionRef="r_20_2"/>
            <RegionRefIndexed index="47" regionRef="r_20_3"/>
            <RegionRefIndexed index="48" regionRef="r_20_4"/>
            <RegionRefIndexed index="49" regionRef="r_20_5"/>
            <RegionRefIndexed index="50" regionRef="r_20_6"/>
            <RegionRefIndexed index="51" regionRef="r_20_7"/>
            <RegionRefIndexed index="52" regionRef="r_20_8"/>
            <RegionRefIndexed index="53" regionRef="r_20_9"/>
            <RegionRefIndexed index="54" regionRef="r_20_10"/>
            <RegionRefIndexed index="55" regionRef="r_20_11"/>
            <RegionRefIndexed index="56" regionRef="r_21_1"/>
            <RegionRefIndexed index="57" regionRef="r_21_2"/>
            <RegionRefIndexed index="58" regionRef="r_21_3"/>
            <RegionRefIndexed index="59" regionRef="r_21_4"/>
            <RegionRefIndexed index="60" regionRef="r_21_5"/>
            <RegionRefIndexed index="61" regionRef="r_21_6"/>
            <RegionRefIndexed index="62" regionRef="r_21_7"/>
            <RegionRefIndexed index="63" regionRef="r_21_8"/>
            <RegionRefIndexed index="64" regionRef="r_21_9"/>
            <RegionRefIndexed index="65" regionRef="r_21_10"/>
            <RegionRefIndexed index="66" regionRef="r_21_11"/>
            <RegionRefIndexed index="67" regionRef="r_22_1"/>
            <RegionRefIndexed index="68" regionRef="r_22_2"/>
            <RegionRefIndexed index="69" regionRef="r_22_3"/>
            <RegionRefIndexed index="70" regionRef="r_22_4"/>
            <RegionRefIndexed index="71" regionRef="r_22_5"/>
            <RegionRefIndexed index="72" regionRef="r_22_6"/>
            <RegionRefIndexed index="73" regionRef="r_22_7"/>
            <RegionRefIndexed index="74" regionRef="r_22_8"/>
            <RegionRefIndexed index="75" regionRef="r_22_9"/>
            <RegionRefIndexed index="76" regionRef="r_22_10"/>
            <RegionRefIndexed index="77" regionRef="r_22_11"/>
            <RegionRefIndexed index="78" regionRef="r_22_12"/>
         </OrderedGroup>
      </ReadingOrder>
      <TextRegion type="paragraph" id="r_1_1" custom="readingOrder {index:0;}">
         <Coords points="231,211 507,211 507,247 231,247"/>
         <TextLine id="tl_1" primaryLanguage="German" custom="readingOrder {index:0;}">
            <Coords points="232,212 506,212 506,246 232,246"/>
            <Baseline points="232,244 350,241 506,241"/>
            <TextEquiv>
               <Unicode>Offene Stellen.</Unicode>
            </TextEquiv>
            <TextStyle fontFamily="Times New Roman" fontSize="8.0" bold="true"/>
         </TextLine>
         <TextEquiv>
            <Unicode>Offene Stellen.</Unicode>
         </TextEquiv>
      </TextRegion>
      <TextRegion type="paragraph" id="r_1_2" custom="readingOrder {index:1;}">
         <Coords points="173,271 581,271 581,327 173,327"/>
         <TextLine id="tl_2" primaryLanguage="German" custom="readingOrder {index:0;}">
            <Coords points="204,272 580,272 580,298 204,298"/>
            <Baseline points="204,295 402,293 409,294 454,292 580,293"/>
            <TextEquiv>
               <Unicode>Ein Lehrjunge wird mit</Unicode>
            </TextEquiv>
            <TextStyle fontFamily="Times New Roman" fontSize="7.0"/>
         </TextLine>
         <TextLine id="tl_3" primaryLanguage="German" custom="readingOrder {index:1;}">
            <Coords points="174,301 580,301 580,326 174,326"/>
            <Baseline points="172,322 292,321 388,321 580,320"/>
            <TextEquiv>
               <Unicode>zweijähriger Lehrzeit und</Unicode>
            </TextEquiv>
            <TextStyle fontFamily="Times New Roman" fontSize="7.0"/>
         </TextLine>
         <TextEquiv>
            <Unicode>Ein Lehrjunge wird mit
zweijähriger Lehrzeit und</Unicode>
         </TextEquiv>
      </TextRegion>
      <TextRegion type="paragraph" id="r_1_3" custom="readingOrder {index:2;}">
         <Coords points="172,326 584,326 584,437 172,437"/>
         <TextLine id="tl_4" primaryLanguage="German" custom="readingOrder {index:0;}">
            <Coords points="173,327 581,327 581,353 173,353"/>
            <Baseline points="173,350 266,349 490,348 581,347"/>
            <TextEquiv>
               <Unicode>vollständiger Verpflegung auf⸗</Unicode>
            </TextEquiv>
            <TextStyle fontFamily="Times New Roman" fontSize="7.0"/>
         </TextLine>
         <TextLine id="tl_5" primaryLanguage="German" custom="readingOrder {index:1;}">
            <Coords points="174,353 581,353 581,382 174,382"/>
            <Baseline points="174,378 306,376 412,377 489,375 582,374"/>
            <TextEquiv>
               <Unicode>genommen. Wien, 5. Bezirk,</Unicode>
            </TextEquiv>
            <TextStyle fontFamily="Times New Roman" fontSize="7.0"/>
         </TextLine>
         <TextLine id="tl_6" primaryLanguage="German" custom="readingOrder {index:2;}">
            <Coords points="173,382 583,382 583,408 173,408"/>
            <Baseline points="174,406 316,403 364,404 582,402"/>
            <TextEquiv>
               <Unicode>Mittersteig 10, Metallschläge⸗</Unicode>
            </TextEquiv>
            <TextStyle fontFamily="Times New Roman" fontSize="7.0"/>
         </TextLine>
         <TextLine id="tl_7" primaryLanguage="German" custom="readingOrder {index:3;}">
            <Coords points="173,411 581,411 581,436 173,436"/>
            <Baseline points="173,432 208,433 275,432 369,431 581,431"/>
            <TextEquiv>
               <Unicode>rei Fr. Paar. 5825</Unicode>
            </TextEquiv>
            <TextStyle fontFamily="Times New Roman" fontSize="7.0"/>
         </TextLine>
         <TextEquiv>
            <Unicode>vollständiger Verpflegung auf⸗
genommen. Wien, 5. Bezirk,
Mittersteig 10, Metallschläge⸗
rei Fr. Paar. 5825</Unicode>
         </TextEquiv>
      </TextRegion>
      <TextRegion type="paragraph" id="r_2_1" custom="readingOrder {index:3;}">
         <Coords points="172,447 584,447 584,610 172,610"/>
         <TextLine id="tl_8" primaryLanguage="German" custom="readingOrder {index:0;}">
            <Coords points="203,448 583,448 583,474 203,474"/>
            <Baseline points="203,467 282,467 417,467 511,467 583,467"/>
            <TextEquiv>
               <Unicode>Junge, kräftige Leute vom</Unicode>
            </TextEquiv>
            <TextStyle fontFamily="Times New Roman" fontSize="7.0"/>
         </TextLine>
         <TextLine id="tl_9" primaryLanguage="German" custom="readingOrder {index:1;}">
            <Coords points="173,474 583,474 583,499 173,499"/>
            <Baseline points="173,496 236,496 246,497 274,494 582,494"/>
            <TextEquiv>
               <Unicode>Lande werden als Taglöhner</Unicode>
            </TextEquiv>
            <TextStyle fontFamily="Times New Roman" fontSize="7.0"/>
         </TextLine>
         <TextLine id="tl_10"
                   primaryLanguage="German"
                   custom="readingOrder {index:2;}">
            <Coords points="173,501 583,501 583,527 173,527"/>
            <Baseline points="172,524 212,524 331,524 413,522 582,521"/>
            <TextEquiv>
               <Unicode>für Wiener Fabrik gesucht.</Unicode>
            </TextEquiv>
            <TextStyle fontFamily="Times New Roman" fontSize="7.0"/>
         </TextLine>
         <TextLine id="tl_11"
                   primaryLanguage="German"
                   custom="readingOrder {index:3;}">
            <Coords points="175,528 580,528 580,554 175,554"/>
            <Baseline points="175,550 255,551 356,549 486,550 522,550 582,548"/>
            <TextEquiv>
               <Unicode>Offerte unter „Fabriks = Ar⸗</Unicode>
            </TextEquiv>
            <TextStyle fontFamily="Times New Roman" fontSize="7.0"/>
         </TextLine>
         <TextLine id="tl_12"
                   primaryLanguage="German"
                   custom="readingOrder {index:4;}">
            <Coords points="173,557 582,557 582,581 173,581"/>
            <Baseline points="173,578 246,579 312,577 388,578 441,578 507,577 582,576"/>
            <TextEquiv>
               <Unicode>beiter Nr. 5831“ an das An⸗</Unicode>
            </TextEquiv>
            <TextStyle fontFamily="Times New Roman" fontSize="7.0"/>
         </TextLine>
         <TextLine id="tl_13"
                   primaryLanguage="German"
                   custom="readingOrder {index:5;}">
            <Coords points="176,584 583,584 583,609 176,609"/>
            <Baseline points="175,605 421,604 583,604"/>
            <TextEquiv>
               <Unicode>kündigungsbureau. 5831</Unicode>
            </TextEquiv>
            <TextStyle fontFamily="Times New Roman" fontSize="7.0"/>
         </TextLine>
         <TextEquiv>
            <Unicode>Junge, kräftige Leute vom
Lande werden als Taglöhner
für Wiener Fabrik gesucht.
Offerte unter „Fabriks = Ar⸗
beiter Nr. 5831“ an das An⸗
kündigungsbureau. 5831</Unicode>
         </TextEquiv>
      </TextRegion>
      <TextRegion type="paragraph" id="r_3_1" custom="readingOrder {index:4;}">
         <Coords points="206,620 584,620 584,645 206,645"/>
         <TextLine id="tl_14"
                   primaryLanguage="German"
                   custom="readingOrder {index:0;}">
            <Coords points="207,621 583,621 583,644 207,644"/>
            <Baseline points="206,642 316,641 418,640 583,641"/>
            <TextEquiv>
               <Unicode>Kartonage - Arbeiterinnen</Unicode>
            </TextEquiv>
            <TextStyle fontFamily="Times New Roman" fontSize="7.0"/>
         </TextLine>
         <TextEquiv>
            <Unicode>Kartonage - Arbeiterinnen</Unicode>
         </TextEquiv>
      </TextRegion>
      <TextRegion type="paragraph" id="r_3_2" custom="readingOrder {index:5;}">
         <Coords points="174,646 583,646 583,730 174,730"/>
         <TextLine id="tl_15"
                   primaryLanguage="German"
                   custom="readingOrder {index:0;}">
            <Coords points="175,647 583,647 583,673 175,673"/>
            <Baseline points="175,669 269,670 333,668 445,668 497,668 582,667"/>
            <TextEquiv>
               <Unicode>werden bei hohem Lohn so⸗</Unicode>
            </TextEquiv>
            <TextStyle fontFamily="Times New Roman" fontSize="7.0"/>
         </TextLine>
         <TextLine id="tl_16"
                   primaryLanguage="German"
                   custom="readingOrder {index:1;}">
            <Coords points="175,675 582,675 582,702 175,702"/>
            <Baseline points="174,697 228,697 428,696 536,695 582,696"/>
            <TextEquiv>
               <Unicode>fort aufgenommen. Pollak, 7.</Unicode>
            </TextEquiv>
            <TextStyle fontFamily="Times New Roman" fontSize="7.0"/>
         </TextLine>
         <TextLine id="tl_17"
                   primaryLanguage="German"
                   custom="readingOrder {index:2;}">
            <Coords points="175,702 510,702 510,729 175,729"/>
            <Baseline points="175,725 254,724 449,724 510,725"/>
            <TextEquiv>
               <Unicode>Bezirk, Neustiftgasse 74.</Unicode>
            </TextEquiv>
            <TextStyle fontFamily="Times New Roman" fontSize="7.0"/>
         </TextLine>
         <TextEquiv>
            <Unicode>werden bei hohem Lohn so⸗
fort aufgenommen. Pollak, 7.
Bezirk, Neustiftgasse 74.</Unicode>
         </TextEquiv>
      </TextRegion>
      <TextRegion type="paragraph" id="r_3_3" custom="readingOrder {index:6;}">
         <Coords points="507,730 583,730 583,753 507,753"/>
         <TextLine id="tl_18"
                   primaryLanguage="German"
                   custom="readingOrder {index:0;}">
            <Coords points="508,731 582,731 582,752 508,752"/>
            <Baseline points="508,751 582,751"/>
            <TextEquiv>
               <Unicode>15262</Unicode>
            </TextEquiv>
            <TextStyle fontFamily="Times New Roman" fontSize="7.0"/>
         </TextLine>
         <TextEquiv>
            <Unicode>15262</Unicode>
         </TextEquiv>
      </TextRegion>
      <TextRegion type="paragraph" id="r_4_1" custom="readingOrder {index:7;}">
         <Coords points="190,766 583,766 583,794 190,794"/>
         <TextLine id="tl_19"
                   primaryLanguage="German"
                   custom="readingOrder {index:0;}">
            <Coords points="191,767 582,767 582,793 191,793"/>
            <Baseline points="189,789 313,788 474,786 583,786"/>
            <TextEquiv>
               <Unicode>Federnschmückerinnen sowie</Unicode>
            </TextEquiv>
            <TextStyle fontFamily="Times New Roman" fontSize="7.0"/>
         </TextLine>
         <TextEquiv>
            <Unicode>Federnschmückerinnen sowie</Unicode>
         </TextEquiv>
      </TextRegion>
      <TextRegion type="paragraph" id="r_4_2" custom="readingOrder {index:8;}">
         <Coords points="160,792 583,792 583,902 160,902"/>
         <TextLine id="tl_20"
                   primaryLanguage="German"
                   custom="readingOrder {index:0;}">
            <Coords points="171,793 582,793 582,820 171,820"/>
            <Baseline points="173,816 333,815 422,815 582,815"/>
            <TextEquiv>
               <Unicode>Hilfsarbeiterinnen werden</Unicode>
            </TextEquiv>
            <TextStyle fontFamily="Times New Roman" fontSize="7.0"/>
         </TextLine>
         <TextLine id="tl_21"
                   primaryLanguage="German"
                   custom="readingOrder {index:1;}">
            <Coords points="176,821 583,821 583,848 176,848"/>
            <Baseline points="176,843 358,842 492,842 584,843"/>
            <TextEquiv>
               <Unicode>aufgenommen. Preifnik, 8.</Unicode>
            </TextEquiv>
            <TextStyle fontFamily="Times New Roman" fontSize="7.0"/>
         </TextLine>
         <TextLine id="tl_22"
                   primaryLanguage="German"
                   custom="readingOrder {index:2;}">
            <Coords points="164,848 581,848 581,876 164,876"/>
            <Baseline points="174,869 198,870 252,871 464,870 525,869 581,870"/>
            <TextEquiv>
               <Unicode>Bezirk, Sanettystraße 3, Ecke</Unicode>
            </TextEquiv>
            <TextStyle fontFamily="Times New Roman" fontSize="7.0"/>
         </TextLine>
         <TextLine id="tl_23"
                   primaryLanguage="German"
                   custom="readingOrder {index:3;}">
            <Coords points="175,877 581,877 581,901 175,901"/>
            <Baseline points="175,898 345,898 581,897"/>
            <TextEquiv>
               <Unicode>Blindengasse. 15278</Unicode>
            </TextEquiv>
            <TextStyle fontFamily="Times New Roman" fontSize="7.0"/>
         </TextLine>
         <TextEquiv>
            <Unicode>Hilfsarbeiterinnen werden
aufgenommen. Preifnik, 8.
Bezirk, Sanettystraße 3, Ecke
Blindengasse. 15278</Unicode>
         </TextEquiv>
      </TextRegion>
      <TextRegion type="paragraph" id="r_5_1" custom="readingOrder {index:9;}">
         <Coords points="173,912 583,912 583,995 173,995"/>
         <TextLine id="tl_24"
                   primaryLanguage="German"
                   custom="readingOrder {index:0;}">
            <Coords points="206,913 583,913 583,938 206,938"/>
            <Baseline points="206,933 258,935 267,935 331,933 581,933"/>
            <TextEquiv>
               <Unicode>Nette Bedienerin für Vor⸗</Unicode>
            </TextEquiv>
            <TextStyle fontFamily="Times New Roman" fontSize="7.0"/>
         </TextLine>
         <TextLine id="tl_25"
                   primaryLanguage="German"
                   custom="readingOrder {index:1;}">
            <Coords points="175,940 581,940 581,966 175,966"/>
            <Baseline points="175,961 258,962 378,960 459,961 508,961 581,962"/>
            <TextEquiv>
               <Unicode>mittag gesucht. Lohn 20 K.</Unicode>
            </TextEquiv>
            <TextStyle fontFamily="Times New Roman" fontSize="7.0"/>
         </TextLine>
         <TextLine id="tl_26"
                   primaryLanguage="German"
                   custom="readingOrder {index:2;}">
            <Coords points="174,968 582,968 582,994 174,994"/>
            <Baseline points="172,988 301,989 361,989 427,989 470,989 582,988"/>
            <TextEquiv>
               <Unicode>Burggasse 84, Tür 2. 15276</Unicode>
            </TextEquiv>
            <TextStyle fontFamily="Times New Roman" fontSize="7.0"/>
         </TextLine>
         <TextEquiv>
            <Unicode>Nette Bedienerin für Vor⸗
mittag gesucht. Lohn 20 K.
Burggasse 84, Tür 2. 15276</Unicode>
         </TextEquiv>
      </TextRegion>
      <TextRegion type="paragraph" id="r_6_1" custom="readingOrder {index:10;}">
         <Coords points="203,1004 582,1004 582,1030 203,1030"/>
         <TextLine id="tl_27"
                   primaryLanguage="German"
                   custom="readingOrder {index:0;}">
            <Coords points="204,1005 581,1005 581,1029 204,1029"/>
            <Baseline points="204,1026 348,1025 447,1024 581,1025"/>
            <TextEquiv>
               <Unicode>Buchdruckerei sucht tüchtige</Unicode>
            </TextEquiv>
            <TextStyle fontFamily="Times New Roman" fontSize="7.0"/>
         </TextLine>
         <TextEquiv>
            <Unicode>Buchdruckerei sucht tüchtige</Unicode>
         </TextEquiv>
      </TextRegion>
      <TextRegion type="paragraph" id="r_6_2" custom="readingOrder {index:11;}">
         <Coords points="172,1030 583,1030 583,1110 172,1110"/>
         <TextLine id="tl_28"
                   primaryLanguage="German"
                   custom="readingOrder {index:0;}">
            <Coords points="176,1031 581,1031 581,1056 176,1056"/>
            <Baseline points="176,1053 313,1053 400,1053 581,1051"/>
            <TextEquiv>
               <Unicode>Einlegerin für Amerikaner.</Unicode>
            </TextEquiv>
            <TextStyle fontFamily="Times New Roman" fontSize="7.0"/>
         </TextLine>
         <TextLine id="tl_29"
                   primaryLanguage="German"
                   custom="readingOrder {index:1;}">
            <Coords points="173,1058 582,1058 582,1085 173,1085"/>
            <Baseline points="173,1080 196,1081 314,1080 582,1080"/>
            <TextEquiv>
               <Unicode>5. Bezirk, Margaretenstraße</Unicode>
            </TextEquiv>
            <TextStyle fontFamily="Times New Roman" fontSize="7.0"/>
         </TextLine>
         <TextLine id="tl_30"
                   primaryLanguage="German"
                   custom="readingOrder {index:2;}">
            <Coords points="175,1086 582,1086 582,1109 175,1109"/>
            <Baseline points="175,1108 251,1107 281,1108 582,1107"/>
            <TextEquiv>
               <Unicode>Nr. 96. 15256</Unicode>
            </TextEquiv>
            <TextStyle fontFamily="Times New Roman" fontSize="7.0"/>
         </TextLine>
         <TextEquiv>
            <Unicode>Einlegerin für Amerikaner.
5. Bezirk, Margaretenstraße
Nr. 96. 15256</Unicode>
         </TextEquiv>
      </TextRegion>
      <TextRegion type="paragraph" id="r_7_1" custom="readingOrder {index:12;}">
         <Coords points="206,1122 582,1122 582,1149 206,1149"/>
         <TextLine id="tl_31"
                   primaryLanguage="German"
                   custom="readingOrder {index:0;}">
            <Coords points="207,1123 581,1123 581,1148 207,1148"/>
            <Baseline points="207,1144 298,1143 491,1144 581,1143"/>
            <TextEquiv>
               <Unicode>Tüchtige Vorrichterin und</Unicode>
            </TextEquiv>
            <TextStyle fontFamily="Times New Roman" fontSize="7.0"/>
         </TextLine>
         <TextEquiv>
            <Unicode>Tüchtige Vorrichterin und</Unicode>
         </TextEquiv>
      </TextRegion>
      <TextRegion type="paragraph" id="r_7_2" custom="readingOrder {index:13;}">
         <Coords points="172,1149 584,1149 584,1261 172,1261"/>
         <TextLine id="tl_32"
                   primaryLanguage="German"
                   custom="readingOrder {index:0;}">
            <Coords points="174,1150 583,1150 583,1175 174,1175"/>
            <Baseline points="174,1173 298,1171 389,1172 584,1169"/>
            <TextEquiv>
               <Unicode>Stepperin auf Stehumleg⸗</Unicode>
            </TextEquiv>
            <TextStyle fontFamily="Times New Roman" fontSize="7.0"/>
         </TextLine>
         <TextLine id="tl_33"
                   primaryLanguage="German"
                   custom="readingOrder {index:1;}">
            <Coords points="173,1177 580,1177 580,1202 173,1202"/>
            <Baseline points="173,1199 258,1198 375,1198 580,1199"/>
            <TextEquiv>
               <Unicode>krägen werden ausgenommen.</Unicode>
            </TextEquiv>
            <TextStyle fontFamily="Times New Roman" fontSize="7.0"/>
         </TextLine>
         <TextLine id="tl_34"
                   primaryLanguage="German"
                   custom="readingOrder {index:2;}">
            <Coords points="176,1204 583,1204 583,1230 176,1230"/>
            <Baseline points="176,1226 221,1225 333,1225 583,1226"/>
            <TextEquiv>
               <Unicode>16. Bezirk, Ottakringerstraße</Unicode>
            </TextEquiv>
            <TextStyle fontFamily="Times New Roman" fontSize="7.0"/>
         </TextLine>
         <TextLine id="tl_35"
                   primaryLanguage="German"
                   custom="readingOrder {index:3;}">
            <Coords points="174,1232 550,1232 550,1260 174,1260"/>
            <Baseline points="173,1253 218,1253 291,1254 337,1254 428,1252 498,1254 549,1255"/>
            <TextEquiv>
               <Unicode>Nr. 208, 1. Stock, Tür 11.</Unicode>
            </TextEquiv>
            <TextStyle fontFamily="Times New Roman" fontSize="7.0"/>
         </TextLine>
         <TextEquiv>
            <Unicode>Stepperin auf Stehumleg⸗
krägen werden ausgenommen.
16. Bezirk, Ottakringerstraße
Nr. 208, 1. Stock, Tür 11.</Unicode>
         </TextEquiv>
      </TextRegion>
      <TextRegion type="paragraph" id="r_7_3" custom="readingOrder {index:14;}">
         <Coords points="478,1259 583,1259 583,1282 478,1282"/>
         <TextLine id="tl_36"
                   primaryLanguage="German"
                   custom="readingOrder {index:0;}">
            <Coords points="479,1260 582,1260 582,1281 479,1281"/>
            <Baseline points="479,1281 498,1281 582,1281"/>
            <TextEquiv>
               <Unicode>B 1132</Unicode>
            </TextEquiv>
            <TextStyle fontFamily="Times New Roman" fontSize="7.0"/>
         </TextLine>
         <TextEquiv>
            <Unicode>B 1132</Unicode>
         </TextEquiv>
      </TextRegion>
      <TextRegion type="paragraph" id="r_8_1" custom="readingOrder {index:15;}">
         <Coords points="228,1329 508,1329 508,1374 228,1374"/>
         <TextLine id="tl_37"
                   primaryLanguage="German"
                   custom="readingOrder {index:0;}">
            <Coords points="230,1330 507,1330 507,1373 230,1373"/>
            <Baseline points="234,1361 333,1359 507,1359"/>
            <TextEquiv>
               <Unicode>Korrespondenz.</Unicode>
            </TextEquiv>
         </TextLine>
         <TextEquiv>
            <Unicode>Korrespondenz.</Unicode>
         </TextEquiv>
      </TextRegion>
      <TextRegion type="paragraph" id="r_8_2" custom="readingOrder {index:16;}">
         <Coords points="155,1390 582,1390 582,1583 155,1583"/>
         <TextLine id="tl_38"
                   primaryLanguage="German"
                   custom="readingOrder {index:0;}">
            <Coords points="204,1391 581,1391 581,1415 204,1415"/>
            <Baseline points="204,1413 233,1415 301,1412 380,1412 445,1412 581,1413"/>
            <TextEquiv>
               <Unicode>R. 176 wird um Nachricht</Unicode>
            </TextEquiv>
            <TextStyle fontFamily="Times New Roman" fontSize="7.0"/>
         </TextLine>
         <TextLine id="tl_39"
                   primaryLanguage="German"
                   custom="readingOrder {index:1;}">
            <Coords points="172,1419 580,1419 580,1444 172,1444"/>
            <Baseline points="172,1440 219,1440 404,1441 465,1440 580,1440"/>
            <TextEquiv>
               <Unicode>und Bekanntgabe der Adresse</Unicode>
            </TextEquiv>
            <TextStyle fontFamily="Times New Roman" fontSize="7.0"/>
         </TextLine>
         <TextLine id="tl_40"
                   primaryLanguage="German"
                   custom="readingOrder {index:2;}">
            <Coords points="174,1446 581,1446 581,1472 174,1472"/>
            <Baseline points="173,1468 268,1467 337,1466 385,1467 440,1467 495,1468 583,1465"/>
            <TextEquiv>
               <Unicode>gebeten von L. F. an de⸗</Unicode>
            </TextEquiv>
            <TextStyle fontFamily="Times New Roman" fontSize="7.0"/>
         </TextLine>
         <TextLine id="tl_41"
                   primaryLanguage="German"
                   custom="readingOrder {index:3;}">
            <Coords points="173,1473 581,1473 581,1499 173,1499"/>
            <Baseline points="173,1494 246,1494 316,1494 432,1494 510,1495 581,1494"/>
            <TextEquiv>
               <Unicode>wußte alte Adresse, bin noch</Unicode>
            </TextEquiv>
            <TextStyle fontFamily="Times New Roman" fontSize="7.0"/>
         </TextLine>
         <TextLine id="tl_42"
                   primaryLanguage="German"
                   custom="readingOrder {index:4;}">
            <Coords points="173,1501 581,1501 581,1527 173,1527"/>
            <Baseline points="173,1523 222,1522 281,1522 332,1523 395,1522 474,1522 582,1521"/>
            <TextEquiv>
               <Unicode>dort. L. F. hat alles geord⸗</Unicode>
            </TextEquiv>
            <TextStyle fontFamily="Times New Roman" fontSize="7.0"/>
         </TextLine>
         <TextLine id="tl_43"
                   primaryLanguage="German"
                   custom="readingOrder {index:5;}">
            <Coords points="172,1528 581,1528 581,1554 172,1554"/>
            <Baseline points="174,1549 212,1550 283,1549 389,1549 455,1549 581,1547"/>
            <TextEquiv>
               <Unicode>net, muß dich dringend</Unicode>
            </TextEquiv>
            <TextStyle fontFamily="Times New Roman" fontSize="7.0"/>
         </TextLine>
         <TextLine id="tl_44"
                   primaryLanguage="German"
                   custom="readingOrder {index:6;}">
            <Coords points="169,1556 581,1556 581,1582 169,1582"/>
            <Baseline points="168,1576 188,1577 285,1577 581,1577"/>
            <TextEquiv>
               <Unicode>sprechen. 15373</Unicode>
            </TextEquiv>
            <TextStyle fontFamily="Times New Roman" fontSize="7.0"/>
         </TextLine>
         <TextEquiv>
            <Unicode>R. 176 wird um Nachricht
und Bekanntgabe der Adresse
gebeten von L. F. an de⸗
wußte alte Adresse, bin noch
dort. L. F. hat alles geord⸗
net, muß dich dringend
sprechen. 15373</Unicode>
         </TextEquiv>
      </TextRegion>
      <TextRegion type="paragraph" id="r_9_1" custom="readingOrder {index:17;}">
         <Coords points="173,1625 568,1625 568,1660 173,1660"/>
         <TextLine id="tl_45"
                   primaryLanguage="German"
                   custom="readingOrder {index:0;}">
            <Coords points="174,1626 567,1626 567,1659 174,1659"/>
            <Baseline points="174,1655 389,1655 567,1656"/>
            <TextEquiv>
               <Unicode>Allgemeiner Verkehr.</Unicode>
            </TextEquiv>
            <TextStyle fontFamily="Times New Roman" fontSize="8.0" bold="true"/>
         </TextLine>
         <TextEquiv>
            <Unicode>Allgemeiner Verkehr.</Unicode>
         </TextEquiv>
      </TextRegion>
      <TextRegion type="paragraph" id="r_9_2" custom="readingOrder {index:18;}">
         <Coords points="202,1685 565,1685 565,1713 202,1713"/>
         <TextLine id="tl_46"
                   primaryLanguage="German"
                   custom="readingOrder {index:0;}">
            <Coords points="203,1686 564,1686 564,1712 203,1712"/>
            <Baseline points="203,1707 407,1706 565,1707"/>
            <TextEquiv>
               <Unicode>Ehrenerklärung. Bedauere,</Unicode>
            </TextEquiv>
            <TextStyle fontFamily="Times New Roman" fontSize="7.0"/>
         </TextLine>
         <TextEquiv>
            <Unicode>Ehrenerklärung. Bedauere,</Unicode>
         </TextEquiv>
      </TextRegion>
      <TextRegion type="paragraph" id="r_9_3" custom="readingOrder {index:19;}">
         <Coords points="169,1712 581,1712 581,2040 169,2040"/>
         <TextLine id="tl_47"
                   primaryLanguage="German"
                   custom="readingOrder {index:0;}">
            <Coords points="173,1713 578,1713 578,1742 173,1742"/>
            <Baseline points="170,1734 250,1734 333,1733 470,1735 578,1735"/>
            <TextEquiv>
               <Unicode>Herrn J. Haltuf, städt.</Unicode>
            </TextEquiv>
            <TextStyle fontFamily="Times New Roman" fontSize="7.0"/>
         </TextLine>
         <TextLine id="tl_48"
                   primaryLanguage="German"
                   custom="readingOrder {index:1;}">
            <Coords points="172,1735 579,1735 579,1767 172,1767"/>
            <Baseline points="169,1760 335,1761 511,1763 579,1762"/>
            <TextEquiv>
               <Unicode>Dienstmann, Lindengasse 42,</Unicode>
            </TextEquiv>
            <TextStyle fontFamily="Times New Roman" fontSize="7.0"/>
         </TextLine>
         <TextLine id="tl_49"
                   primaryLanguage="German"
                   custom="readingOrder {index:2;}">
            <Coords points="173,1768 580,1768 580,1793 173,1793"/>
            <Baseline points="173,1788 260,1789 411,1789 581,1791"/>
            <TextEquiv>
               <Unicode>infolge Mißverständnisse am</Unicode>
            </TextEquiv>
            <TextStyle fontFamily="Times New Roman" fontSize="7.0"/>
         </TextLine>
         <TextLine id="tl_50"
                   primaryLanguage="German"
                   custom="readingOrder {index:3;}">
            <Coords points="173,1795 579,1795 579,1821 173,1821"/>
            <Baseline points="173,1816 213,1816 288,1817 371,1817 460,1816 579,1817"/>
            <TextEquiv>
               <Unicode>26. Mai 1911 beleidigt zu</Unicode>
            </TextEquiv>
            <TextStyle fontFamily="Times New Roman" fontSize="7.0"/>
         </TextLine>
         <TextLine id="tl_51"
                   primaryLanguage="German"
                   custom="readingOrder {index:4;}">
            <Coords points="172,1823 578,1823 578,1850 172,1850"/>
            <Baseline points="170,1844 254,1844 333,1844 441,1845 506,1845 578,1844"/>
            <TextEquiv>
               <Unicode>haben, spreche ihm für den</Unicode>
            </TextEquiv>
            <TextStyle fontFamily="Times New Roman" fontSize="7.0"/>
         </TextLine>
         <TextLine id="tl_52"
                   primaryLanguage="German"
                   custom="readingOrder {index:5;}">
            <Coords points="172,1851 578,1851 578,1875 172,1875"/>
            <Baseline points="170,1872 215,1872 284,1871 341,1872 394,1871 494,1872 578,1872"/>
            <TextEquiv>
               <Unicode>mit mir am 23. Juni 1911</Unicode>
            </TextEquiv>
            <TextStyle fontFamily="Times New Roman" fontSize="7.0"/>
         </TextLine>
         <TextLine id="tl_53"
                   primaryLanguage="German"
                   custom="readingOrder {index:6;}">
            <Coords points="170,1877 578,1877 578,1900 170,1900"/>
            <Baseline points="170,1899 212,1899 305,1899 428,1899 578,1897"/>
            <TextEquiv>
               <Unicode>vor dem Gemeindevermitt⸗</Unicode>
            </TextEquiv>
            <TextStyle fontFamily="Times New Roman" fontSize="7.0"/>
         </TextLine>
         <TextLine id="tl_54"
                   primaryLanguage="German"
                   custom="readingOrder {index:7;}">
            <Coords points="172,1904 580,1904 580,1931 172,1931"/>
            <Baseline points="172,1926 305,1925 486,1926 582,1926"/>
            <TextEquiv>
               <Unicode>lungsamte Fünfhaus ge⸗</Unicode>
            </TextEquiv>
            <TextStyle fontFamily="Times New Roman" fontSize="7.0"/>
         </TextLine>
         <TextLine id="tl_55"
                   primaryLanguage="German"
                   custom="readingOrder {index:8;}">
            <Coords points="170,1932 579,1932 579,1957 170,1957"/>
            <Baseline points="169,1952 307,1953 429,1953 579,1953"/>
            <TextEquiv>
               <Unicode>schlossenen Vergleich meinen</Unicode>
            </TextEquiv>
            <TextStyle fontFamily="Times New Roman" fontSize="7.0"/>
         </TextLine>
         <TextLine id="tl_56"
                   primaryLanguage="German"
                   custom="readingOrder {index:9;}">
            <Coords points="170,1960 579,1960 579,1986 170,1986"/>
            <Baseline points="170,1980 237,1980 318,1981 447,1980 543,1980 579,1982"/>
            <TextEquiv>
               <Unicode>Dank aus. Wien, 1. Juli</Unicode>
            </TextEquiv>
            <TextStyle fontFamily="Times New Roman" fontSize="7.0"/>
         </TextLine>
         <TextLine id="tl_57"
                   primaryLanguage="German"
                   custom="readingOrder {index:10;}">
            <Coords points="172,1986 580,1986 580,2014 172,2014"/>
            <Baseline points="172,2008 240,2008 293,2008 415,2009 580,2007"/>
            <TextEquiv>
               <Unicode>1911, J. Herman, Clementin⸗</Unicode>
            </TextEquiv>
            <TextStyle fontFamily="Times New Roman" fontSize="7.0"/>
         </TextLine>
         <TextLine id="tl_58"
                   primaryLanguage="German"
                   custom="readingOrder {index:11;}">
            <Coords points="171,2015 578,2015 578,2039 171,2039"/>
            <Baseline points="171,2036 281,2035 341,2036 578,2037"/>
            <TextEquiv>
               <Unicode>nengasse 27. 15277</Unicode>
            </TextEquiv>
            <TextStyle fontFamily="Times New Roman" fontSize="7.0"/>
         </TextLine>
         <TextEquiv>
            <Unicode>Herrn J. Haltuf, städt.
Dienstmann, Lindengasse 42,
infolge Mißverständnisse am
26. Mai 1911 beleidigt zu
haben, spreche ihm für den
mit mir am 23. Juni 1911
vor dem Gemeindevermitt⸗
lungsamte Fünfhaus ge⸗
schlossenen Vergleich meinen
Dank aus. Wien, 1. Juli
1911, J. Herman, Clementin⸗
nengasse 27. 15277</Unicode>
         </TextEquiv>
      </TextRegion>
      <TextRegion type="paragraph" id="r_10_1" custom="readingOrder {index:20;}">
         <Coords points="168,2050 579,2050 579,2161 168,2161"/>
         <TextLine id="tl_59"
                   primaryLanguage="German"
                   custom="readingOrder {index:0;}">
            <Coords points="201,2051 578,2051 578,2078 201,2078"/>
            <Baseline points="199,2071 307,2070 405,2072 452,2072 510,2073 518,2074 578,2073"/>
            <TextEquiv>
               <Unicode>Hündin, welche vom 1. bis</Unicode>
            </TextEquiv>
         </TextLine>
         <TextLine id="tl_60"
                   primaryLanguage="German"
                   custom="readingOrder {index:1;}">
            <Coords points="171,2078 578,2078 578,2105 171,2105"/>
            <Baseline points="171,2099 192,2099 273,2098 349,2099 421,2099 516,2099 580,2099"/>
            <TextEquiv>
               <Unicode>6. Juli wirft, als Amme ge⸗</Unicode>
            </TextEquiv>
            <TextStyle fontFamily="Times New Roman" fontSize="7.0"/>
         </TextLine>
         <TextLine id="tl_61"
                   primaryLanguage="German"
                   custom="readingOrder {index:2;}">
            <Coords points="170,2106 577,2106 577,2132 170,2132"/>
            <Baseline points="167,2126 237,2126 312,2125 415,2127 577,2125"/>
            <TextEquiv>
               <Unicode>sucht. 4. Bezirk, Kolschitzky⸗</Unicode>
            </TextEquiv>
            <TextStyle fontFamily="Times New Roman" fontSize="7.0"/>
         </TextLine>
         <TextLine id="tl_62"
                   primaryLanguage="German"
                   custom="readingOrder {index:3;}">
            <Coords points="169,2133 576,2133 576,2160 169,2160"/>
            <Baseline points="168,2154 230,2154 276,2155 318,2156 380,2156 576,2155"/>
            <TextEquiv>
               <Unicode>gasse 1, in der Restauration.</Unicode>
            </TextEquiv>
            <TextStyle fontFamily="Times New Roman" fontSize="7.0"/>
         </TextLine>
         <TextEquiv>
            <Unicode>Hündin, welche vom 1. bis
6. Juli wirft, als Amme ge⸗
sucht. 4. Bezirk, Kolschitzky⸗
gasse 1, in der Restauration.</Unicode>
         </TextEquiv>
      </TextRegion>
      <TextRegion type="paragraph" id="r_10_2" custom="readingOrder {index:21;}">
         <Coords points="502,2162 579,2162 579,2184 502,2184"/>
         <TextLine id="tl_63"
                   primaryLanguage="German"
                   custom="readingOrder {index:0;}">
            <Coords points="503,2163 578,2163 578,2183 503,2183"/>
            <Baseline points="503,2183 578,2183"/>
            <TextEquiv>
               <Unicode>15263</Unicode>
            </TextEquiv>
            <TextStyle fontFamily="Times New Roman" fontSize="7.0"/>
         </TextLine>
         <TextEquiv>
            <Unicode>15263</Unicode>
         </TextEquiv>
      </TextRegion>
      <TextRegion type="paragraph" id="r_11_1" custom="readingOrder {index:22;}">
         <Coords points="210,2196 534,2196 534,2222 210,2222"/>
         <TextLine id="tl_64"
                   primaryLanguage="German"
                   custom="readingOrder {index:0;}">
            <Coords points="211,2197 533,2197 533,2221 211,2221"/>
            <Baseline points="211,2216 397,2216 534,2216"/>
            <TextEquiv>
               <Unicode>Hühneraugen! Warzen!</Unicode>
            </TextEquiv>
            <TextStyle fontFamily="Times New Roman" fontSize="7.0"/>
         </TextLine>
         <TextEquiv>
            <Unicode>Hühneraugen! Warzen!</Unicode>
         </TextEquiv>
      </TextRegion>
      <TextRegion type="paragraph" id="r_11_2" custom="readingOrder {index:23;}">
         <Coords points="163,2221 577,2221 577,2351 163,2351"/>
         <TextLine id="tl_65"
                   primaryLanguage="German"
                   custom="readingOrder {index:0;}">
            <Coords points="167,2222 575,2222 575,2247 167,2247"/>
            <Baseline points="167,2243 266,2242 314,2243 405,2243 481,2243 576,2241"/>
            <TextEquiv>
               <Unicode>entfernt in drei Tagen garan⸗</Unicode>
            </TextEquiv>
            <TextStyle fontFamily="Times New Roman" fontSize="7.0"/>
         </TextLine>
         <TextLine id="tl_66"
                   primaryLanguage="German"
                   custom="readingOrder {index:1;}">
            <Coords points="167,2248 576,2248 576,2273 167,2273"/>
            <Baseline points="167,2268 223,2269 377,2269 576,2268"/>
            <TextEquiv>
               <Unicode>tiert schmerzlos Wurzelvertil⸗</Unicode>
            </TextEquiv>
            <TextStyle fontFamily="Times New Roman" fontSize="7.0"/>
         </TextLine>
         <TextLine id="tl_67"
                   primaryLanguage="German"
                   custom="readingOrder {index:2;}">
            <Coords points="167,2274 575,2274 575,2299 167,2299"/>
            <Baseline points="165,2294 210,2294 346,2294 382,2295 485,2296 520,2296 575,2297"/>
            <TextEquiv>
               <Unicode>ger Niasalbe. 1 Tiegel 1 K.</Unicode>
            </TextEquiv>
            <TextStyle fontFamily="Times New Roman" fontSize="7.0"/>
         </TextLine>
         <TextLine id="tl_68"
                   primaryLanguage="German"
                   custom="readingOrder {index:3;}">
            <Coords points="164,2300 576,2300 576,2325 164,2325"/>
            <Baseline points="164,2321 269,2321 413,2320 576,2321"/>
            <TextEquiv>
               <Unicode>Kemeny, Kaschau, Hauptpost⸗</Unicode>
            </TextEquiv>
            <TextStyle fontFamily="Times New Roman" fontSize="7.0"/>
         </TextLine>
         <TextLine id="tl_69"
                   primaryLanguage="German"
                   custom="readingOrder {index:4;}">
            <Coords points="166,2326 575,2326 575,2350 166,2350"/>
            <Baseline points="163,2347 214,2348 301,2347 420,2347 496,2347 575,2347"/>
            <TextEquiv>
               <Unicode>fach 12/4. Ungarn. B 1119</Unicode>
            </TextEquiv>
            <TextStyle fontFamily="Times New Roman" fontSize="7.0"/>
         </TextLine>
         <TextEquiv>
            <Unicode>entfernt in drei Tagen garan⸗
tiert schmerzlos Wurzelvertil⸗
ger Niasalbe. 1 Tiegel 1 K.
Kemeny, Kaschau, Hauptpost⸗
fach 12/4. Ungarn. B 1119</Unicode>
         </TextEquiv>
      </TextRegion>
      <TextRegion type="paragraph" id="r_12_1" custom="readingOrder {index:24;}">
         <Coords points="162,2362 576,2362 576,2585 162,2585"/>
         <TextLine id="tl_70"
                   primaryLanguage="German"
                   custom="readingOrder {index:0;}">
            <Coords points="196,2363 575,2363 575,2388 196,2388"/>
            <Baseline points="194,2382 238,2382 357,2383 575,2382"/>
            <TextEquiv>
               <Unicode>Spanische Weichsel, feinste,</Unicode>
            </TextEquiv>
         </TextLine>
         <TextLine id="tl_71"
                   primaryLanguage="German"
                   custom="readingOrder {index:1;}">
            <Coords points="166,2389 573,2389 573,2416 166,2416"/>
            <Baseline points="166,2411 323,2410 374,2411 410,2410 514,2409 573,2410"/>
            <TextEquiv>
               <Unicode>großbeerige, 5 Kilo 3 K,</Unicode>
            </TextEquiv>
            <TextStyle fontFamily="Times New Roman" fontSize="7.0"/>
         </TextLine>
         <TextLine id="tl_72"
                   primaryLanguage="German"
                   custom="readingOrder {index:2;}">
            <Coords points="164,2416 574,2416 574,2443 164,2443"/>
            <Baseline points="164,2439 284,2438 487,2436 574,2438"/>
            <TextEquiv>
               <Unicode>Herzkirschen, füße, reiche,</Unicode>
            </TextEquiv>
            <TextStyle fontFamily="Times New Roman" fontSize="7.0"/>
         </TextLine>
         <TextLine id="tl_73"
                   primaryLanguage="German"
                   custom="readingOrder {index:3;}">
            <Coords points="163,2444 572,2444 572,2469 163,2469"/>
            <Baseline points="161,2466 229,2465 310,2465 404,2464 438,2465 486,2465 521,2464 572,2464"/>
            <TextEquiv>
               <Unicode>frisch vom Baum, 2 K 50 h,</Unicode>
            </TextEquiv>
            <TextStyle fontFamily="Times New Roman" fontSize="7.0"/>
         </TextLine>
         <TextLine id="tl_74"
                   primaryLanguage="German"
                   custom="readingOrder {index:4;}">
            <Coords points="164,2470 573,2470 573,2496 164,2496"/>
            <Baseline points="164,2494 262,2493 427,2493 462,2492 513,2492 576,2491"/>
            <TextEquiv>
               <Unicode>allerlei Frühgemüse 2 Klie⸗</Unicode>
            </TextEquiv>
            <TextStyle fontFamily="Times New Roman" fontSize="7.0"/>
         </TextLine>
         <TextLine id="tl_75"
                   primaryLanguage="German"
                   custom="readingOrder {index:5;}">
            <Coords points="164,2498 572,2498 572,2524 164,2524"/>
            <Baseline points="162,2520 209,2520 291,2520 412,2519 572,2517"/>
            <TextEquiv>
               <Unicode>fert Jenö Müller, Weingar⸗</Unicode>
            </TextEquiv>
            <TextStyle fontFamily="Times New Roman" fontSize="7.0"/>
         </TextLine>
         <TextLine id="tl_76"
                   primaryLanguage="German"
                   custom="readingOrder {index:6;}">
            <Coords points="164,2525 572,2525 572,2552 164,2552"/>
            <Baseline points="164,2548 297,2547 495,2546 572,2543"/>
            <TextEquiv>
               <Unicode>tenbesitzer, Kiskunhalas, Un⸗</Unicode>
            </TextEquiv>
            <TextStyle fontFamily="Times New Roman" fontSize="7.0"/>
         </TextLine>
         <TextLine id="tl_77"
                   primaryLanguage="German"
                   custom="readingOrder {index:7;}">
            <Coords points="164,2552 575,2553 575,2584 164,2583"/>
            <Baseline points="168,2576 222,2576 575,2573"/>
            <TextEquiv>
               <Unicode>garn. 1908</Unicode>
            </TextEquiv>
         </TextLine>
         <TextEquiv>
            <Unicode>Spanische Weichsel, feinste,
großbeerige, 5 Kilo 3 K,
Herzkirschen, füße, reiche,
frisch vom Baum, 2 K 50 h,
allerlei Frühgemüse 2 Klie⸗
fert Jenö Müller, Weingar⸗
tenbesitzer, Kiskunhalas, Un⸗
garn. 1908</Unicode>
         </TextEquiv>
      </TextRegion>
      <TextRegion type="paragraph" id="r_13_1" custom="readingOrder {index:25;}">
         <Coords points="199,2588 576,2588 576,2616 199,2616"/>
         <TextLine id="tl_78"
                   primaryLanguage="German"
                   custom="readingOrder {index:0;}">
            <Coords points="200,2589 575,2589 575,2615 200,2615"/>
            <Baseline points="198,2610 401,2610 574,2609"/>
            <TextEquiv>
               <Unicode>Spiegelweichsel, Kirschen,</Unicode>
            </TextEquiv>
            <TextStyle fontFamily="Times New Roman" fontSize="6.5"/>
         </TextLine>
         <TextEquiv>
            <Unicode>Spiegelweichsel, Kirschen,</Unicode>
         </TextEquiv>
      </TextRegion>
      <TextRegion type="paragraph" id="r_13_2" custom="readingOrder {index:26;}">
         <Coords points="155,2615 576,2615 576,2809 155,2809"/>
         <TextLine id="tl_79"
                   primaryLanguage="German"
                   custom="readingOrder {index:0;}">
            <Coords points="165,2616 573,2616 573,2644 165,2644"/>
            <Baseline points="165,2637 233,2638 311,2639 400,2638 571,2637"/>
            <TextEquiv>
               <Unicode>Spiegelweichsel, zum Einsteden.</Unicode>
            </TextEquiv>
            <TextStyle fontFamily="Times New Roman" fontSize="7.0"/>
         </TextLine>
         <TextLine id="tl_80"
                   primaryLanguage="German"
                   custom="readingOrder {index:1;}">
            <Coords points="169,2644 573,2644 573,2669 169,2669"/>
            <Baseline points="169,2666 279,2665 573,2665"/>
            <TextEquiv>
               <Unicode>Marillen. Gewürzbirnen,</Unicode>
            </TextEquiv>
            <TextStyle fontFamily="Times New Roman" fontSize="7.0"/>
         </TextLine>
         <TextLine id="tl_81"
                   primaryLanguage="German"
                   custom="readingOrder {index:2;}">
            <Coords points="165,2671 575,2671 575,2696 165,2696"/>
            <Baseline points="166,2693 182,2692 228,2693 301,2692 365,2693 449,2693 575,2692"/>
            <TextEquiv>
               <Unicode>fünf Kilo K 2.50. Grüne</Unicode>
            </TextEquiv>
            <TextStyle fontFamily="Times New Roman" fontSize="7.0"/>
         </TextLine>
         <TextLine id="tl_82"
                   primaryLanguage="German"
                   custom="readingOrder {index:3;}">
            <Coords points="163,2697 575,2697 575,2725 163,2725"/>
            <Baseline points="168,2719 205,2720 347,2719 475,2720 577,2719"/>
            <TextEquiv>
               <Unicode>Butterfisolen, Kürbis, Kohl,</Unicode>
            </TextEquiv>
            <TextStyle fontFamily="Times New Roman" fontSize="7.0"/>
         </TextLine>
         <TextLine id="tl_83"
                   primaryLanguage="German"
                   custom="readingOrder {index:4;}">
            <Coords points="164,2725 574,2726 574,2754 164,2753"/>
            <Baseline points="165,2746 209,2747 239,2748 398,2746 575,2746"/>
            <TextEquiv>
               <Unicode>Kraut, Zuckererbsen. Gurken,</Unicode>
            </TextEquiv>
            <TextStyle fontFamily="Times New Roman" fontSize="7.0"/>
         </TextLine>
         <TextLine id="tl_84"
                   primaryLanguage="German"
                   custom="readingOrder {index:5;}">
            <Coords points="160,2754 573,2754 573,2779 160,2779"/>
            <Baseline points="163,2774 173,2774 270,2775 320,2774 489,2774 573,2775"/>
            <TextEquiv>
               <Unicode>Paprika 2 Kronen liefert</Unicode>
            </TextEquiv>
            <TextStyle fontFamily="Times New Roman" fontSize="7.0"/>
         </TextLine>
         <TextLine id="tl_85"
                   primaryLanguage="German"
                   custom="readingOrder {index:6;}">
            <Coords points="161,2780 542,2780 542,2808 161,2808"/>
            <Baseline points="164,2802 185,2802 256,2802 401,2801 542,2802"/>
            <TextEquiv>
               <Unicode>Sugar, Csongrad, Ungarn.</Unicode>
            </TextEquiv>
            <TextStyle fontFamily="Times New Roman" fontSize="7.0"/>
         </TextLine>
         <TextEquiv>
            <Unicode>Spiegelweichsel, zum Einsteden.
Marillen. Gewürzbirnen,
fünf Kilo K 2.50. Grüne
Butterfisolen, Kürbis, Kohl,
Kraut, Zuckererbsen. Gurken,
Paprika 2 Kronen liefert
Sugar, Csongrad, Ungarn.</Unicode>
         </TextEquiv>
      </TextRegion>
      <TextRegion type="paragraph" id="r_13_3" custom="readingOrder {index:27;}">
         <Coords points="512,2807 575,2807 575,2830 512,2830"/>
         <TextLine id="tl_86"
                   primaryLanguage="German"
                   custom="readingOrder {index:0;}">
            <Coords points="513,2808 574,2808 574,2829 513,2829"/>
            <Baseline points="513,2829 574,2828"/>
            <TextEquiv>
               <Unicode>1919</Unicode>
            </TextEquiv>
            <TextStyle fontFamily="Times New Roman" fontSize="7.0"/>
         </TextLine>
         <TextEquiv>
            <Unicode>1919</Unicode>
         </TextEquiv>
      </TextRegion>
      <TextRegion type="paragraph" id="r_14_1" custom="readingOrder {index:28;}">
         <Coords points="199,2844 574,2844 574,2870 199,2870"/>
         <TextLine id="tl_87"
                   primaryLanguage="German"
                   custom="readingOrder {index:0;}">
            <Coords points="200,2845 573,2845 573,2869 200,2869"/>
            <Baseline points="199,2866 367,2865 439,2865 573,2865"/>
            <TextEquiv>
               <Unicode>Elektromotore mit geringem</Unicode>
            </TextEquiv>
            <TextStyle fontFamily="Times New Roman" fontSize="7.0"/>
         </TextLine>
         <TextEquiv>
            <Unicode>Elektromotore mit geringem</Unicode>
         </TextEquiv>
      </TextRegion>
      <TextRegion type="paragraph" id="r_14_2" custom="readingOrder {index:29;}">
         <Coords points="165,2871 575,2871 575,2980 165,2980"/>
         <TextLine id="tl_88"
                   primaryLanguage="German"
                   custom="readingOrder {index:0;}">
            <Coords points="166,2872 573,2872 573,2898 166,2898"/>
            <Baseline points="166,2893 374,2892 495,2892 574,2892"/>
            <TextEquiv>
               <Unicode>Stromverbrauch billigst, auch</Unicode>
            </TextEquiv>
            <TextStyle fontFamily="Times New Roman" fontSize="7.0"/>
         </TextLine>
         <TextLine id="tl_89"
                   primaryLanguage="German"
                   custom="readingOrder {index:1;}">
            <Coords points="170,2899 574,2899 574,2924 170,2924"/>
            <Baseline points="170,2920 283,2919 487,2920 575,2919"/>
            <TextEquiv>
               <Unicode>leihweise. Brigittenauer elek⸗</Unicode>
            </TextEquiv>
            <TextStyle fontFamily="Times New Roman" fontSize="7.0"/>
         </TextLine>
         <TextLine id="tl_90"
                   primaryLanguage="German"
                   custom="readingOrder {index:2;}">
            <Coords points="169,2926 573,2926 573,2952 169,2952"/>
            <Baseline points="169,2948 298,2946 412,2947 490,2947 574,2947"/>
            <TextEquiv>
               <Unicode>trotechnische Fabrik, 20. Bez.,</Unicode>
            </TextEquiv>
            <TextStyle fontFamily="Times New Roman" fontSize="7.0"/>
         </TextLine>
         <TextLine id="tl_91"
                   primaryLanguage="German"
                   custom="readingOrder {index:3;}">
            <Coords points="168,2953 574,2953 574,2979 168,2979"/>
            <Baseline points="168,2976 320,2974 383,2975 457,2976 574,2974"/>
            <TextEquiv>
               <Unicode>Wintergasse 18. Tel. 14.594.</Unicode>
            </TextEquiv>
            <TextStyle fontFamily="Times New Roman" fontSize="7.0"/>
         </TextLine>
         <TextEquiv>
            <Unicode>Stromverbrauch billigst, auch
leihweise. Brigittenauer elek⸗
trotechnische Fabrik, 20. Bez.,
Wintergasse 18. Tel. 14.594.</Unicode>
         </TextEquiv>
      </TextRegion>
      <TextRegion type="paragraph" id="r_14_3" custom="readingOrder {index:30;}">
         <Coords points="497,2981 574,2981 574,3003 497,3003"/>
         <TextLine id="tl_92"
                   primaryLanguage="German"
                   custom="readingOrder {index:0;}">
            <Coords points="498,2982 573,2982 573,3002 498,3002"/>
            <Baseline points="498,3002 573,3001"/>
            <TextEquiv>
               <Unicode>14916</Unicode>
            </TextEquiv>
            <TextStyle fontFamily="Times New Roman" fontSize="7.0"/>
         </TextLine>
         <TextEquiv>
            <Unicode>14916</Unicode>
         </TextEquiv>
      </TextRegion>
      <TextRegion type="paragraph" id="r_15_1" custom="readingOrder {index:31;}">
         <Coords points="154,3017 574,3017 574,3400 154,3400"/>
         <TextLine id="tl_93"
                   primaryLanguage="German"
                   custom="readingOrder {index:0;}">
            <Coords points="199,3018 572,3018 572,3042 199,3042"/>
            <Baseline points="199,3039 312,3037 458,3037 572,3039"/>
            <TextEquiv>
               <Unicode>Achtung! Telephon 11147!</Unicode>
            </TextEquiv>
            <TextStyle fontFamily="Times New Roman" fontSize="7.0"/>
         </TextLine>
         <TextLine id="tl_94"
                   primaryLanguage="German"
                   custom="readingOrder {index:1;}">
            <Coords points="167,3044 572,3044 572,3070 167,3070"/>
            <Baseline points="167,3068 220,3064 317,3065 328,3063 572,3065"/>
            <TextEquiv>
               <Unicode>Nur von Höchsten Herrschaften</Unicode>
            </TextEquiv>
            <TextStyle fontFamily="Times New Roman" fontSize="7.0"/>
         </TextLine>
         <TextLine id="tl_95"
                   primaryLanguage="German"
                   custom="readingOrder {index:2;}">
            <Coords points="167,3071 573,3071 573,3101 167,3101"/>
            <Baseline points="167,3094 287,3093 486,3091 575,3091"/>
            <TextEquiv>
               <Unicode>abgelegte Damenkleider, letzt⸗</Unicode>
            </TextEquiv>
            <TextStyle fontFamily="Times New Roman" fontSize="7.0"/>
         </TextLine>
         <TextLine id="tl_96"
                   primaryLanguage="German"
                   custom="readingOrder {index:3;}">
            <Coords points="165,3098 572,3098 572,3123 165,3123"/>
            <Baseline points="165,3122 276,3120 572,3119"/>
            <TextEquiv>
               <Unicode>moderne Prinzeßtoiletten,</Unicode>
            </TextEquiv>
            <TextStyle fontFamily="Times New Roman" fontSize="7.0"/>
         </TextLine>
         <TextLine id="tl_97"
                   primaryLanguage="German"
                   custom="readingOrder {index:4;}">
            <Coords points="165,3124 572,3124 572,3152 165,3152"/>
            <Baseline points="164,3147 276,3148 447,3146 571,3146"/>
            <TextEquiv>
               <Unicode>Straßen= und Leinenkostüme,</Unicode>
            </TextEquiv>
            <TextStyle fontFamily="Times New Roman" fontSize="7.0"/>
         </TextLine>
         <TextLine id="tl_98"
                   primaryLanguage="German"
                   custom="readingOrder {index:5;}">
            <Coords points="165,3152 572,3152 572,3179 165,3179"/>
            <Baseline points="165,3179 250,3176 349,3176 571,3174"/>
            <TextEquiv>
               <Unicode>Leinen= und Batistkleider,</Unicode>
            </TextEquiv>
            <TextStyle fontFamily="Times New Roman" fontSize="7.0"/>
         </TextLine>
         <TextLine id="tl_99"
                   primaryLanguage="German"
                   custom="readingOrder {index:6;}">
            <Coords points="164,3179 572,3179 572,3208 164,3208"/>
            <Baseline points="164,3205 418,3201 573,3200"/>
            <TextEquiv>
               <Unicode>Lüstermäntel, Abendkleider,</Unicode>
            </TextEquiv>
            <TextStyle fontFamily="Times New Roman" fontSize="7.0"/>
         </TextLine>
         <TextLine id="tl_100"
                   primaryLanguage="German"
                   custom="readingOrder {index:7;}">
            <Coords points="155,3207 570,3207 570,3233 155,3233"/>
            <Baseline points="154,3231 267,3230 345,3229 571,3226"/>
            <TextEquiv>
               <Unicode>Bühnen= und Varietetoiletten,</Unicode>
            </TextEquiv>
            <TextStyle fontFamily="Times New Roman" fontSize="7.0"/>
         </TextLine>
         <TextLine id="tl_101"
                   primaryLanguage="German"
                   custom="readingOrder {index:8;}">
            <Coords points="157,3232 571,3232 571,3260 157,3260"/>
            <Baseline points="158,3258 267,3257 425,3255 571,3254"/>
            <TextEquiv>
               <Unicode>Mäntel, Schuhe, Schoßen,</Unicode>
            </TextEquiv>
            <TextStyle fontFamily="Times New Roman" fontSize="7.0"/>
         </TextLine>
         <TextLine id="tl_102"
                   primaryLanguage="German"
                   custom="readingOrder {index:9;}">
            <Coords points="157,3261 572,3261 572,3288 157,3288"/>
            <Baseline points="158,3283 226,3284 323,3284 451,3282 572,3281"/>
            <TextEquiv>
               <Unicode>Hüte, Jacken, Blusen, alles</Unicode>
            </TextEquiv>
            <TextStyle fontFamily="Times New Roman" fontSize="7.0"/>
         </TextLine>
         <TextLine id="tl_103"
                   primaryLanguage="German"
                   custom="readingOrder {index:10;}">
            <Coords points="162,3288 571,3288 571,3316 162,3316"/>
            <Baseline points="159,3313 219,3312 256,3312 410,3310 511,3309 571,3309"/>
            <TextEquiv>
               <Unicode>zu den billigsten Preisen nur</Unicode>
            </TextEquiv>
            <TextStyle fontFamily="Times New Roman" fontSize="7.0"/>
         </TextLine>
         <TextLine id="tl_104"
                   primaryLanguage="German"
                   custom="readingOrder {index:11;}">
            <Coords points="162,3316 570,3316 570,3343 162,3343"/>
            <Baseline points="162,3340 199,3340 287,3339 366,3339 458,3338 506,3337 569,3337"/>
            <TextEquiv>
               <Unicode>bei Frau Ella Kretz, 7. Be⸗</Unicode>
            </TextEquiv>
            <TextStyle fontFamily="Times New Roman" fontSize="7.0"/>
         </TextLine>
         <TextLine id="tl_105"
                   primaryLanguage="German"
                   custom="readingOrder {index:12;}">
            <Coords points="162,3343 570,3343 570,3369 162,3369"/>
            <Baseline points="161,3366 256,3365 368,3365 439,3367 521,3364 571,3363"/>
            <TextEquiv>
               <Unicode>zirk, Halbgasse 11, Tür 4,</Unicode>
            </TextEquiv>
            <TextStyle fontFamily="Times New Roman" fontSize="7.0"/>
         </TextLine>
         <TextLine id="tl_106"
                   primaryLanguage="German"
                   custom="readingOrder {index:13;}">
            <Coords points="163,3371 572,3371 572,3399 163,3399"/>
            <Baseline points="162,3396 215,3396 363,3394 572,3393"/>
            <TextEquiv>
               <Unicode>Ecke Vurgasse 15041</Unicode>
            </TextEquiv>
            <TextStyle fontFamily="Times New Roman" fontSize="7.0"/>
         </TextLine>
         <TextEquiv>
            <Unicode>Achtung! Telephon 11147!
Nur von Höchsten Herrschaften
abgelegte Damenkleider, letzt⸗
moderne Prinzeßtoiletten,
Straßen= und Leinenkostüme,
Leinen= und Batistkleider,
Lüstermäntel, Abendkleider,
Bühnen= und Varietetoiletten,
Mäntel, Schuhe, Schoßen,
Hüte, Jacken, Blusen, alles
zu den billigsten Preisen nur
bei Frau Ella Kretz, 7. Be⸗
zirk, Halbgasse 11, Tür 4,
Ecke Vurgasse 15041</Unicode>
         </TextEquiv>
      </TextRegion>
      <TextRegion type="paragraph" id="r_16_1" custom="readingOrder {index:32;}">
         <Coords points="648,173 1005,173 1005,209 648,209"/>
         <TextLine id="tl_107"
                   primaryLanguage="German"
                   custom="readingOrder {index:0;}">
            <Coords points="649,174 1004,174 1004,208 649,208"/>
            <Baseline points="649,206 737,206 814,207 887,206 1004,206"/>
            <TextEquiv>
               <Unicode>Seite 14. Nr. 4130.</Unicode>
            </TextEquiv>
            <TextStyle fontFamily="Times New Roman" fontSize="9.5" bold="true"/>
         </TextLine>
         <TextEquiv>
            <Unicode>Seite 14. Nr. 4130.</Unicode>
         </TextEquiv>
      </TextRegion>
      <TextRegion type="paragraph" id="r_17_1" custom="readingOrder {index:33;}">
         <Coords points="1366,175 1878,175 1878,220 1366,220"/>
         <TextLine id="tl_108"
                   primaryLanguage="German"
                   custom="readingOrder {index:0;}">
            <Coords points="1367,176 1877,176 1877,219 1367,219"/>
            <Baseline points="1364,205 1474,208 1877,209"/>
            <TextEquiv>
               <Unicode>Illustrierte Kronen=Zeitung.</Unicode>
            </TextEquiv>
            <TextStyle fontFamily="Times New Roman" fontSize="9.0"/>
         </TextLine>
         <TextEquiv>
            <Unicode>Illustrierte Kronen=Zeitung.</Unicode>
         </TextEquiv>
      </TextRegion>
      <TextRegion type="paragraph" id="r_18_1" custom="readingOrder {index:34;}">
         <Coords points="2375,180 2638,180 2638,221 2375,221"/>
         <TextLine id="tl_109"
                   primaryLanguage="German"
                   custom="readingOrder {index:0;}">
            <Coords points="2376,181 2637,181 2637,220 2376,220"/>
            <Baseline points="2376,214 2412,215 2473,214 2637,215"/>
            <TextEquiv>
               <Unicode>1. Juli 1911.</Unicode>
            </TextEquiv>
            <TextStyle fontFamily="Times New Roman" fontSize="9.0"/>
         </TextLine>
         <TextEquiv>
            <Unicode>1. Juli 1911.</Unicode>
         </TextEquiv>
      </TextRegion>
      <TextRegion type="paragraph" id="r_19_1" custom="readingOrder {index:35;}">
         <Coords points="610,247 1618,247 1618,377 610,377"/>
         <TextLine id="tl_110"
                   primaryLanguage="German"
                   custom="readingOrder {index:0;}">
            <Coords points="694,248 1617,248 1617,286 694,286"/>
            <Baseline points="693,278 795,278 872,279 995,278 1008,280 1056,277 1243,280 1550,280 1618,279"/>
            <TextEquiv>
               <Unicode>„Noch bin ich der Besitzer des Todesdiamanten —</Unicode>
            </TextEquiv>
            <TextStyle fontFamily="Times New Roman" fontSize="9.0"/>
         </TextLine>
         <TextLine id="tl_111"
                   primaryLanguage="German"
                   custom="readingOrder {index:1;}">
            <Coords points="611,292 1611,292 1611,332 611,332"/>
            <Baseline points="610,323 718,323 798,324 882,324 1013,323 1143,325 1220,324 1279,326 1346,325 1454,325 1524,325 1610,325"/>
            <TextEquiv>
               <Unicode>folglich muß ich früher sterben, als es im Bliche der Be⸗</Unicode>
            </TextEquiv>
            <TextStyle fontFamily="Times New Roman" fontSize="9.0"/>
         </TextLine>
         <TextLine id="tl_112"
                   primaryLanguage="German"
                   custom="readingOrder {index:2;}">
            <Coords points="611,336 1201,333 1201,373 611,376"/>
            <Baseline points="609,366 780,366 999,369 1019,371 1171,368 1196,368"/>
            <TextEquiv>
               <Unicode>stimmung vorgeschrieben stand!!“</Unicode>
            </TextEquiv>
            <TextStyle fontFamily="Times New Roman" fontSize="9.0"/>
         </TextLine>
         <TextEquiv>
            <Unicode>„Noch bin ich der Besitzer des Todesdiamanten —
folglich muß ich früher sterben, als es im Bliche der Be⸗
stimmung vorgeschrieben stand!!“</Unicode>
         </TextEquiv>
      </TextRegion>
      <TextRegion type="paragraph" id="r_19_2" custom="readingOrder {index:36;}">
         <Coords points="611,380 1617,380 1617,510 611,510"/>
         <TextLine id="tl_113"
                   primaryLanguage="German"
                   custom="readingOrder {index:0;}">
            <Coords points="692,381 1616,381 1616,422 692,422"/>
            <Baseline points="691,413 860,413 951,414 1055,414 1166,414 1262,414 1450,414 1539,414 1616,415"/>
            <TextEquiv>
               <Unicode>Almansor kam nicht mehr zum Vorschein und die</Unicode>
            </TextEquiv>
            <TextStyle fontFamily="Times New Roman" fontSize="9.0"/>
         </TextLine>
         <TextLine id="tl_114"
                   primaryLanguage="German"
                   custom="readingOrder {index:1;}">
            <Coords points="614,426 1615,426 1615,467 614,467"/>
            <Baseline points="614,457 719,457 878,458 1039,457 1116,459 1277,459 1373,459 1490,458 1617,457"/>
            <TextEquiv>
               <Unicode>beiden Schiffer brachten ihr Fahrzeug nach dem Hafen</Unicode>
            </TextEquiv>
            <TextStyle fontFamily="Times New Roman" fontSize="9.0"/>
         </TextLine>
         <TextLine id="tl_115"
                   primaryLanguage="German"
                   custom="readingOrder {index:2;}">
            <Coords points="612,471 848,471 848,509 612,509"/>
            <Baseline points="612,502 673,503 848,503"/>
            <TextEquiv>
               <Unicode>von Dschidda.</Unicode>
            </TextEquiv>
            <TextStyle fontFamily="Times New Roman" fontSize="9.0"/>
         </TextLine>
         <TextEquiv>
            <Unicode>Almansor kam nicht mehr zum Vorschein und die
beiden Schiffer brachten ihr Fahrzeug nach dem Hafen
von Dschidda.</Unicode>
         </TextEquiv>
      </TextRegion>
      <TextRegion type="paragraph" id="r_19_3" custom="readingOrder {index:37;}">
         <Coords points="612,515 1617,515 1617,690 612,690"/>
         <TextLine id="tl_116"
                   primaryLanguage="German"
                   custom="readingOrder {index:0;}">
            <Coords points="692,516 1616,516 1616,556 692,556"/>
            <Baseline points="692,548 801,547 947,549 1053,548 1078,551 1123,548 1349,549 1536,547 1618,548"/>
            <TextEquiv>
               <Unicode>Dort erzählten sie mit gut gespieltem Schrecken, daß</Unicode>
            </TextEquiv>
            <TextStyle fontFamily="Times New Roman" fontSize="9.0"/>
         </TextLine>
         <TextLine id="tl_117"
                   primaryLanguage="German"
                   custom="readingOrder {index:1;}">
            <Coords points="614,561 1614,561 1614,600 614,600"/>
            <Baseline points="614,592 660,592 735,591 846,594 917,593 1068,593 1199,594 1316,593 1402,593 1487,594 1614,592"/>
            <TextEquiv>
               <Unicode>bei der Insel ein Unglück geschehen und der alte Mann</Unicode>
            </TextEquiv>
            <TextStyle fontFamily="Times New Roman" fontSize="9.0"/>
         </TextLine>
         <TextLine id="tl_118"
                   primaryLanguage="German"
                   custom="readingOrder {index:2;}">
            <Coords points="616,606 1614,606 1614,645 616,645"/>
            <Baseline points="616,637 647,637 729,636 842,638 929,638 1064,636 1148,638 1335,638 1444,638 1500,638 1614,639"/>
            <TextEquiv>
               <Unicode>in das Meer gefallen sei. Die Brandung habe es ihnen</Unicode>
            </TextEquiv>
            <TextStyle fontFamily="Times New Roman" fontSize="9.0"/>
         </TextLine>
         <TextLine id="tl_119"
                   primaryLanguage="German"
                   custom="readingOrder {index:3;}">
            <Coords points="613,649 1455,649 1455,689 613,689"/>
            <Baseline points="612,680 787,680 936,681 1023,682 1270,682 1325,682 1455,682"/>
            <TextEquiv>
               <Unicode>unmöglich gemacht, den Ertrinkenden zu retten.</Unicode>
            </TextEquiv>
            <TextStyle fontFamily="Times New Roman" fontSize="9.0"/>
         </TextLine>
         <TextEquiv>
            <Unicode>Dort erzählten sie mit gut gespieltem Schrecken, daß
bei der Insel ein Unglück geschehen und der alte Mann
in das Meer gefallen sei. Die Brandung habe es ihnen
unmöglich gemacht, den Ertrinkenden zu retten.</Unicode>
         </TextEquiv>
      </TextRegion>
      <TextRegion type="paragraph" id="r_19_4" custom="readingOrder {index:38;}">
         <Coords points="611,693 1617,693 1617,780 611,780"/>
         <TextLine id="tl_120"
                   primaryLanguage="German"
                   custom="readingOrder {index:0;}">
            <Coords points="693,694 1616,694 1616,734 693,734"/>
            <Baseline points="692,725 766,725 820,726 937,727 987,727 1147,727 1311,727 1437,726 1530,728 1616,728"/>
            <TextEquiv>
               <Unicode>Und die Leute in Dschidda glaubten ihnen, denn Alle</Unicode>
            </TextEquiv>
            <TextStyle fontFamily="Times New Roman" fontSize="9.0"/>
         </TextLine>
         <TextLine id="tl_121"
                   primaryLanguage="German"
                   custom="readingOrder {index:1;}">
            <Coords points="612,740 1401,740 1401,779 612,779"/>
            <Baseline points="612,771 745,772 817,772 1073,773 1189,771 1401,773"/>
            <TextEquiv>
               <Unicode>kannten die Gefährlichkeit dieser Brandung.</Unicode>
            </TextEquiv>
            <TextStyle fontFamily="Times New Roman" fontSize="9.0"/>
         </TextLine>
         <TextEquiv>
            <Unicode>Und die Leute in Dschidda glaubten ihnen, denn Alle
kannten die Gefährlichkeit dieser Brandung.</Unicode>
         </TextEquiv>
      </TextRegion>
      <TextRegion type="paragraph" id="r_19_5" custom="readingOrder {index:39;}">
         <Coords points="612,799 1624,799 1624,931 612,931"/>
         <TextLine id="tl_122"
                   primaryLanguage="German"
                   custom="readingOrder {index:0;}">
            <Coords points="693,800 1623,800 1623,841 693,841"/>
            <Baseline points="691,834 768,832 944,834 1098,834 1277,833 1371,833 1423,834 1494,833 1624,830"/>
            <TextEquiv>
               <Unicode>Der Armenier Fandusi gebärdete sich wie ein Rasen⸗</Unicode>
            </TextEquiv>
            <TextStyle fontFamily="Times New Roman" fontSize="9.0"/>
         </TextLine>
         <TextLine id="tl_123"
                   primaryLanguage="German"
                   custom="readingOrder {index:1;}">
            <Coords points="613,846 1611,846 1611,886 613,886"/>
            <Baseline points="613,877 666,880 752,878 914,879 1059,878 1129,879 1233,879 1424,878 1509,878 1611,877"/>
            <TextEquiv>
               <Unicode>der und erzählte überall, daß ihm Almansor viel Geld</Unicode>
            </TextEquiv>
            <TextStyle fontFamily="Times New Roman" fontSize="9.0"/>
         </TextLine>
         <TextLine id="tl_124"
                   primaryLanguage="German"
                   custom="readingOrder {index:2;}">
            <Coords points="613,892 1572,892 1572,930 613,930"/>
            <Baseline points="609,922 726,922 796,923 890,924 942,924 1028,924 1194,923 1260,924 1465,923 1571,921"/>
            <TextEquiv>
               <Unicode>schuldig sei, das er nun als verloren betrachten müsse.</Unicode>
            </TextEquiv>
            <TextStyle fontFamily="Times New Roman" fontSize="9.0"/>
         </TextLine>
         <TextEquiv>
            <Unicode>Der Armenier Fandusi gebärdete sich wie ein Rasen⸗
der und erzählte überall, daß ihm Almansor viel Geld
schuldig sei, das er nun als verloren betrachten müsse.</Unicode>
         </TextEquiv>
      </TextRegion>
      <TextRegion type="paragraph" id="r_19_6" custom="readingOrder {index:40;}">
         <Coords points="611,935 1615,935 1615,1067 611,1067"/>
         <TextLine id="tl_125"
                   primaryLanguage="German"
                   custom="readingOrder {index:0;}">
            <Coords points="692,936 1614,936 1614,977 692,977"/>
            <Baseline points="692,969 735,968 823,968 920,967 972,969 1103,969 1182,968 1280,970 1319,968 1477,967 1615,965"/>
            <TextEquiv>
               <Unicode>Er ging auf den großen Platz voll Dschidda und weh⸗</Unicode>
            </TextEquiv>
            <TextStyle fontFamily="Times New Roman" fontSize="9.0"/>
         </TextLine>
         <TextLine id="tl_126"
                   primaryLanguage="German"
                   custom="readingOrder {index:1;}">
            <Coords points="612,982 1613,982 1613,1020 612,1020"/>
            <Baseline points="612,1013 764,1013 776,1014 875,1014 996,1013 1094,1012 1155,1013 1240,1012 1349,1015 1496,1012 1613,1012"/>
            <TextEquiv>
               <Unicode>klagte vor dem Kadi, der dort auf einem Teppich unter</Unicode>
            </TextEquiv>
            <TextStyle fontFamily="Times New Roman" fontSize="9.0"/>
         </TextLine>
         <TextLine id="tl_127"
                   primaryLanguage="German"
                   custom="readingOrder {index:2;}">
            <Coords points="612,1026 1421,1026 1421,1066 612,1066"/>
            <Baseline points="612,1057 681,1058 694,1062 719,1061 763,1058 1235,1056 1258,1060 1316,1058 1421,1057"/>
            <TextEquiv>
               <Unicode>freiem Himmel saß, um Gerechtigkeit zu üben.</Unicode>
            </TextEquiv>
            <TextStyle fontFamily="Times New Roman" fontSize="9.0"/>
         </TextLine>
         <TextEquiv>
            <Unicode>Er ging auf den großen Platz voll Dschidda und weh⸗
klagte vor dem Kadi, der dort auf einem Teppich unter
freiem Himmel saß, um Gerechtigkeit zu üben.</Unicode>
         </TextEquiv>
      </TextRegion>
      <TextRegion type="paragraph" id="r_19_7" custom="readingOrder {index:41;}">
         <Coords points="610,1070 1624,1070 1624,1335 610,1335"/>
         <TextLine id="tl_128"
                   primaryLanguage="German"
                   custom="readingOrder {index:0;}">
            <Coords points="690,1071 1623,1071 1623,1110 690,1110"/>
            <Baseline points="690,1104 755,1104 839,1103 1034,1102 1128,1104 1256,1101 1431,1103 1508,1101 1624,1102"/>
            <TextEquiv>
               <Unicode>Der Kadi (Richter) hörte Fandusi gelassen an, erwog</Unicode>
            </TextEquiv>
            <TextStyle fontFamily="Times New Roman" fontSize="9.0"/>
         </TextLine>
         <TextLine id="tl_129"
                   primaryLanguage="German"
                   custom="readingOrder {index:1;}">
            <Coords points="612,1115 1613,1115 1613,1155 612,1155"/>
            <Baseline points="612,1148 669,1149 740,1147 851,1148 972,1147 1080,1148 1157,1146 1239,1147 1420,1148 1497,1147 1613,1147"/>
            <TextEquiv>
               <Unicode>den Fall und sprach dann aus, daß Fandusi das Recht</Unicode>
            </TextEquiv>
            <TextStyle fontFamily="Times New Roman" fontSize="9.0"/>
         </TextLine>
         <TextLine id="tl_130"
                   primaryLanguage="German"
                   custom="readingOrder {index:2;}">
            <Coords points="612,1160 1613,1160 1613,1200 612,1200"/>
            <Baseline points="610,1192 699,1193 779,1193 895,1194 986,1192 1029,1192 1307,1192 1516,1192 1613,1191"/>
            <TextEquiv>
               <Unicode>habe, das Haus und die Haremsweiber Almansocs für</Unicode>
            </TextEquiv>
            <TextStyle fontFamily="Times New Roman" fontSize="9.0"/>
         </TextLine>
         <TextLine id="tl_131"
                   primaryLanguage="German"
                   custom="readingOrder {index:3;}">
            <Coords points="613,1204 1612,1204 1612,1245 613,1245"/>
            <Baseline points="611,1238 692,1237 827,1238 887,1238 943,1238 1016,1238 1127,1237 1277,1236 1367,1238 1526,1235 1612,1236"/>
            <TextEquiv>
               <Unicode>seine Schuld an sich zu nehmen, wenn klar erwiesen sein</Unicode>
            </TextEquiv>
            <TextStyle fontFamily="Times New Roman" fontSize="9.0"/>
         </TextLine>
         <TextLine id="tl_132"
                   primaryLanguage="German"
                   custom="readingOrder {index:4;}">
            <Coords points="612,1251 1612,1251 1612,1290 612,1290"/>
            <Baseline points="612,1283 713,1282 777,1284 869,1283 950,1283 1088,1283 1202,1282 1352,1282 1439,1282 1612,1281"/>
            <TextEquiv>
               <Unicode>werde, daß der alte Araber wirklich seinen Tod gefunden</Unicode>
            </TextEquiv>
            <TextStyle fontFamily="Times New Roman" fontSize="9.0"/>
         </TextLine>
         <TextLine id="tl_133"
                   primaryLanguage="German"
                   custom="readingOrder {index:5;}">
            <Coords points="611,1297 696,1297 696,1334 611,1334"/>
            <Baseline points="608,1327 697,1327"/>
            <TextEquiv>
               <Unicode>habe.</Unicode>
            </TextEquiv>
            <TextStyle fontFamily="Times New Roman" fontSize="9.0"/>
         </TextLine>
         <TextEquiv>
            <Unicode>Der Kadi (Richter) hörte Fandusi gelassen an, erwog
den Fall und sprach dann aus, daß Fandusi das Recht
habe, das Haus und die Haremsweiber Almansocs für
seine Schuld an sich zu nehmen, wenn klar erwiesen sein
werde, daß der alte Araber wirklich seinen Tod gefunden
habe.</Unicode>
         </TextEquiv>
      </TextRegion>
      <TextRegion type="paragraph" id="r_19_8" custom="readingOrder {index:42;}">
         <Coords points="607,1339 1620,1339 1620,1603 607,1603"/>
         <TextLine id="tl_134"
                   primaryLanguage="German"
                   custom="readingOrder {index:0;}">
            <Coords points="690,1340 1611,1340 1611,1380 690,1380"/>
            <Baseline points="690,1374 741,1373 835,1374 905,1373 1049,1373 1155,1374 1230,1372 1407,1372 1611,1371"/>
            <TextEquiv>
               <Unicode>Da man am zweiten Tage den Leichnam Almansors</Unicode>
            </TextEquiv>
            <TextStyle fontFamily="Times New Roman" fontSize="9.0"/>
         </TextLine>
         <TextLine id="tl_135"
                   primaryLanguage="German"
                   custom="readingOrder {index:1;}">
            <Coords points="608,1385 1611,1385 1611,1424 608,1424"/>
            <Baseline points="608,1418 673,1417 756,1417 887,1418 1011,1416 1098,1417 1247,1416 1336,1417 1557,1416 1611,1416"/>
            <TextEquiv>
               <Unicode>aus denk Meere fischte, kam Fandusi von rechtswegen in</Unicode>
            </TextEquiv>
            <TextStyle fontFamily="Times New Roman" fontSize="9.0"/>
         </TextLine>
         <TextLine id="tl_136"
                   primaryLanguage="German"
                   custom="readingOrder {index:2;}">
            <Coords points="611,1430 1612,1430 1612,1468 611,1468"/>
            <Baseline points="611,1462 666,1463 772,1462 866,1462 1074,1461 1398,1462 1487,1461 1612,1460"/>
            <TextEquiv>
               <Unicode>den Besitz von Almansors Hinterlassenschaft und freute</Unicode>
            </TextEquiv>
            <TextStyle fontFamily="Times New Roman" fontSize="9.0"/>
         </TextLine>
         <TextLine id="tl_137"
                   primaryLanguage="German"
                   custom="readingOrder {index:3;}">
            <Coords points="611,1473 1619,1473 1619,1514 611,1514"/>
            <Baseline points="609,1507 658,1507 779,1507 983,1506 1058,1507 1112,1506 1192,1505 1382,1504 1615,1504"/>
            <TextEquiv>
               <Unicode>sich dessen umsomehr, als er sich denselben widerrechtlich,</Unicode>
            </TextEquiv>
            <TextStyle fontFamily="Times New Roman" fontSize="9.0"/>
         </TextLine>
         <TextLine id="tl_138"
                   primaryLanguage="German"
                   custom="readingOrder {index:4;}">
            <Coords points="609,1519 1612,1519 1612,1559 609,1559"/>
            <Baseline points="609,1552 792,1553 886,1552 1021,1551 1071,1552 1234,1550 1342,1551 1530,1551 1612,1551"/>
            <TextEquiv>
               <Unicode>angeeignet hatte, indem er verschwieg, daß Almansor ihm</Unicode>
            </TextEquiv>
            <TextStyle fontFamily="Times New Roman" fontSize="9.0"/>
         </TextLine>
         <TextLine id="tl_139"
                   primaryLanguage="German"
                   custom="readingOrder {index:5;}">
            <Coords points="612,1565 1386,1565 1386,1602 612,1602"/>
            <Baseline points="612,1597 667,1598 783,1597 1018,1597 1091,1597 1220,1596 1386,1597"/>
            <TextEquiv>
               <Unicode>den blauen Diamanten als Pfand gegeben.</Unicode>
            </TextEquiv>
            <TextStyle fontFamily="Times New Roman" fontSize="9.0"/>
         </TextLine>
         <TextEquiv>
            <Unicode>Da man am zweiten Tage den Leichnam Almansors
aus denk Meere fischte, kam Fandusi von rechtswegen in
den Besitz von Almansors Hinterlassenschaft und freute
sich dessen umsomehr, als er sich denselben widerrechtlich,
angeeignet hatte, indem er verschwieg, daß Almansor ihm
den blauen Diamanten als Pfand gegeben.</Unicode>
         </TextEquiv>
      </TextRegion>
      <TextRegion type="paragraph" id="r_19_9" custom="readingOrder {index:43;}">
         <Coords points="610,1616 1611,1616 1611,1703 610,1703"/>
         <TextLine id="tl_140"
                   primaryLanguage="German"
                   custom="readingOrder {index:0;}">
            <Coords points="689,1617 1610,1617 1610,1655 689,1655"/>
            <Baseline points="689,1650 754,1652 903,1650 1046,1648 1137,1649 1240,1648 1441,1648 1518,1648 1609,1647"/>
            <TextEquiv>
               <Unicode>Der Armenier behielt das Haus Almansors und ver⸗</Unicode>
            </TextEquiv>
            <TextStyle fontFamily="Times New Roman" fontSize="9.0"/>
         </TextLine>
         <TextLine id="tl_141"
                   primaryLanguage="German"
                   custom="readingOrder {index:1;}">
            <Coords points="611,1662 1353,1662 1353,1702 611,1702"/>
            <Baseline points="611,1695 709,1696 810,1695 936,1695 1203,1693 1353,1693"/>
            <TextEquiv>
               <Unicode>kaufte seine eigene schmutzstarrende Hütte.</Unicode>
            </TextEquiv>
            <TextStyle fontFamily="Times New Roman" fontSize="9.0"/>
         </TextLine>
         <TextEquiv>
            <Unicode>Der Armenier behielt das Haus Almansors und ver⸗
kaufte seine eigene schmutzstarrende Hütte.</Unicode>
         </TextEquiv>
      </TextRegion>
      <TextRegion type="paragraph" id="r_19_10" custom="readingOrder {index:44;}">
         <Coords points="606,1705 1610,1705 1610,1792 606,1792"/>
         <TextLine id="tl_142"
                   primaryLanguage="German"
                   custom="readingOrder {index:0;}">
            <Coords points="687,1706 1609,1706 1609,1745 687,1745"/>
            <Baseline points="687,1740 733,1739 870,1739 941,1739 1133,1738 1210,1740 1446,1738 1609,1737"/>
            <TextEquiv>
               <Unicode>Er brachte die Odalisken des verstorbenen Arabers</Unicode>
            </TextEquiv>
            <TextStyle fontFamily="Times New Roman" fontSize="9.0"/>
         </TextLine>
         <TextLine id="tl_143"
                   primaryLanguage="German"
                   custom="readingOrder {index:1;}">
            <Coords points="607,1752 1513,1752 1513,1791 607,1791"/>
            <Baseline points="607,1785 658,1784 742,1784 862,1784 941,1784 1139,1784 1193,1784 1247,1782 1359,1782 1513,1782"/>
            <TextEquiv>
               <Unicode>auf den Markt und veräußerte sie zu guten Preisen.</Unicode>
            </TextEquiv>
            <TextStyle fontFamily="Times New Roman" fontSize="9.0"/>
         </TextLine>
         <TextEquiv>
            <Unicode>Er brachte die Odalisken des verstorbenen Arabers
auf den Markt und veräußerte sie zu guten Preisen.</Unicode>
         </TextEquiv>
      </TextRegion>
      <TextRegion type="paragraph" id="r_20_1" custom="readingOrder {index:45;}">
         <Coords points="1661,250 2670,250 2670,337 1661,337"/>
         <TextLine id="tl_144"
                   primaryLanguage="German"
                   custom="readingOrder {index:0;}">
            <Coords points="1740,251 2669,251 2669,293 1740,293"/>
            <Baseline points="1738,283 1876,282 1887,285 1950,282 2176,282 2325,285 2421,284 2505,285 2589,285 2669,285"/>
            <TextEquiv>
               <Unicode>Hingegen die kluge dicke Zuleika behielt er sich und</Unicode>
            </TextEquiv>
            <TextStyle fontFamily="Times New Roman" fontSize="9.0"/>
         </TextLine>
         <TextLine id="tl_145"
                   primaryLanguage="German"
                   custom="readingOrder {index:1;}">
            <Coords points="1662,296 2333,296 2333,336 1662,336"/>
            <Baseline points="1662,328 1773,328 1837,329 1897,329 2019,331 2333,330"/>
            <TextEquiv>
               <Unicode>machte sie zu seiner Lebensgefährtin.</Unicode>
            </TextEquiv>
            <TextStyle fontFamily="Times New Roman" fontSize="9.0"/>
         </TextLine>
         <TextEquiv>
            <Unicode>Hingegen die kluge dicke Zuleika behielt er sich und
machte sie zu seiner Lebensgefährtin.</Unicode>
         </TextEquiv>
      </TextRegion>
      <TextRegion type="paragraph" id="r_20_2" custom="readingOrder {index:46;}">
         <Coords points="1661,340 2669,340 2669,472 1661,472"/>
         <TextLine id="tl_146"
                   primaryLanguage="German"
                   custom="readingOrder {index:0;}">
            <Coords points="1742,341 2668,341 2668,383 1742,383"/>
            <Baseline points="1742,374 1802,373 1955,374 2047,374 2136,374 2279,375 2405,375 2551,377 2669,375"/>
            <TextEquiv>
               <Unicode>Als Zuleika ihm nach Ablauf eines Jahres einen</Unicode>
            </TextEquiv>
            <TextStyle fontFamily="Times New Roman" fontSize="9.0"/>
         </TextLine>
         <TextLine id="tl_147"
                   primaryLanguage="German"
                   custom="readingOrder {index:1;}">
            <Coords points="1662,386 2667,386 2667,427 1662,427"/>
            <Baseline points="1661,416 1757,418 1864,418 2012,419 2076,420 2240,419 2346,420 2434,421 2578,423 2667,421"/>
            <TextEquiv>
               <Unicode>Sohn gebar, freute sich Fandusi über alle Maßen und</Unicode>
            </TextEquiv>
            <TextStyle fontFamily="Times New Roman" fontSize="9.0"/>
         </TextLine>
         <TextLine id="tl_148"
                   primaryLanguage="German"
                   custom="readingOrder {index:2;}">
            <Coords points="1662,432 2628,432 2628,471 1662,471"/>
            <Baseline points="1662,464 1815,462 1969,465 2034,464 2258,465 2334,466 2553,465 2628,465"/>
            <TextEquiv>
               <Unicode>vertraute Zuleika das Geheimnis des Diamanten an.</Unicode>
            </TextEquiv>
            <TextStyle fontFamily="Times New Roman" fontSize="9.0"/>
         </TextLine>
         <TextEquiv>
            <Unicode>Als Zuleika ihm nach Ablauf eines Jahres einen
Sohn gebar, freute sich Fandusi über alle Maßen und
vertraute Zuleika das Geheimnis des Diamanten an.</Unicode>
         </TextEquiv>
      </TextRegion>
      <TextRegion type="paragraph" id="r_20_3" custom="readingOrder {index:47;}">
         <Coords points="1660,476 2679,476 2679,967 1660,967"/>
         <TextLine id="tl_149"
                   primaryLanguage="German"
                   custom="readingOrder {index:0;}">
            <Coords points="1743,477 2669,477 2669,517 1743,517"/>
            <Baseline points="1744,506 1948,509 2034,509 2106,511 2380,509 2471,511 2555,509 2669,511"/>
            <TextEquiv>
               <Unicode>„Sonderbar sind die Vorschreibungen im Buche der</Unicode>
            </TextEquiv>
            <TextStyle fontFamily="Times New Roman" fontSize="9.0"/>
         </TextLine>
         <TextLine id="tl_150"
                   primaryLanguage="German"
                   custom="readingOrder {index:1;}">
            <Coords points="1662,521 2667,521 2667,564 1662,564"/>
            <Baseline points="1661,553 1889,552 2025,553 2093,555 2174,554 2346,555 2472,554 2667,555"/>
            <TextEquiv>
               <Unicode>Bestimmung!“ sagte der Armenier zu seiner Favorite.</Unicode>
            </TextEquiv>
            <TextStyle fontFamily="Times New Roman" fontSize="9.0"/>
         </TextLine>
         <TextLine id="tl_151"
                   primaryLanguage="German"
                   custom="readingOrder {index:2;}">
            <Coords points="1664,567 2669,567 2669,607 1664,607"/>
            <Baseline points="1664,596 1774,597 1914,598 1996,599 2106,599 2235,600 2288,600 2373,599 2463,599 2530,600 2668,598"/>
            <TextEquiv>
               <Unicode>„Allen anderen, in deren Hände er kam, hat der Todes⸗</Unicode>
            </TextEquiv>
            <TextStyle fontFamily="Times New Roman" fontSize="9.0"/>
         </TextLine>
         <TextLine id="tl_152"
                   primaryLanguage="German"
                   custom="readingOrder {index:3;}">
            <Coords points="1664,611 2678,611 2678,651 1664,651"/>
            <Baseline points="1664,641 1803,643 1960,643 2114,645 2201,643 2257,644 2411,646 2465,644 2555,646 2676,645"/>
            <TextEquiv>
               <Unicode>diamant Unglück gebracht — mir wendete er jene Seite.</Unicode>
            </TextEquiv>
            <TextStyle fontFamily="Times New Roman" fontSize="9.0"/>
         </TextLine>
         <TextLine id="tl_153"
                   primaryLanguage="German"
                   custom="readingOrder {index:4;}">
            <Coords points="1662,656 2666,656 2666,696 1662,696"/>
            <Baseline points="1663,687 1758,687 1922,688 2012,688 2116,689 2235,688 2314,690 2502,690 2666,689"/>
            <TextEquiv>
               <Unicode>seines Glanzes zu, welche Glück und Reichtum verleiht.</Unicode>
            </TextEquiv>
            <TextStyle fontFamily="Times New Roman" fontSize="9.0"/>
         </TextLine>
         <TextLine id="tl_154"
                   primaryLanguage="German"
                   custom="readingOrder {index:5;}">
            <Coords points="1661,702 2664,702 2664,742 1661,742"/>
            <Baseline points="1661,732 1743,732 1878,733 1937,733 2036,732 2117,734 2232,734 2317,735 2469,734 2664,734"/>
            <TextEquiv>
               <Unicode>Ich verstand es eben, die Macht des Steines sozusagen</Unicode>
            </TextEquiv>
            <TextStyle fontFamily="Times New Roman" fontSize="9.0"/>
         </TextLine>
         <TextLine id="tl_155"
                   primaryLanguage="German"
                   custom="readingOrder {index:6;}">
            <Coords points="1663,747 2664,747 2664,786 1663,786"/>
            <Baseline points="1663,778 1693,780 1751,777 1894,777 2006,777 2018,780 2074,778 2277,779 2354,780 2583,779 2664,779"/>
            <TextEquiv>
               <Unicode>in Fesseln zu legen. Nicht ich bin der Eigentümer des</Unicode>
            </TextEquiv>
            <TextStyle fontFamily="Times New Roman" fontSize="9.0"/>
         </TextLine>
         <TextLine id="tl_156"
                   primaryLanguage="German"
                   custom="readingOrder {index:7;}">
            <Coords points="1661,792 2666,792 2666,831 1661,831"/>
            <Baseline points="1660,821 1850,822 2014,823 2215,823 2326,824 2395,825 2472,825 2564,824 2666,824"/>
            <TextEquiv>
               <Unicode>Diamanten, sondern Almansor war es. Ich habe den</Unicode>
            </TextEquiv>
            <TextStyle fontFamily="Times New Roman" fontSize="9.0"/>
         </TextLine>
         <TextLine id="tl_157"
                   primaryLanguage="German"
                   custom="readingOrder {index:8;}">
            <Coords points="1662,837 2664,837 2664,876 1662,876"/>
            <Baseline points="1659,867 1701,866 1889,869 2017,867 2074,868 2218,868 2382,869 2480,869 2530,869 2608,869 2664,869"/>
            <TextEquiv>
               <Unicode>Edelstein als Pfand in meinen Händen. Und so soll es</Unicode>
            </TextEquiv>
            <TextStyle fontFamily="Times New Roman" fontSize="9.0"/>
         </TextLine>
         <TextLine id="tl_158"
                   primaryLanguage="German"
                   custom="readingOrder {index:9;}">
            <Coords points="1661,881 2665,881 2665,921 1661,921"/>
            <Baseline points="1660,912 1779,913 1875,913 1990,913 2065,913 2141,913 2413,913 2500,914 2580,914 2665,914"/>
            <TextEquiv>
               <Unicode>bleiben. Der Stein soll das Glücks=Kleinod von mir und</Unicode>
            </TextEquiv>
            <TextStyle fontFamily="Times New Roman" fontSize="9.0"/>
         </TextLine>
         <TextLine id="tl_159"
                   primaryLanguage="German"
                   custom="readingOrder {index:10;}">
            <Coords points="1661,927 2577,927 2577,966 1661,966"/>
            <Baseline points="1661,958 1725,957 1858,957 1963,959 2118,957 2446,958 2577,957"/>
            <TextEquiv>
               <Unicode>dir, Zuleika, und unserer Nachkommenschaft sein.“</Unicode>
            </TextEquiv>
            <TextStyle fontFamily="Times New Roman" fontSize="9.0"/>
         </TextLine>
         <TextEquiv>
            <Unicode>„Sonderbar sind die Vorschreibungen im Buche der
Bestimmung!“ sagte der Armenier zu seiner Favorite.
„Allen anderen, in deren Hände er kam, hat der Todes⸗
diamant Unglück gebracht — mir wendete er jene Seite.
seines Glanzes zu, welche Glück und Reichtum verleiht.
Ich verstand es eben, die Macht des Steines sozusagen
in Fesseln zu legen. Nicht ich bin der Eigentümer des
Diamanten, sondern Almansor war es. Ich habe den
Edelstein als Pfand in meinen Händen. Und so soll es
bleiben. Der Stein soll das Glücks=Kleinod von mir und
dir, Zuleika, und unserer Nachkommenschaft sein.“</Unicode>
         </TextEquiv>
      </TextRegion>
      <TextRegion type="paragraph" id="r_20_4" custom="readingOrder {index:48;}">
         <Coords points="1659,969 2666,969 2666,1057 1659,1057"/>
         <TextLine id="tl_160"
                   primaryLanguage="German"
                   custom="readingOrder {index:0;}">
            <Coords points="1742,970 2665,970 2665,1010 1742,1010"/>
            <Baseline points="1742,1004 1780,1003 1974,1003 2094,1004 2152,1003 2245,1003 2428,1004 2566,1002 2665,1003"/>
            <TextEquiv>
               <Unicode>Es vergingen Jahre und der Armenier Fandusi war</Unicode>
            </TextEquiv>
            <TextStyle fontFamily="Times New Roman" fontSize="9.0"/>
         </TextLine>
         <TextLine id="tl_161"
                   primaryLanguage="German"
                   custom="readingOrder {index:1;}">
            <Coords points="1660,1017 2243,1017 2243,1056 1660,1056"/>
            <Baseline points="1660,1048 1710,1049 2024,1047 2039,1049 2090,1048 2243,1048"/>
            <TextEquiv>
               <Unicode>ein sehr reicher Mann geworden.</Unicode>
            </TextEquiv>
            <TextStyle fontFamily="Times New Roman" fontSize="9.0"/>
         </TextLine>
         <TextEquiv>
            <Unicode>Es vergingen Jahre und der Armenier Fandusi war
ein sehr reicher Mann geworden.</Unicode>
         </TextEquiv>
      </TextRegion>
      <TextRegion type="paragraph" id="r_20_5" custom="readingOrder {index:49;}">
         <Coords points="1657,1060 2665,1060 2665,1147 1657,1147"/>
         <TextLine id="tl_162"
                   primaryLanguage="German"
                   custom="readingOrder {index:0;}">
            <Coords points="1742,1061 2664,1061 2664,1101 1742,1101"/>
            <Baseline points="1742,1093 1782,1092 1883,1092 1984,1091 2097,1093 2155,1093 2366,1093 2459,1091 2664,1093"/>
            <TextEquiv>
               <Unicode>Er ging nicht mehr in schmutzigen und zerrissenen</Unicode>
            </TextEquiv>
            <TextStyle fontFamily="Times New Roman" fontSize="9.0"/>
         </TextLine>
         <TextLine id="tl_163"
                   primaryLanguage="German"
                   custom="readingOrder {index:1;}">
            <Coords points="1658,1107 2458,1107 2458,1146 1658,1146"/>
            <Baseline points="1658,1139 1784,1138 1924,1138 2080,1138 2155,1136 2303,1138 2457,1139"/>
            <TextEquiv>
               <Unicode>Lappen umher, sondern kleidete sich reinlich.</Unicode>
            </TextEquiv>
            <TextStyle fontFamily="Times New Roman" fontSize="9.0"/>
         </TextLine>
         <TextEquiv>
            <Unicode>Er ging nicht mehr in schmutzigen und zerrissenen
Lappen umher, sondern kleidete sich reinlich.</Unicode>
         </TextEquiv>
      </TextRegion>
      <TextRegion type="paragraph" id="r_20_6" custom="readingOrder {index:50;}">
         <Coords points="1658,1149 2666,1149 2666,1284 1658,1284"/>
         <TextLine id="tl_164"
                   primaryLanguage="German"
                   custom="readingOrder {index:0;}">
            <Coords points="1739,1150 2664,1150 2664,1190 1739,1190"/>
            <Baseline points="1739,1183 1838,1183 1907,1182 2075,1183 2261,1182 2357,1184 2440,1183 2557,1183 2664,1183"/>
            <TextEquiv>
               <Unicode>Seine Zuleika war gestorben, aber sein Sohn Elim</Unicode>
            </TextEquiv>
            <TextStyle fontFamily="Times New Roman" fontSize="9.0"/>
         </TextLine>
         <TextLine id="tl_165"
                   primaryLanguage="German"
                   custom="readingOrder {index:1;}">
            <Coords points="1659,1196 2665,1196 2665,1236 1659,1236"/>
            <Baseline points="1659,1228 1725,1228 1817,1228 1963,1229 2147,1227 2266,1227 2375,1227 2460,1228 2665,1228"/>
            <TextEquiv>
               <Unicode>war zum Manne geworden und befolgte die Ratschläge</Unicode>
            </TextEquiv>
            <TextStyle fontFamily="Times New Roman" fontSize="9.0"/>
         </TextLine>
         <TextLine id="tl_166"
                   primaryLanguage="German"
                   custom="readingOrder {index:2;}">
            <Coords points="1660,1241 2246,1241 2246,1283 1660,1283"/>
            <Baseline points="1659,1272 1760,1272 2086,1273 2246,1272"/>
            <TextEquiv>
               <Unicode>seines geschäftskundigen Vaters.</Unicode>
            </TextEquiv>
            <TextStyle fontFamily="Times New Roman" fontSize="9.0"/>
         </TextLine>
         <TextEquiv>
            <Unicode>Seine Zuleika war gestorben, aber sein Sohn Elim
war zum Manne geworden und befolgte die Ratschläge
seines geschäftskundigen Vaters.</Unicode>
         </TextEquiv>
      </TextRegion>
      <TextRegion type="paragraph" id="r_20_7" custom="readingOrder {index:51;}">
         <Coords points="1657,1284 2665,1284 2665,1370 1657,1370"/>
         <TextLine id="tl_167"
                   primaryLanguage="German"
                   custom="readingOrder {index:0;}">
            <Coords points="1738,1285 2664,1285 2664,1324 1738,1324"/>
            <Baseline points="1738,1318 1879,1317 1889,1320 1947,1317 2108,1316 2202,1316 2269,1318 2378,1317 2465,1318 2569,1319 2664,1317"/>
            <TextEquiv>
               <Unicode>Und Elim nahm sich auch ein Weib und hatte bald</Unicode>
            </TextEquiv>
            <TextStyle fontFamily="Times New Roman" fontSize="9.0"/>
         </TextLine>
         <TextLine id="tl_168"
                   primaryLanguage="German"
                   custom="readingOrder {index:1;}">
            <Coords points="1658,1331 2501,1331 2501,1369 1658,1369"/>
            <Baseline points="1658,1364 1726,1363 1877,1362 1943,1363 2015,1363 2069,1363 2129,1363 2281,1362 2378,1362 2500,1362"/>
            <TextEquiv>
               <Unicode>eine Familie, in der es an Söhnen nicht fehlte.</Unicode>
            </TextEquiv>
            <TextStyle fontFamily="Times New Roman" fontSize="9.0"/>
         </TextLine>
         <TextEquiv>
            <Unicode>Und Elim nahm sich auch ein Weib und hatte bald
eine Familie, in der es an Söhnen nicht fehlte.</Unicode>
         </TextEquiv>
      </TextRegion>
      <TextRegion type="paragraph" id="r_20_8" custom="readingOrder {index:52;}">
         <Coords points="1654,1375 2673,1375 2673,1506 1654,1506"/>
         <TextLine id="tl_169"
                   primaryLanguage="German"
                   custom="readingOrder {index:0;}">
            <Coords points="1735,1376 2671,1376 2671,1414 1735,1414"/>
            <Baseline points="1735,1409 1796,1407 2003,1407 2085,1406 2196,1408 2339,1405 2553,1407 2561,1410 2671,1406"/>
            <TextEquiv>
               <Unicode>Die Lebensuhr des alten Fandusi war ihrem Ab⸗</Unicode>
            </TextEquiv>
            <TextStyle fontFamily="Times New Roman" fontSize="9.0"/>
         </TextLine>
         <TextLine id="tl_170"
                   primaryLanguage="German"
                   custom="readingOrder {index:1;}">
            <Coords points="1656,1420 2672,1420 2672,1459 1656,1459"/>
            <Baseline points="1656,1452 1741,1452 1854,1453 1931,1452 2009,1453 2136,1452 2289,1452 2414,1451 2493,1450 2671,1450"/>
            <TextEquiv>
               <Unicode>läufe nahe. In der letzten Stunde berief der sterbende</Unicode>
            </TextEquiv>
            <TextStyle fontFamily="Times New Roman" fontSize="9.0"/>
         </TextLine>
         <TextLine id="tl_171"
                   primaryLanguage="German"
                   custom="readingOrder {index:2;}">
            <Coords points="1655,1464 2669,1464 2669,1505 1655,1505"/>
            <Baseline points="1655,1497 1798,1497 1809,1498 1864,1495 2120,1496 2199,1496 2290,1495 2406,1496 2461,1496 2669,1496"/>
            <TextEquiv>
               <Unicode>Armenier seinen Sohn zu sich und sprach zu demselben:</Unicode>
            </TextEquiv>
            <TextStyle fontFamily="Times New Roman" fontSize="9.0"/>
         </TextLine>
         <TextEquiv>
            <Unicode>Die Lebensuhr des alten Fandusi war ihrem Ab⸗
läufe nahe. In der letzten Stunde berief der sterbende
Armenier seinen Sohn zu sich und sprach zu demselben:</Unicode>
         </TextEquiv>
      </TextRegion>
      <TextRegion type="paragraph" id="r_20_9" custom="readingOrder {index:53;}">
         <Coords points="1653,1508 2674,1508 2674,1634 1653,1634"/>
         <TextLine id="tl_172"
                   primaryLanguage="German"
                   custom="readingOrder {index:0;}">
            <Coords points="1740,1509 2673,1509 2673,1548 1740,1548"/>
            <Baseline points="1737,1540 1858,1540 2004,1540 2191,1540 2294,1541 2379,1541 2498,1540 2584,1539 2675,1540"/>
            <TextEquiv>
               <Unicode>„Elim, mein Vielgeliebter, wir sind allein und —</Unicode>
            </TextEquiv>
            <TextStyle fontFamily="Times New Roman" fontSize="9.0"/>
         </TextLine>
         <TextLine id="tl_173"
                   primaryLanguage="German"
                   custom="readingOrder {index:1;}">
            <Coords points="1655,1552 2670,1552 2670,1593 1655,1593"/>
            <Baseline points="1655,1584 1749,1582 1814,1584 1969,1584 1986,1585 2065,1583 2279,1584 2382,1584 2452,1583 2521,1585 2608,1584 2670,1584"/>
            <TextEquiv>
               <Unicode>außer dir — wird niemand hören, was ich dir jetzt zu</Unicode>
            </TextEquiv>
            <TextStyle fontFamily="Times New Roman" fontSize="9.0"/>
         </TextLine>
         <TextLine id="tl_174"
                   primaryLanguage="German"
                   custom="readingOrder {index:2;}">
            <Coords points="1654,1597 1952,1597 1952,1633 1654,1633"/>
            <Baseline points="1654,1629 1825,1628 1952,1628"/>
            <TextEquiv>
               <Unicode>verkünden habe.“</Unicode>
            </TextEquiv>
            <TextStyle fontFamily="Times New Roman" fontSize="9.0"/>
         </TextLine>
         <TextEquiv>
            <Unicode>„Elim, mein Vielgeliebter, wir sind allein und —
außer dir — wird niemand hören, was ich dir jetzt zu
verkünden habe.“</Unicode>
         </TextEquiv>
      </TextRegion>
      <TextRegion type="paragraph" id="r_20_10" custom="readingOrder {index:54;}">
         <Coords points="1653,1639 2670,1639 2670,1724 1653,1724"/>
         <TextLine id="tl_175"
                   primaryLanguage="German"
                   custom="readingOrder {index:0;}">
            <Coords points="1736,1640 2669,1640 2669,1680 1736,1680"/>
            <Baseline points="1736,1674 1815,1673 1926,1673 2001,1672 2070,1672 2173,1674 2316,1672 2453,1672 2582,1670 2669,1670"/>
            <TextEquiv>
               <Unicode>„Ich beuge vor dir mein Haupt, teuerer Vater, und</Unicode>
            </TextEquiv>
            <TextStyle fontFamily="Times New Roman" fontSize="9.0"/>
         </TextLine>
         <TextLine id="tl_176"
                   primaryLanguage="German"
                   custom="readingOrder {index:1;}">
            <Coords points="1654,1684 2333,1684 2333,1723 1654,1723"/>
            <Baseline points="1654,1717 1708,1717 1830,1715 1964,1716 2096,1716 2153,1716 2333,1716"/>
            <TextEquiv>
               <Unicode>bin bereit, deinen Willen zu erfüllen.“</Unicode>
            </TextEquiv>
            <TextStyle fontFamily="Times New Roman" fontSize="9.0"/>
         </TextLine>
         <TextEquiv>
            <Unicode>„Ich beuge vor dir mein Haupt, teuerer Vater, und
bin bereit, deinen Willen zu erfüllen.“</Unicode>
         </TextEquiv>
      </TextRegion>
      <TextRegion type="paragraph" id="r_20_11" custom="readingOrder {index:55;}">
         <Coords points="1991,1753 2337,1753 2337,1792 1991,1792"/>
         <TextLine id="tl_177"
                   primaryLanguage="German"
                   custom="readingOrder {index:0;}">
            <Coords points="1992,1754 2336,1754 2336,1791 1992,1791"/>
            <Baseline points="1990,1785 2171,1784 2336,1784"/>
            <TextEquiv>
               <Unicode>(Fortsetzung folgt.)</Unicode>
            </TextEquiv>
            <TextStyle fontFamily="Times New Roman" fontSize="9.0"/>
         </TextLine>
         <TextEquiv>
            <Unicode>(Fortsetzung folgt.)</Unicode>
         </TextEquiv>
      </TextRegion>
      <TextRegion type="paragraph" id="r_21_1" custom="readingOrder {index:56;}">
         <Coords points="607,1847 1620,1847 1620,1935 607,1935"/>
         <TextLine id="tl_178"
                   primaryLanguage="German"
                   custom="readingOrder {index:0;}">
            <Coords points="609,1848 1619,1848 1619,1889 609,1889"/>
            <Baseline points="609,1881 693,1881 853,1881 1035,1880 1116,1881 1204,1879 1280,1881 1422,1882 1619,1879"/>
            <TextEquiv>
               <Unicode>mehr darüber erfahren, wie das ins Wasser gestürzte</Unicode>
            </TextEquiv>
            <TextStyle fontFamily="Times New Roman" fontSize="9.0"/>
         </TextLine>
         <TextLine id="tl_179"
                   primaryLanguage="German"
                   custom="readingOrder {index:1;}">
            <Coords points="608,1895 1079,1895 1079,1934 608,1934"/>
            <Baseline points="608,1926 689,1926 968,1927 1079,1926"/>
            <TextEquiv>
               <Unicode>Mädchen ausgesehen habe.</Unicode>
            </TextEquiv>
            <TextStyle fontFamily="Times New Roman" fontSize="9.0"/>
         </TextLine>
         <TextEquiv>
            <Unicode>mehr darüber erfahren, wie das ins Wasser gestürzte
Mädchen ausgesehen habe.</Unicode>
         </TextEquiv>
      </TextRegion>
      <TextRegion type="paragraph" id="r_21_2" custom="readingOrder {index:57;}">
         <Coords points="607,1937 1622,1937 1622,2157 607,2157"/>
         <TextLine id="tl_180"
                   primaryLanguage="German"
                   custom="readingOrder {index:0;}">
            <Coords points="689,1938 1619,1938 1619,1980 689,1980"/>
            <Baseline points="689,1971 780,1970 863,1971 945,1972 1020,1971 1146,1971 1339,1971 1437,1970 1488,1970 1559,1969 1619,1969"/>
            <TextEquiv>
               <Unicode>Nicht weit von den beiden Sprechern setzte er sich an</Unicode>
            </TextEquiv>
            <TextStyle fontFamily="Times New Roman" fontSize="9.0"/>
         </TextLine>
         <TextLine id="tl_181"
                   primaryLanguage="German"
                   custom="readingOrder {index:1;}">
            <Coords points="609,1981 1621,1981 1621,2023 609,2023"/>
            <Baseline points="609,2016 696,2017 821,2016 943,2015 1092,2016 1207,2015 1339,2015 1509,2014 1621,2011"/>
            <TextEquiv>
               <Unicode>einen leeren Tisch, bestellte einen Becher Rotwein und</Unicode>
            </TextEquiv>
            <TextStyle fontFamily="Times New Roman" fontSize="9.0"/>
         </TextLine>
         <TextLine id="tl_182"
                   primaryLanguage="German"
                   custom="readingOrder {index:2;}">
            <Coords points="608,2027 1619,2027 1619,2066 608,2066"/>
            <Baseline points="608,2061 709,2061 802,2062 873,2062 1033,2060 1115,2060 1198,2060 1311,2059 1391,2059 1619,2058"/>
            <TextEquiv>
               <Unicode>wollte eben die Männer über die Szene am Donau=Ufer</Unicode>
            </TextEquiv>
            <TextStyle fontFamily="Times New Roman" fontSize="9.0"/>
         </TextLine>
         <TextLine id="tl_183"
                   primaryLanguage="German"
                   custom="readingOrder {index:3;}">
            <Coords points="608,2072 1618,2072 1618,2112 608,2112"/>
            <Baseline points="608,2106 762,2104 796,2106 917,2105 989,2105 1193,2103 1218,2106 1254,2104 1346,2105 1424,2104 1619,2103"/>
            <TextEquiv>
               <Unicode>befragen, als ihn ein Anblick, der sich ihm plötzlich dar⸗</Unicode>
            </TextEquiv>
            <TextStyle fontFamily="Times New Roman" fontSize="9.0"/>
         </TextLine>
         <TextLine id="tl_184"
                   primaryLanguage="German"
                   custom="readingOrder {index:4;}">
            <Coords points="608,2120 995,2120 995,2156 608,2156"/>
            <Baseline points="607,2151 658,2150 848,2150 995,2150"/>
            <TextEquiv>
               <Unicode>bet, erstarren machte.</Unicode>
            </TextEquiv>
            <TextStyle fontFamily="Times New Roman" fontSize="9.0"/>
         </TextLine>
         <TextEquiv>
            <Unicode>Nicht weit von den beiden Sprechern setzte er sich an
einen leeren Tisch, bestellte einen Becher Rotwein und
wollte eben die Männer über die Szene am Donau=Ufer
befragen, als ihn ein Anblick, der sich ihm plötzlich dar⸗
bet, erstarren machte.</Unicode>
         </TextEquiv>
      </TextRegion>
      <TextRegion type="paragraph" id="r_21_3" custom="readingOrder {index:58;}">
         <Coords points="605,2161 1619,2161 1619,2338 605,2338"/>
         <TextLine id="tl_185"
                   primaryLanguage="German"
                   custom="readingOrder {index:0;}">
            <Coords points="688,2162 1618,2162 1618,2202 688,2202"/>
            <Baseline points="688,2195 759,2194 881,2195 1092,2195 1216,2196 1277,2194 1352,2194 1463,2194 1617,2193"/>
            <TextEquiv>
               <Unicode>Von einem zerlumpten Weibe an der Hand geführt,</Unicode>
            </TextEquiv>
            <TextStyle fontFamily="Times New Roman" fontSize="9.0"/>
         </TextLine>
         <TextLine id="tl_186"
                   primaryLanguage="German"
                   custom="readingOrder {index:1;}">
            <Coords points="608,2208 1618,2208 1618,2245 608,2245"/>
            <Baseline points="608,2240 716,2242 761,2240 926,2240 1111,2240 1229,2240 1305,2238 1378,2238 1545,2237 1618,2238"/>
            <TextEquiv>
               <Unicode>erschien die blinde Genoveva Ziller auf der Schwelle der</Unicode>
            </TextEquiv>
            <TextStyle fontFamily="Times New Roman" fontSize="9.0"/>
         </TextLine>
         <TextLine id="tl_187"
                   primaryLanguage="German"
                   custom="readingOrder {index:2;}">
            <Coords points="606,2251 1617,2251 1617,2292 606,2292"/>
            <Baseline points="606,2285 696,2283 830,2285 965,2285 1051,2285 1172,2284 1244,2285 1409,2284 1488,2284 1617,2282"/>
            <TextEquiv>
               <Unicode>Schänke zum Drachen, in welche der Freiherr von Mühl⸗</Unicode>
            </TextEquiv>
            <TextStyle fontFamily="Times New Roman" fontSize="9.0"/>
         </TextLine>
         <TextLine id="tl_188"
                   primaryLanguage="German"
                   custom="readingOrder {index:3;}">
            <Coords points="608,2298 1205,2298 1205,2337 608,2337"/>
            <Baseline points="608,2330 753,2328 948,2330 1105,2329 1205,2329"/>
            <TextEquiv>
               <Unicode>berg zufälligerweise geraten war.</Unicode>
            </TextEquiv>
            <TextStyle fontFamily="Times New Roman" fontSize="9.0"/>
         </TextLine>
         <TextEquiv>
            <Unicode>Von einem zerlumpten Weibe an der Hand geführt,
erschien die blinde Genoveva Ziller auf der Schwelle der
Schänke zum Drachen, in welche der Freiherr von Mühl⸗
berg zufälligerweise geraten war.</Unicode>
         </TextEquiv>
      </TextRegion>
      <TextRegion type="paragraph" id="r_21_4" custom="readingOrder {index:59;}">
         <Coords points="605,2339 1618,2339 1618,2473 605,2473"/>
         <TextLine id="tl_189"
                   primaryLanguage="German"
                   custom="readingOrder {index:0;}">
            <Coords points="687,2340 1616,2340 1616,2381 687,2381"/>
            <Baseline points="687,2374 803,2375 891,2374 1042,2374 1163,2374 1277,2374 1367,2373 1535,2373 1617,2370"/>
            <TextEquiv>
               <Unicode>Sofort trat lautlose Stille unter dem Gesindel ein,</Unicode>
            </TextEquiv>
            <TextStyle fontFamily="Times New Roman" fontSize="9.0"/>
         </TextLine>
         <TextLine id="tl_190"
                   primaryLanguage="German"
                   custom="readingOrder {index:1;}">
            <Coords points="607,2387 1617,2387 1617,2428 607,2428"/>
            <Baseline points="607,2420 704,2420 804,2419 886,2420 1149,2418 1177,2421 1398,2419 1420,2420 1544,2416 1618,2416"/>
            <TextEquiv>
               <Unicode>welches der von dicker, dunstiger Luft erfüllte Raum be⸗</Unicode>
            </TextEquiv>
            <TextStyle fontFamily="Times New Roman" fontSize="9.0"/>
         </TextLine>
         <TextLine id="tl_191"
                   primaryLanguage="German"
                   custom="readingOrder {index:2;}">
            <Coords points="606,2435 774,2435 774,2472 606,2472"/>
            <Baseline points="607,2464 774,2465"/>
            <TextEquiv>
               <Unicode>herbergte.</Unicode>
            </TextEquiv>
            <TextStyle fontFamily="Times New Roman" fontSize="9.0"/>
         </TextLine>
         <TextEquiv>
            <Unicode>Sofort trat lautlose Stille unter dem Gesindel ein,
welches der von dicker, dunstiger Luft erfüllte Raum be⸗
herbergte.</Unicode>
         </TextEquiv>
      </TextRegion>
      <TextRegion type="paragraph" id="r_21_5" custom="readingOrder {index:60;}">
         <Coords points="604,2474 1618,2474 1618,2607 604,2607"/>
         <TextLine id="tl_192"
                   primaryLanguage="German"
                   custom="readingOrder {index:0;}">
            <Coords points="686,2475 1617,2475 1617,2515 686,2515"/>
            <Baseline points="686,2510 937,2509 1153,2509 1228,2508 1318,2507 1378,2507 1426,2507 1499,2506 1618,2507"/>
            <TextEquiv>
               <Unicode>Erstaunen und Bewunderung malte sich auf den Ge⸗</Unicode>
            </TextEquiv>
            <TextStyle fontFamily="Times New Roman" fontSize="9.0"/>
         </TextLine>
         <TextLine id="tl_193"
                   primaryLanguage="German"
                   custom="readingOrder {index:1;}">
            <Coords points="605,2520 1617,2520 1617,2561 605,2561"/>
            <Baseline points="603,2553 737,2556 837,2554 850,2557 899,2554 1111,2556 1233,2553 1367,2555 1468,2552 1532,2552 1617,2551"/>
            <TextEquiv>
               <Unicode>sichtern, denn es hatte den Anschein, als habe sich ein</Unicode>
            </TextEquiv>
            <TextStyle fontFamily="Times New Roman" fontSize="9.0"/>
         </TextLine>
         <TextLine id="tl_194"
                   primaryLanguage="German"
                   custom="readingOrder {index:2;}">
            <Coords points="605,2566 1466,2566 1466,2606 605,2606"/>
            <Baseline points="605,2600 705,2600 766,2599 947,2600 972,2600 1105,2599 1325,2598 1464,2597"/>
            <TextEquiv>
               <Unicode>Engel des Himmels in einen Höllenpfuhl verirrt.</Unicode>
            </TextEquiv>
            <TextStyle fontFamily="Times New Roman" fontSize="9.0"/>
         </TextLine>
         <TextEquiv>
            <Unicode>Erstaunen und Bewunderung malte sich auf den Ge⸗
sichtern, denn es hatte den Anschein, als habe sich ein
Engel des Himmels in einen Höllenpfuhl verirrt.</Unicode>
         </TextEquiv>
      </TextRegion>
      <TextRegion type="paragraph" id="r_21_6" custom="readingOrder {index:61;}">
         <Coords points="605,2608 1619,2608 1619,2742 605,2742"/>
         <TextLine id="tl_195"
                   primaryLanguage="German"
                   custom="readingOrder {index:0;}">
            <Coords points="684,2609 1618,2609 1618,2650 684,2650"/>
            <Baseline points="684,2644 746,2645 884,2645 996,2643 1108,2644 1286,2642 1499,2643 1618,2640"/>
            <TextEquiv>
               <Unicode>Die Blinde zeigte einen Ausbruck namenloser Angst</Unicode>
            </TextEquiv>
            <TextStyle fontFamily="Times New Roman" fontSize="9.0"/>
         </TextLine>
         <TextLine id="tl_196"
                   primaryLanguage="German"
                   custom="readingOrder {index:1;}">
            <Coords points="606,2655 1616,2655 1616,2709 606,2709"/>
            <Baseline points="606,2689 753,2689 759,2690 824,2687 1068,2687 1187,2687 1277,2688 1480,2684 1616,2685"/>
            <TextEquiv>
               <Unicode>auf ihren bleichen Zügen und ihre glanzlesen Augen</Unicode>
            </TextEquiv>
            <TextStyle fontFamily="Times New Roman" fontSize="9.0"/>
         </TextLine>
         <TextLine id="tl_197"
                   primaryLanguage="German"
                   custom="readingOrder {index:2;}">
            <Coords points="607,2701 1238,2701 1238,2741 607,2741"/>
            <Baseline points="603,2735 812,2732 887,2732 981,2732 1068,2732 1238,2732"/>
            <TextEquiv>
               <Unicode>schimmerten im Naß der Tränen.</Unicode>
            </TextEquiv>
            <TextStyle fontFamily="Times New Roman" fontSize="9.0"/>
         </TextLine>
         <TextEquiv>
            <Unicode>Die Blinde zeigte einen Ausbruck namenloser Angst
auf ihren bleichen Zügen und ihre glanzlesen Augen
schimmerten im Naß der Tränen.</Unicode>
         </TextEquiv>
      </TextRegion>
      <TextRegion type="paragraph" id="r_21_7" custom="readingOrder {index:62;}">
         <Coords points="603,2742 1618,2742 1618,2921 603,2921"/>
         <TextLine id="tl_198"
                   primaryLanguage="German"
                   custom="readingOrder {index:0;}">
            <Coords points="683,2743 1616,2743 1616,2785 683,2785"/>
            <Baseline points="682,2778 800,2776 915,2778 961,2780 1101,2777 1189,2777 1324,2776 1432,2774 1616,2774"/>
            <TextEquiv>
               <Unicode>Hinter ihr kam Schani und machte eine bärbeißige</Unicode>
            </TextEquiv>
            <TextStyle fontFamily="Times New Roman" fontSize="9.0"/>
         </TextLine>
         <TextLine id="tl_199"
                   primaryLanguage="German"
                   custom="readingOrder {index:1;}">
            <Coords points="604,2787 1616,2787 1616,2830 604,2830"/>
            <Baseline points="604,2824 775,2822 930,2823 987,2823 1074,2821 1345,2819 1541,2819 1616,2819"/>
            <TextEquiv>
               <Unicode>Grimasse, während er zur Drachenwirtin hinschielte, die</Unicode>
            </TextEquiv>
            <TextStyle fontFamily="Times New Roman" fontSize="9.0"/>
         </TextLine>
         <TextLine id="tl_200"
                   primaryLanguage="German"
                   custom="readingOrder {index:2;}">
            <Coords points="604,2834 1617,2834 1617,2875 604,2875"/>
            <Baseline points="602,2869 661,2869 733,2868 848,2869 946,2868 1094,2867 1195,2867 1277,2866 1342,2866 1499,2864 1617,2865"/>
            <TextEquiv>
               <Unicode>sich von ihrem Sitze erhoben hatte und die schwarze Lottel</Unicode>
            </TextEquiv>
            <TextStyle fontFamily="Times New Roman" fontSize="9.0"/>
         </TextLine>
         <TextLine id="tl_201"
                   primaryLanguage="German"
                   custom="readingOrder {index:3;}">
            <Coords points="605,2879 1310,2879 1310,2920 605,2920"/>
            <Baseline points="605,2913 649,2915 656,2917 802,2912 998,2913 1269,2909 1310,2913"/>
            <TextEquiv>
               <Unicode>mit ihrem „Fang“ zu sich heranwinkte.</Unicode>
            </TextEquiv>
            <TextStyle fontFamily="Times New Roman" fontSize="9.0"/>
         </TextLine>
         <TextEquiv>
            <Unicode>Hinter ihr kam Schani und machte eine bärbeißige
Grimasse, während er zur Drachenwirtin hinschielte, die
sich von ihrem Sitze erhoben hatte und die schwarze Lottel
mit ihrem „Fang“ zu sich heranwinkte.</Unicode>
         </TextEquiv>
      </TextRegion>
      <TextRegion type="paragraph" id="r_21_8" custom="readingOrder {index:63;}">
         <Coords points="602,2920 1617,2920 1617,3013 602,3013"/>
         <TextLine id="tl_202"
                   primaryLanguage="German"
                   custom="readingOrder {index:0;}">
            <Coords points="683,2921 1616,2921 1616,2965 683,2965"/>
            <Baseline points="683,2959 752,2959 935,2958 1082,2957 1213,2956 1346,2954 1445,2954 1616,2953"/>
            <TextEquiv>
               <Unicode>Alle Bedenken beiseite setzend, sprang der Freiherr</Unicode>
            </TextEquiv>
            <TextStyle fontFamily="Times New Roman" fontSize="9.0"/>
         </TextLine>
         <TextLine id="tl_203"
                   primaryLanguage="German"
                   custom="readingOrder {index:1;}">
            <Coords points="603,2968 1614,2968 1614,3012 603,3012"/>
            <Baseline points="603,3003 662,3005 840,3004 932,3003 1004,3003 1135,3003 1213,3000 1276,3002 1324,3000 1550,2998 1614,2997"/>
            <TextEquiv>
               <Unicode>von Mühlberg auf und stürzte auf die schwarze Lottel zu.</Unicode>
            </TextEquiv>
            <TextStyle fontFamily="Times New Roman" fontSize="9.0"/>
         </TextLine>
         <TextEquiv>
            <Unicode>Alle Bedenken beiseite setzend, sprang der Freiherr
von Mühlberg auf und stürzte auf die schwarze Lottel zu.</Unicode>
         </TextEquiv>
      </TextRegion>
      <TextRegion type="paragraph" id="r_21_9" custom="readingOrder {index:64;}">
         <Coords points="601,3010 1617,3010 1617,3189 601,3189"/>
         <TextLine id="tl_204"
                   primaryLanguage="German"
                   custom="readingOrder {index:0;}">
            <Coords points="684,3011 1616,3011 1616,3055 684,3055"/>
            <Baseline points="683,3048 770,3050 890,3049 980,3048 1082,3047 1256,3046 1374,3044 1527,3043 1616,3041"/>
            <TextEquiv>
               <Unicode>„Wie könnt Ihr Euch erfrechen, diese züchtige und</Unicode>
            </TextEquiv>
            <TextStyle fontFamily="Times New Roman" fontSize="9.0"/>
         </TextLine>
         <TextLine id="tl_205"
                   primaryLanguage="German"
                   custom="readingOrder {index:1;}">
            <Coords points="602,3055 1616,3055 1616,3098 602,3098"/>
            <Baseline points="600,3091 817,3092 1062,3092 1161,3092 1315,3090 1487,3089 1615,3086"/>
            <TextEquiv>
               <Unicode>feingebildete Demoiselle an einen solchen Ort</Unicode>
            </TextEquiv>
            <TextStyle fontFamily="Times New Roman" fontSize="9.0"/>
         </TextLine>
         <TextLine id="tl_206"
                   primaryLanguage="German"
                   custom="readingOrder {index:2;}">
            <Coords points="605,3101 1614,3101 1614,3143 605,3143"/>
            <Baseline points="602,3136 640,3135 845,3136 961,3137 1041,3137 1099,3136 1220,3137 1289,3135 1485,3133 1616,3130"/>
            <TextEquiv>
               <Unicode>zu bringen?!“ schrie er auf. „Laßt die Demoiselle Geno⸗</Unicode>
            </TextEquiv>
            <TextStyle fontFamily="Times New Roman" fontSize="9.0"/>
         </TextLine>
         <TextLine id="tl_207"
                   primaryLanguage="German"
                   custom="readingOrder {index:3;}">
            <Coords points="605,3148 1202,3148 1202,3188 605,3188"/>
            <Baseline points="605,3181 712,3180 931,3180 1052,3181 1116,3182 1202,3181"/>
            <TextEquiv>
               <Unicode>veva augenblicklich los, oder —“</Unicode>
            </TextEquiv>
            <TextStyle fontFamily="Times New Roman" fontSize="9.0"/>
         </TextLine>
         <TextEquiv>
            <Unicode>„Wie könnt Ihr Euch erfrechen, diese züchtige und
feingebildete Demoiselle an einen solchen Ort
zu bringen?!“ schrie er auf. „Laßt die Demoiselle Geno⸗
veva augenblicklich los, oder —“</Unicode>
         </TextEquiv>
      </TextRegion>
      <TextRegion type="paragraph" id="r_21_10" custom="readingOrder {index:65;}">
         <Coords points="602,3190 1616,3190 1616,3322 602,3322"/>
         <TextLine id="tl_208"
                   primaryLanguage="German"
                   custom="readingOrder {index:0;}">
            <Coords points="686,3191 1613,3191 1613,3232 686,3232"/>
            <Baseline points="683,3225 782,3224 884,3225 1011,3225 1151,3226 1232,3225 1378,3225 1457,3223 1614,3221"/>
            <TextEquiv>
               <Unicode>„Was — oder?!“ schrie der Schani und sprang</Unicode>
            </TextEquiv>
            <TextStyle fontFamily="Times New Roman" fontSize="9.0"/>
         </TextLine>
         <TextLine id="tl_209"
                   primaryLanguage="German"
                   custom="readingOrder {index:1;}">
            <Coords points="605,3236 1615,3236 1615,3277 605,3277"/>
            <Baseline points="605,3269 661,3269 816,3267 938,3267 1086,3270 1156,3270 1268,3269 1313,3273 1345,3268 1496,3268 1615,3266"/>
            <TextEquiv>
               <Unicode>mit geballter Faust vor. „Wollt Ihr am Ende gar meine</Unicode>
            </TextEquiv>
            <TextStyle fontFamily="Times New Roman" fontSize="9.0"/>
         </TextLine>
         <TextLine id="tl_210"
                   primaryLanguage="German"
                   custom="readingOrder {index:2;}">
            <Coords points="603,3283 977,3283 977,3321 603,3321"/>
            <Baseline points="603,3314 642,3314 976,3314"/>
            <TextEquiv>
               <Unicode>Mutter schlagen?“</Unicode>
            </TextEquiv>
         </TextLine>
         <TextEquiv>
            <Unicode>„Was — oder?!“ schrie der Schani und sprang
mit geballter Faust vor. „Wollt Ihr am Ende gar meine
Mutter schlagen?“</Unicode>
         </TextEquiv>
      </TextRegion>
      <TextRegion type="paragraph" id="r_21_11" custom="readingOrder {index:66;}">
         <Coords points="598,3323 1615,3323 1615,3412 598,3412"/>
         <TextLine id="tl_211"
                   primaryLanguage="German"
                   custom="readingOrder {index:0;}">
            <Coords points="686,3324 1614,3324 1614,3366 686,3366"/>
            <Baseline points="685,3358 849,3360 1053,3358 1141,3359 1334,3359 1399,3358 1613,3355"/>
            <TextEquiv>
               <Unicode>„Freiherr Egydius!“ rief Genoveva mit freudigem</Unicode>
            </TextEquiv>
            <TextStyle fontFamily="Times New Roman" fontSize="9.0"/>
         </TextLine>
         <TextLine id="tl_212"
                   primaryLanguage="German"
                   custom="readingOrder {index:1;}">
            <Coords points="599,3372 1175,3372 1175,3411 599,3411"/>
            <Baseline points="598,3403 635,3404 944,3403 1029,3404 1176,3402"/>
            <TextEquiv>
               <Unicode>Aufschluchzen. „Ihr seid hier?!“</Unicode>
            </TextEquiv>
            <TextStyle fontFamily="Times New Roman" fontSize="9.0"/>
         </TextLine>
         <TextEquiv>
            <Unicode>„Freiherr Egydius!“ rief Genoveva mit freudigem
Aufschluchzen. „Ihr seid hier?!“</Unicode>
         </TextEquiv>
      </TextRegion>
      <TextRegion type="paragraph" id="r_22_1" custom="readingOrder {index:67;}">
         <Coords points="1655,1847 2673,1847 2673,1934 1655,1934"/>
         <TextLine id="tl_213"
                   primaryLanguage="German"
                   custom="readingOrder {index:0;}">
            <Coords points="1737,1848 2672,1848 2672,1887 1737,1887"/>
            <Baseline points="1737,1882 1892,1881 1905,1883 1943,1880 2208,1880 2296,1879 2345,1878 2394,1881 2495,1879 2591,1879 2672,1878"/>
            <TextEquiv>
               <Unicode>„Ja, liebe Demoiselle Vevi — es hat Gott mich hie⸗</Unicode>
            </TextEquiv>
            <TextStyle fontFamily="Times New Roman" fontSize="9.0"/>
         </TextLine>
         <TextLine id="tl_214"
                   primaryLanguage="German"
                   custom="readingOrder {index:1;}">
            <Coords points="1656,1895 1895,1895 1895,1933 1656,1933"/>
            <Baseline points="1655,1925 1709,1923 1895,1923"/>
            <TextEquiv>
               <Unicode>her geführt!“</Unicode>
            </TextEquiv>
            <TextStyle fontFamily="Times New Roman" fontSize="9.0"/>
         </TextLine>
         <TextEquiv>
            <Unicode>„Ja, liebe Demoiselle Vevi — es hat Gott mich hie⸗
her geführt!“</Unicode>
         </TextEquiv>
      </TextRegion>
      <TextRegion type="paragraph" id="r_22_2" custom="readingOrder {index:68;}">
         <Coords points="1655,1936 2669,1936 2669,2023 1655,2023"/>
         <TextLine id="tl_215"
                   primaryLanguage="German"
                   custom="readingOrder {index:0;}">
            <Coords points="1741,1937 2668,1937 2668,1978 1741,1978"/>
            <Baseline points="1740,1969 1839,1969 2083,1969 2147,1970 2302,1969 2450,1970 2520,1970 2668,1969"/>
            <TextEquiv>
               <Unicode>„Dem Allmächtigen sei Dank!“ hauchte die Blinde.</Unicode>
            </TextEquiv>
            <TextStyle fontFamily="Times New Roman" fontSize="9.0"/>
         </TextLine>
         <TextLine id="tl_216"
                   primaryLanguage="German"
                   custom="readingOrder {index:1;}">
            <Coords points="1656,1983 2382,1983 2382,2022 1656,2022"/>
            <Baseline points="1653,2015 1727,2015 1822,2013 1949,2014 2061,2014 2199,2016 2381,2013"/>
            <TextEquiv>
               <Unicode>„Ist auch Laura unter Eurem Schutze?“</Unicode>
            </TextEquiv>
            <TextStyle fontFamily="Times New Roman" fontSize="9.0"/>
         </TextLine>
         <TextEquiv>
            <Unicode>„Dem Allmächtigen sei Dank!“ hauchte die Blinde.
„Ist auch Laura unter Eurem Schutze?“</Unicode>
         </TextEquiv>
      </TextRegion>
      <TextRegion type="paragraph" id="r_22_3" custom="readingOrder {index:69;}">
         <Coords points="1654,2024 2671,2024 2671,2248 1654,2248"/>
         <TextLine id="tl_217"
                   primaryLanguage="German"
                   custom="readingOrder {index:0;}">
            <Coords points="1737,2025 2669,2025 2669,2066 1737,2066"/>
            <Baseline points="1737,2062 1832,2059 1924,2059 2006,2060 2083,2060 2245,2058 2352,2060 2407,2059 2546,2058 2669,2059"/>
            <TextEquiv>
               <Unicode>„Was habt Ihr mit dieser Jungfer zu reden?“ schrie</Unicode>
            </TextEquiv>
            <TextStyle fontFamily="Times New Roman" fontSize="9.0"/>
         </TextLine>
         <TextLine id="tl_218"
                   primaryLanguage="German"
                   custom="readingOrder {index:1;}">
            <Coords points="1655,2073 2669,2073 2669,2112 1655,2112"/>
            <Baseline points="1655,2105 1707,2104 1838,2105 1976,2104 2245,2103 2275,2107 2389,2104 2567,2102 2669,2102"/>
            <TextEquiv>
               <Unicode>die schwarze Lottel den Freiherrn von Mühlberg an.</Unicode>
            </TextEquiv>
            <TextStyle fontFamily="Times New Roman" fontSize="9.0"/>
         </TextLine>
         <TextLine id="tl_219"
                   primaryLanguage="German"
                   custom="readingOrder {index:2;}">
            <Coords points="1656,2115 2670,2115 2670,2157 1656,2157"/>
            <Baseline points="1654,2149 1792,2149 1869,2150 1989,2150 2002,2151 2058,2148 2300,2148 2378,2149 2493,2147 2672,2147"/>
            <TextEquiv>
               <Unicode>„Macht, daß Ihr von hier fortkommt, Ihr feines Herrchen,</Unicode>
            </TextEquiv>
            <TextStyle fontFamily="Times New Roman" fontSize="9.0"/>
         </TextLine>
         <TextLine id="tl_220"
                   primaryLanguage="German"
                   custom="readingOrder {index:3;}">
            <Coords points="1655,2163 2670,2163 2670,2202 1655,2202"/>
            <Baseline points="1655,2195 1712,2194 1793,2195 1804,2195 2018,2195 2112,2194 2282,2195 2357,2193 2444,2194 2553,2194 2670,2193"/>
            <TextEquiv>
               <Unicode>der wohl nur hieher gekommen ist, um uns arme Leute</Unicode>
            </TextEquiv>
            <TextStyle fontFamily="Times New Roman" fontSize="9.0"/>
         </TextLine>
         <TextLine id="tl_221"
                   primaryLanguage="German"
                   custom="readingOrder {index:4;}">
            <Coords points="1656,2209 1931,2209 1931,2247 1656,2247"/>
            <Baseline points="1654,2240 1686,2239 1934,2238"/>
            <TextEquiv>
               <Unicode>zu verhöhnen!“</Unicode>
            </TextEquiv>
            <TextStyle fontFamily="Times New Roman" fontSize="9.0"/>
         </TextLine>
         <TextEquiv>
            <Unicode>„Was habt Ihr mit dieser Jungfer zu reden?“ schrie
die schwarze Lottel den Freiherrn von Mühlberg an.
„Macht, daß Ihr von hier fortkommt, Ihr feines Herrchen,
der wohl nur hieher gekommen ist, um uns arme Leute
zu verhöhnen!“</Unicode>
         </TextEquiv>
      </TextRegion>
      <TextRegion type="paragraph" id="r_22_4" custom="readingOrder {index:70;}">
         <Coords points="1653,2250 2670,2250 2670,2381 1653,2381"/>
         <TextLine id="tl_222"
                   primaryLanguage="German"
                   custom="readingOrder {index:0;}">
            <Coords points="1736,2251 2669,2251 2669,2291 1736,2291"/>
            <Baseline points="1735,2284 1820,2284 1918,2285 2045,2283 2124,2284 2205,2283 2273,2285 2310,2281 2434,2283 2503,2283 2669,2282"/>
            <TextEquiv>
               <Unicode>„He! Was hören wir da? Er will sich an unserem</Unicode>
            </TextEquiv>
            <TextStyle fontFamily="Times New Roman" fontSize="9.0"/>
         </TextLine>
         <TextLine id="tl_223"
                   primaryLanguage="German"
                   custom="readingOrder {index:1;}">
            <Coords points="1654,2296 2669,2296 2669,2336 1654,2336"/>
            <Baseline points="1654,2331 1741,2329 1950,2329 2084,2329 2242,2328 2408,2327 2495,2328 2669,2327"/>
            <TextEquiv>
               <Unicode>Elend weiden?!“ schrien mehrere Strolche und sprangen</Unicode>
            </TextEquiv>
            <TextStyle fontFamily="Times New Roman" fontSize="9.0"/>
         </TextLine>
         <TextLine id="tl_224"
                   primaryLanguage="German"
                   custom="readingOrder {index:2;}">
            <Coords points="1655,2343 2030,2343 2030,2380 1655,2380"/>
            <Baseline points="1655,2376 1714,2375 1798,2375 1851,2373 1999,2373 2029,2376"/>
            <TextEquiv>
               <Unicode>von ihren Sitzen auf.</Unicode>
            </TextEquiv>
            <TextStyle fontFamily="Times New Roman" fontSize="9.0"/>
         </TextLine>
         <TextEquiv>
            <Unicode>„He! Was hören wir da? Er will sich an unserem
Elend weiden?!“ schrien mehrere Strolche und sprangen
von ihren Sitzen auf.</Unicode>
         </TextEquiv>
      </TextRegion>
      <TextRegion type="paragraph" id="r_22_5" custom="readingOrder {index:71;}">
         <Coords points="1650,2384 2671,2384 2671,2518 1650,2518"/>
         <TextLine id="tl_225"
                   primaryLanguage="German"
                   custom="readingOrder {index:0;}">
            <Coords points="1731,2385 2670,2385 2670,2425 1731,2425"/>
            <Baseline points="1730,2419 1786,2419 1908,2418 2016,2418 2100,2419 2290,2417 2389,2418 2422,2416 2670,2416"/>
            <TextEquiv>
               <Unicode>Da der Freiherr von Mühlberg sich und Genoveva</Unicode>
            </TextEquiv>
            <TextStyle fontFamily="Times New Roman" fontSize="9.0"/>
         </TextLine>
         <TextLine id="tl_226"
                   primaryLanguage="German"
                   custom="readingOrder {index:1;}">
            <Coords points="1656,2430 2669,2430 2669,2472 1656,2472"/>
            <Baseline points="1656,2465 1782,2463 1857,2464 1949,2464 2021,2465 2102,2464 2224,2462 2413,2462 2565,2460 2605,2463 2631,2460 2669,2462"/>
            <TextEquiv>
               <Unicode>bedrängt sah, zog er den Degen, welchen er — wie in</Unicode>
            </TextEquiv>
            <TextStyle fontFamily="Times New Roman" fontSize="9.0"/>
         </TextLine>
         <TextLine id="tl_227"
                   primaryLanguage="German"
                   custom="readingOrder {index:2;}">
            <Coords points="1651,2473 2586,2473 2586,2517 1651,2517"/>
            <Baseline points="1650,2509 1837,2509 1855,2511 1942,2508 2106,2507 2171,2510 2261,2508 2297,2507 2371,2506 2449,2505 2486,2506 2586,2505"/>
            <TextEquiv>
               <Unicode>jenen Tagen jeder Edelmann — an der Seite trug.</Unicode>
            </TextEquiv>
            <TextStyle fontFamily="Times New Roman" fontSize="9.0"/>
         </TextLine>
         <TextEquiv>
            <Unicode>Da der Freiherr von Mühlberg sich und Genoveva
bedrängt sah, zog er den Degen, welchen er — wie in
jenen Tagen jeder Edelmann — an der Seite trug.</Unicode>
         </TextEquiv>
      </TextRegion>
      <TextRegion type="paragraph" id="r_22_6" custom="readingOrder {index:72;}">
         <Coords points="1652,2518 2670,2518 2670,2743 1652,2743"/>
         <TextLine id="tl_228"
                   primaryLanguage="German"
                   custom="readingOrder {index:0;}">
            <Coords points="1733,2519 2669,2519 2669,2560 1733,2560"/>
            <Baseline points="1733,2555 1799,2552 1883,2554 2009,2552 2103,2554 2402,2548 2424,2550 2569,2549 2669,2548"/>
            <TextEquiv>
               <Unicode>Daß der Kampf ein ungleicher werden mußte, sah</Unicode>
            </TextEquiv>
            <TextStyle fontFamily="Times New Roman" fontSize="9.0"/>
         </TextLine>
         <TextLine id="tl_229"
                   primaryLanguage="German"
                   custom="readingOrder {index:1;}">
            <Coords points="1655,2563 2669,2563 2669,2607 1655,2607"/>
            <Baseline points="1654,2599 1768,2599 1892,2596 1954,2601 1977,2598 2162,2597 2208,2596 2307,2596 2519,2593 2669,2595"/>
            <TextEquiv>
               <Unicode>Egydius ein. Um die Blinde aus den unsauberen Händen</Unicode>
            </TextEquiv>
            <TextStyle fontFamily="Times New Roman" fontSize="9.0"/>
         </TextLine>
         <TextLine id="tl_230"
                   primaryLanguage="German"
                   custom="readingOrder {index:2;}">
            <Coords points="1653,2607 2667,2607 2667,2653 1653,2653"/>
            <Baseline points="1651,2645 1689,2646 1837,2644 1965,2642 2127,2643 2244,2640 2357,2638 2474,2640 2620,2638 2667,2642"/>
            <TextEquiv>
               <Unicode>zu befreien, zwang Egydius seinen Stolz nieder und sprach</Unicode>
            </TextEquiv>
            <TextStyle fontFamily="Times New Roman" fontSize="9.0"/>
         </TextLine>
         <TextLine id="tl_231"
                   primaryLanguage="German"
                   custom="readingOrder {index:3;}">
            <Coords points="1654,2652 2667,2652 2667,2697 1654,2697"/>
            <Baseline points="1652,2689 1691,2688 1781,2689 1844,2689 1913,2689 2189,2686 2357,2682 2612,2686 2667,2685"/>
            <TextEquiv>
               <Unicode>zu dem in der Drachenschänke versammelten Gesindel in</Unicode>
            </TextEquiv>
            <TextStyle fontFamily="Times New Roman" fontSize="9.0"/>
         </TextLine>
         <TextLine id="tl_232"
                   primaryLanguage="German"
                   custom="readingOrder {index:4;}">
            <Coords points="1654,2702 2015,2702 2015,2742 1654,2742"/>
            <Baseline points="1655,2734 1850,2734 1886,2736 1908,2733 2015,2732"/>
            <TextEquiv>
               <Unicode>begütigendem Tone:</Unicode>
            </TextEquiv>
            <TextStyle fontFamily="Times New Roman" fontSize="9.0"/>
         </TextLine>
         <TextEquiv>
            <Unicode>Daß der Kampf ein ungleicher werden mußte, sah
Egydius ein. Um die Blinde aus den unsauberen Händen
zu befreien, zwang Egydius seinen Stolz nieder und sprach
zu dem in der Drachenschänke versammelten Gesindel in
begütigendem Tone:</Unicode>
         </TextEquiv>
      </TextRegion>
      <TextRegion type="paragraph" id="r_22_7" custom="readingOrder {index:73;}">
         <Coords points="1652,2741 2668,2741 2668,2883 1652,2883"/>
         <TextLine id="tl_233"
                   primaryLanguage="German"
                   custom="readingOrder {index:0;}">
            <Coords points="1737,2742 2667,2742 2667,2786 1737,2786"/>
            <Baseline points="1737,2780 1808,2778 1910,2776 1977,2778 2167,2773 2301,2772 2456,2775 2667,2771"/>
            <TextEquiv>
               <Unicode>„Ich bin der Beschützer dieses blinden Mädchens,</Unicode>
            </TextEquiv>
            <TextStyle fontFamily="Times New Roman" fontSize="9.0"/>
         </TextLine>
         <TextLine id="tl_234"
                   primaryLanguage="German"
                   custom="readingOrder {index:1;}">
            <Coords points="1655,2786 2667,2786 2667,2831 1655,2831"/>
            <Baseline points="1652,2824 1703,2827 1759,2824 1872,2823 1942,2822 2060,2820 2202,2818 2327,2820 2387,2820 2453,2820 2543,2818 2667,2816"/>
            <TextEquiv>
               <Unicode>das nicht zu der Frau gehört, welche sie an der. Hand</Unicode>
            </TextEquiv>
            <TextStyle fontFamily="Times New Roman" fontSize="9.0"/>
         </TextLine>
         <TextLine id="tl_235"
                   primaryLanguage="German"
                   custom="readingOrder {index:2;}">
            <Coords points="1653,2839 2648,2839 2648,2882 1653,2882"/>
            <Baseline points="1649,2868 1821,2867"/>
            <TextEquiv>
               <Unicode>führt —“</Unicode>
            </TextEquiv>
            <TextStyle fontFamily="Times New Roman" fontSize="9.0"/>
         </TextLine>
         <TextEquiv>
            <Unicode>„Ich bin der Beschützer dieses blinden Mädchens,
das nicht zu der Frau gehört, welche sie an der. Hand
führt —“</Unicode>
         </TextEquiv>
      </TextRegion>
      <TextRegion type="paragraph" id="r_22_8" custom="readingOrder {index:74;}">
         <Coords points="1649,2874 2668,2874 2668,2964 1649,2964"/>
         <TextLine id="tl_236"
                   primaryLanguage="German"
                   custom="readingOrder {index:0;}">
            <Coords points="1731,2875 2667,2875 2667,2918 1731,2918"/>
            <Baseline points="1731,2913 1775,2912 1869,2911 1965,2912 2024,2910 2119,2910 2213,2909 2334,2910 2485,2908 2595,2908 2667,2906"/>
            <TextEquiv>
               <Unicode>Er kam nicht zu Ende mit seiner Anrede, denn die</Unicode>
            </TextEquiv>
            <TextStyle fontFamily="Times New Roman" fontSize="9.0"/>
         </TextLine>
         <TextLine id="tl_237"
                   primaryLanguage="German"
                   custom="readingOrder {index:1;}">
            <Coords points="1650,2924 1988,2924 1988,2963 1650,2963"/>
            <Baseline points="1649,2958 1839,2956 1988,2955"/>
            <TextEquiv>
               <Unicode>Drachenwirtin rief:</Unicode>
            </TextEquiv>
            <TextStyle fontFamily="Times New Roman" fontSize="9.0"/>
         </TextLine>
         <TextEquiv>
            <Unicode>Er kam nicht zu Ende mit seiner Anrede, denn die
Drachenwirtin rief:</Unicode>
         </TextEquiv>
      </TextRegion>
      <TextRegion type="paragraph" id="r_22_9" custom="readingOrder {index:75;}">
         <Coords points="1648,2963 2668,2963 2668,3142 1648,3142"/>
         <TextLine id="tl_238"
                   primaryLanguage="German"
                   custom="readingOrder {index:0;}">
            <Coords points="1735,2964 2667,2964 2667,3006 1735,3006"/>
            <Baseline points="1732,3001 1799,3000 1861,2998 1964,2997 2084,2997 2166,2999 2218,2996 2419,2998 2558,2996 2667,2995"/>
            <TextEquiv>
               <Unicode>„Es ist nicht wahr, was dieser Herr redet! Die</Unicode>
            </TextEquiv>
            <TextStyle fontFamily="Times New Roman" fontSize="9.0"/>
         </TextLine>
         <TextLine id="tl_239"
                   primaryLanguage="German"
                   custom="readingOrder {index:1;}">
            <Coords points="1650,3008 2666,3008 2666,3052 1650,3052"/>
            <Baseline points="1648,3047 1767,3046 1857,3045 2067,3041 2114,3045 2213,3041 2325,3042 2378,3043 2542,3041 2562,3038 2666,3039"/>
            <TextEquiv>
               <Unicode>Blinde steht unter meinem Schutze und es soll dem feinen</Unicode>
            </TextEquiv>
            <TextStyle fontFamily="Times New Roman" fontSize="9.0"/>
         </TextLine>
         <TextLine id="tl_240"
                   primaryLanguage="German"
                   custom="readingOrder {index:2;}">
            <Coords points="1650,3052 2667,3052 2667,3098 1650,3098"/>
            <Baseline points="1649,3091 1808,3088 1900,3086 1999,3088 2044,3086 2154,3087 2198,3086 2243,3087 2547,3083 2667,3083"/>
            <TextEquiv>
               <Unicode>Herrlein, dem wohl das Mädchen gefällt, nicht so leicht</Unicode>
            </TextEquiv>
            <TextStyle fontFamily="Times New Roman" fontSize="9.0"/>
         </TextLine>
         <TextLine id="tl_241"
                   primaryLanguage="German"
                   custom="readingOrder {index:3;}">
            <Coords points="1649,3099 2363,3099 2363,3141 1649,3141"/>
            <Baseline points="1649,3136 1765,3132 1853,3132 2040,3131 2103,3131 2363,3130"/>
            <TextEquiv>
               <Unicode>werden, sich desselben zu bemächtigen.“</Unicode>
            </TextEquiv>
            <TextStyle fontFamily="Times New Roman" fontSize="9.0"/>
         </TextLine>
         <TextEquiv>
            <Unicode>„Es ist nicht wahr, was dieser Herr redet! Die
Blinde steht unter meinem Schutze und es soll dem feinen
Herrlein, dem wohl das Mädchen gefällt, nicht so leicht
werden, sich desselben zu bemächtigen.“</Unicode>
         </TextEquiv>
      </TextRegion>
      <TextRegion type="paragraph" id="r_22_10" custom="readingOrder {index:76;}">
         <Coords points="1648,3139 2667,3139 2667,3232 1648,3232"/>
         <TextLine id="tl_242"
                   primaryLanguage="German"
                   custom="readingOrder {index:0;}">
            <Coords points="1734,3140 2666,3140 2666,3184 1734,3184"/>
            <Baseline points="1733,3177 1785,3176 1891,3177 2034,3176 2177,3175 2312,3175 2479,3175 2550,3173 2666,3172"/>
            <TextEquiv>
               <Unicode>„O — Himmel! Welche Lügen kommen an mein</Unicode>
            </TextEquiv>
            <TextStyle fontFamily="Times New Roman" fontSize="9.0"/>
         </TextLine>
         <TextLine id="tl_243"
                   primaryLanguage="German"
                   custom="readingOrder {index:1;}">
            <Coords points="1649,3185 2664,3185 2664,3231 1649,3231"/>
            <Baseline points="1649,3225 1787,3222 1883,3222 2057,3221 2208,3221 2361,3222 2520,3217 2585,3216 2665,3216"/>
            <TextEquiv>
               <Unicode>Ohr?!“ rief Genoveva. „Dieser gnädige Freiherr ist —“</Unicode>
            </TextEquiv>
            <TextStyle fontFamily="Times New Roman" fontSize="9.0"/>
         </TextLine>
         <TextEquiv>
            <Unicode>„O — Himmel! Welche Lügen kommen an mein
Ohr?!“ rief Genoveva. „Dieser gnädige Freiherr ist —“</Unicode>
         </TextEquiv>
      </TextRegion>
      <TextRegion type="paragraph" id="r_22_11" custom="readingOrder {index:77;}">
         <Coords points="1647,3228 2667,3228 2667,3365 1647,3365"/>
         <TextLine id="tl_244"
                   primaryLanguage="German"
                   custom="readingOrder {index:0;}">
            <Coords points="1729,3229 2665,3229 2665,3275 1729,3275"/>
            <Baseline points="1729,3269 1778,3267 1918,3267 1985,3266 2055,3265 2181,3265 2331,3265 2397,3265 2492,3263 2588,3260 2666,3259"/>
            <TextEquiv>
               <Unicode>Rasch legte ihr die schwarze Lottel die Hand auf den</Unicode>
            </TextEquiv>
            <TextStyle fontFamily="Times New Roman" fontSize="9.0"/>
         </TextLine>
         <TextLine id="tl_245"
                   primaryLanguage="German"
                   custom="readingOrder {index:1;}">
            <Coords points="1649,3274 2666,3274 2666,3319 1649,3319"/>
            <Baseline points="1649,3313 1717,3310 2031,3309 2062,3311 2264,3311 2407,3309 2503,3308 2666,3304"/>
            <TextEquiv>
               <Unicode>Mund und verhinderte Genoveva dadurch am Weiter⸗</Unicode>
            </TextEquiv>
            <TextStyle fontFamily="Times New Roman" fontSize="9.0"/>
         </TextLine>
         <TextLine id="tl_246"
                   primaryLanguage="German"
                   custom="readingOrder {index:2;}">
            <Coords points="1648,3326 1793,3326 1793,3364 1648,3364"/>
            <Baseline points="1646,3356 1793,3358"/>
            <TextEquiv>
               <Unicode>sprechen.</Unicode>
            </TextEquiv>
            <TextStyle fontFamily="Times New Roman" fontSize="9.0"/>
         </TextLine>
         <TextEquiv>
            <Unicode>Rasch legte ihr die schwarze Lottel die Hand auf den
Mund und verhinderte Genoveva dadurch am Weiter⸗
sprechen.</Unicode>
         </TextEquiv>
      </TextRegion>
      <TextRegion type="paragraph" id="r_22_12" custom="readingOrder {index:78;}">
         <Coords points="1989,3365 2325,3365 2325,3408 1989,3408"/>
         <TextLine id="tl_247"
                   primaryLanguage="German"
                   custom="readingOrder {index:0;}">
            <Coords points="1990,3366 2324,3366 2324,3407 1990,3407"/>
            <Baseline points="1987,3398 2199,3397 2324,3397"/>
            <TextEquiv>
               <Unicode>(Fortsetzung folgt.)</Unicode>
            </TextEquiv>
            <TextStyle fontFamily="Times New Roman" fontSize="9.0"/>
         </TextLine>
         <TextEquiv>
            <Unicode>(Fortsetzung folgt.)</Unicode>
         </TextEquiv>
      </TextRegion>
      <SeparatorRegion id="r_23" custom="readingOrder {index:79;}">
         <Coords points="196,0 412,0 412,4 196,4"/>
      </SeparatorRegion>
      <SeparatorRegion id="r_24" custom="readingOrder {index:80;}">
         <Coords points="503,0 938,0 938,6 503,6"/>
      </SeparatorRegion>
      <SeparatorRegion id="r_25" custom="readingOrder {index:81;}">
         <Coords points="1018,0 2746,0 2746,15 1018,15"/>
      </SeparatorRegion>
      <SeparatorRegion id="r_26" custom="readingOrder {index:82;}">
         <Coords points="614,227 2679,227 2679,243 614,243"/>
      </SeparatorRegion>
      <SeparatorRegion id="r_27" custom="readingOrder {index:83;}">
         <Coords points="327,257 418,257 418,261 327,261"/>
      </SeparatorRegion>
      <SeparatorRegion id="r_28" custom="readingOrder {index:84;}">
         <Coords points="170,439 579,439 579,444 170,444"/>
      </SeparatorRegion>
      <SeparatorRegion id="r_29" custom="readingOrder {index:85;}">
         <Coords points="169,613 578,613 578,618 169,618"/>
      </SeparatorRegion>
      <SeparatorRegion id="r_30" custom="readingOrder {index:86;}">
         <Coords points="173,760 580,760 580,764 173,764"/>
      </SeparatorRegion>
      <SeparatorRegion id="r_31" custom="readingOrder {index:87;}">
         <Coords points="173,906 580,906 580,910 173,910"/>
      </SeparatorRegion>
      <SeparatorRegion id="r_32" custom="readingOrder {index:88;}">
         <Coords points="173,996 581,996 581,1001 173,1001"/>
      </SeparatorRegion>
      <SeparatorRegion id="r_33" custom="readingOrder {index:89;}">
         <Coords points="173,1116 581,1116 581,1120 173,1120"/>
      </SeparatorRegion>
      <SeparatorRegion id="r_34" custom="readingOrder {index:90;}">
         <Coords points="173,1294 581,1294 581,1305 173,1305"/>
      </SeparatorRegion>
      <SeparatorRegion id="r_35" custom="readingOrder {index:91;}">
         <Coords points="201,1308 580,1308 580,1311 201,1311"/>
      </SeparatorRegion>
      <SeparatorRegion id="r_36" custom="readingOrder {index:92;}">
         <Coords points="300,1376 450,1376 450,1380 300,1380"/>
      </SeparatorRegion>
      <SeparatorRegion id="r_37" custom="readingOrder {index:93;}">
         <Coords points="171,1589 580,1589 580,1608 171,1608"/>
      </SeparatorRegion>
      <SeparatorRegion id="r_38" custom="readingOrder {index:94;}">
         <Coords points="332,1669 424,1669 424,1674 332,1674"/>
      </SeparatorRegion>
      <SeparatorRegion id="r_39" custom="readingOrder {index:95;}">
         <Coords points="609,1809 2670,1809 2670,1822 609,1822"/>
      </SeparatorRegion>
      <SeparatorRegion id="r_40" custom="readingOrder {index:96;}">
         <Coords points="611,1824 2152,1824 2152,1830 611,1830"/>
      </SeparatorRegion>
      <SeparatorRegion id="r_41" custom="readingOrder {index:97;}">
         <Coords points="2498,1826 2652,1826 2652,1829 2498,1829"/>
      </SeparatorRegion>
      <SeparatorRegion id="r_42" custom="readingOrder {index:98;}">
         <Coords points="2173,1827 2348,1827 2348,1829 2173,1829"/>
      </SeparatorRegion>
      <SeparatorRegion id="r_43" custom="readingOrder {index:99;}">
         <Coords points="166,2044 572,2044 572,2048 166,2048"/>
      </SeparatorRegion>
      <SeparatorRegion id="r_44" custom="readingOrder {index:100;}">
         <Coords points="165,2190 571,2190 571,2194 165,2194"/>
      </SeparatorRegion>
      <SeparatorRegion id="r_45" custom="readingOrder {index:101;}">
         <Coords points="165,2354 575,2354 575,2359 165,2359"/>
      </SeparatorRegion>
      <SeparatorRegion id="r_46" custom="readingOrder {index:102;}">
         <Coords points="165,2581 573,2581 573,2587 165,2587"/>
      </SeparatorRegion>
      <SeparatorRegion id="r_47" custom="readingOrder {index:103;}">
         <Coords points="163,2837 569,2837 569,2842 163,2842"/>
      </SeparatorRegion>
      <SeparatorRegion id="r_48" custom="readingOrder {index:104;}">
         <Coords points="164,3008 570,3008 570,3014 164,3014"/>
      </SeparatorRegion>
      <SeparatorRegion id="r_49" custom="readingOrder {index:105;}">
         <Coords points="584,502 600,502 600,3305 584,3305"/>
      </SeparatorRegion>
      <SeparatorRegion id="r_50" custom="readingOrder {index:106;}">
         <Coords points="592,192 599,192 599,502 592,502"/>
      </SeparatorRegion>
      <SeparatorRegion id="r_51" custom="readingOrder {index:107;}">
         <Coords points="1628,1849 1639,1849 1639,3367 1628,3367"/>
      </SeparatorRegion>
      <SeparatorRegion id="r_52" custom="readingOrder {index:108;}">
         <Coords points="1634,253 1645,253 1645,1788 1634,1788"/>
      </SeparatorRegion>
      <SeparatorRegion id="r_53" custom="readingOrder {index:109;}">
         <Coords points="501,0 784,0 784,12 501,12"/>
      </SeparatorRegion>
   </Page>
</PcGts>
