3168 4834
1947 187 2811 251 „Leben Sie wohl, Magda, es muß ſein!“
2645 231 2900 288 ſterben ſoll.“
1665 275 2905 340 Hoffnung, mein Freund, wenn Sie nicht wollen, daß ich
1668 320 2898 386 frauern zu müſſen — es wäre ungerecht. Geben Sie mir
1668 367 2902 431 gerecht — ich habe es nicht verdient, mein Leben ewig ver⸗
1666 409 2903 475 Leben, das Sie mit ſich hinwegtragen. Und es iſt nicht
1667 456 2904 521 für immer verlieren zu müſſen? Es iſt mein Glück, mein
1669 498 2903 565 Wie ſoll ich mich denn an den Gedanken gewöhnen, Sie
1675 543 2903 608 — ſehen Sie mich an, wie früher mit Ihren lieben Augen.
1668 587 2906 654 entſetzliche. Hören Sie damit auf, Erich — lächeln Sie weiter
1671 632 2906 699 — es iſt nicht wahr — es iſt eine Prüfung — leider eine
1672 678 2820 745 „Dann weiß ich nicht mehr! Ich kann es nicht glauben
2694 729 2910 784 im Fieber.
1671 774 2819 842 Sie legte beide Hände an die Stirn und zitterte wie
1784 827 2821 894 „Ich liebe Sie, Magda — ich kann nicht lügen!“
1874 881 2911 945 Sie mir die Wahrheit — Sie ſehen, ich bin ruhig.“
1675 926 2914 991 es mir geſtehen, Erich, ich hätte Sie doch geliebt. Sagen
1675 970 2911 1034 Ihr Herz gefangen nahm. Es ſchändet Sie nicht, wenn Sie
1674 1015 2907 1080 fanden ein junges Mädchen, ſchöner, liebenswürdiger, welches
1675 1057 2915 1125 — der Kopf ſprach vielleicht lauter als das Herz. Sie
1679 1102 2909 1168 Sie mich zu lieben glaubten, aber es war eine Täuſchung
1675 1148 2916 1215 Sie lieben mich nicht mehr? Es gab eine Zeit, in welcher
1679 1193 2914 1258 welchen Sie mir bereiten werden, im voraus, nicht wahr,
1683 1237 2909 1300 leiden habe. Sagen Sie es — ich verzeihe Ihnen den Schmerz,
1679 1282 2910 1346 mir lieber — wenigſtens weiß ich dann, daß ich allein zu
1676 1323 2914 1392 winnen. In dieſem Falle ſagen Sie es offen — es iſt
1682 1370 2914 1435 wäre, ſich von mir zu trennen, Ihre Freiheit wieder zu ge⸗
1677 1412 2911 1477 ich habe ſo viel gelitten. Wenn es ein Vorwand von Ihnen
1682 1458 2918 1526 mir geſagt haben, nicht wahr iſt — ich bin mißtrauiſch —
1680 1503 2830 1569 „Erich, ich fürchte immer noch, daß alles das, was Sie
2142 1557 2916 1614 abermals voll unausſprechlicher Angſt:
1682 1600 2915 1670 als derartige Marter länger erdulden. Doch Magda begann
1684 1646 2916 1712 zu nehmen. Lieber wollte er mit Gewalt ein Ende machen,
1683 1691 2831 1756 Er blieb ſtehen und reichte ihr die Hand, um Abſchied
2708 1744 2916 1795 als Sie?“
1680 1789 2920 1852 und für die man doch beſtraft wird. Wer wüßte das beſſer
1686 1833 2826 1896 „Es gibt Dinge, an denen man nicht die Schuld trägt,
2134 1875 2919 1933 ſich etwas vorzuwerfen haben könnten.“
1686 1921 2829 1984 „Erich, Sie find zu edel und hochherzig, als daß Sie
2170 2001 2439 2054 — 204 —
121 205 1362 274 die, welche ihn in ihrer Unſchuld anflehte, daß er ſie hei⸗
118 252 1362 320 lung Wellbachs — der Tod ſeines Vaters — alles. Und
118 297 1360 362 Mutter wahrſcheinlich mitſchuldig — die ungerechte Verurtei⸗
122 342 1360 409 ſchreckliche Drama, der Mord Markmanns, an welchem ſeine
118 385 1362 454 Bruſt zurück. Vor ſeinen geiſtigen Augen ſtieg es auf, das
115 431 1269 498 Er wollte es ausſprechen, da ſank ſein Haupt auf die
1116 471 1362 530 und vergiß!
121 519 1362 586 ja nun ausſprechen mußte: Ich liebe dich — ſei mein Weib
119 565 1271 631 Und Magda lächelte auch — wartete auf die Worte, die er
1008 608 1366 664 um ſeine Lippen.
120 653 1271 722 Er hob das Haupt, ein Schatten von einem Lächeln irrte
170 698 1364 765 Magdas Worte klangen wie aus weiter Ferne an ſein Ohr.
131 742 1364 808 den, die gleich einem Feuer brannten. Sein Kopf war wüſt.
130 786 1362 854 ihrer ſchüchternen Liebkoſung. Ihm erſchienen ſie wie Wun⸗
126 829 1366 896 diese weichen, roten Lippen redeten lauter als Worte in
127 874 1365 943 zeln, wie eine Mutter die Finger ihres Kindes küßt. Und
127 918 1276 985 Sie zog ſeine Finger an ihre Lippen und küßte ſie ein⸗
853 963 1365 1021 leben und glücklich ſein.“
132 1009 1366 1073 habe. Und ich möchte doch auch gern wiſſen, was es heißt,
130 1051 1368 1119 du wüßteſt, wieviel Tränen ich ſeit meiner Kindheit vergoſſen
131 1095 1369 1162 Glück möglich, mein Erich. Weiſe mich nicht zurück! Wenn
131 1142 1369 1209 Anſpielung machen, nicht einmal daran denken. Noch iſt unſer
131 1186 1367 1253 bei dem Leben meines Vaters — nie werde ich die geringſte
133 1231 1370 1299 o, mein innig Geliebter, ich ſchwöre es dir bei deinem Leben,
132 1274 1372 1344 Ich werde dich nie danach fragen — ich ſchwöre es dir —
138 1320 1367 1387 dich — laß es auf ewig in deinem Herzen begraben ruhen.
133 1367 1278 1431 „Erich — behalte Dein Geheimnis — behalte es für
1140 1407 1371 1462 Sie wohl!“
137 1453 1280 1520 Er kämpfte übermenſchlich, doch ſein Wille ſiegte. „Leben
1191 1497 1373 1549 Mädchen.
139 1543 1283 1609 „Erich, ich liebe Sie ſo unendlich!“ hauchte das junge
403 1587 1286 1651 „Laſſen Sie mich, Magda, es muß ſein!“
775 1631 1285 1687 „Erich, ich bitte Sie —“
1032 1673 1375 1730 nicht feſtgehalten.
141 1719 1373 1787 Und er — er wäre geflohen, hätte ihn die zarte Liebkoſung
139 1765 1373 1832 beſiegen, wollte ihm die Hoffnung auf die Zukunft mitteilen.
141 1807 1374 1875 Hände preßten die ſeinen — ſie wollte ſeinen Widerſtand
137 1851 1374 1918 tränenſtrömenden Augen in ihr Gewand gedrückt. Ihre kleinen
143 1897 1379 1962 ſprochen, war vor ihr auf die Knie geſunken und hatte ſeine
140 1940 1288 2008 Er hatte die letzten Worte mit gebrochener Stimme ge⸗
628 2025 891 2078 — ### —
1732 2367 2715 2423 Beilage zu den „Innsbrucker Nachrichten“.
617 2599 874 2652 — 208 —
2185 2582 2430 2633 — 201 —
247 2682 1378 2745 Der Arzt zweifelte. Er vermutete wett eher einen großen
154 2737 325 2788 Schmerz.
243 2742 1051 2834 „Hat ſie einen großen Verdruß gehabt?“
256 2821 1043 2877 „Nein. Ich erfülle ihr jeden Wunſch!“
247 2866 487 2918 „Liebt ſie?“
467 2903 1337 2962 „Sie liebt und wird geliebt. Das kann es nicht ſein!“
349 2951 1381 3007 Der Arzt ſtellte ſeine Fragen ein, obwohl er keineswegs
161 3008 444 3055 überzeugt wär.
251 3039 1382 3104 Wellbach blieb von nun an Tag und Nacht am Schmerzens⸗
164 3079 1380 3144 lager ſeines Kindes. Was er nicht wußte, erfuhr er bald
162 3128 1383 3189 aus Magdas wilden Fieberphantaſien. Zwar ſprach ſie nur
166 3171 1381 3235 in abgeriſſenen Sätzen, aber es genügte ihm, um zu begreifen,
161 3217 1383 3285 daß Erich Mohrfeld ſie nicht mehr mochte. Und das Mädchen
167 3260 1382 3324 lebte nur in dieſer Liebe. Alſo darum war ſie ſo traurig,
165 3306 1385 3366 darum war ſie krank geworden. Sie würde, ſie mußte da⸗
167 3361 549 3411 von zugrunde gehen.
256 3394 1387 3455 Eines Tages ließ er anſpannen und fuhr nach Rahnsdorf
167 3437 1386 3505 in der Hoffnung, den jungen Rechtsanwalt daſelbſt zu treffen
169 3477 1388 3544 und ſich mit ihm ausſprechen zu können. Es war an einem
165 3528 1387 3589 Sonntag. Erich war tags vorher mit ſeiner Mutter an⸗
166 3588 311 3634 gelangt.
256 3618 1386 3677 Als er Wellbachs ernſtes, ſorgenvolles Geſicht erblickte,
166 3663 1390 3726 begriff er ſofort, daß jener alles wußte. Dazu ſagte ihm
167 3705 1388 3768 ein Vorgefühl, daß Magda krank ſein müſſe. Er empfand
171 3751 1389 3810 eine kindiſche Luſt zu fliehen, aber ſchon kam das Mädchen,
171 3795 1342 3855 den Beſuch zu melden, und dieſer folgte ihr auf dem Fuße.
260 3841 1390 3897 „Kommen Sie“, ſprach er nach recht flüchtigem Gruße,
170 3886 1392 3944 „und laſſen Sie uns in den Garten gehen. Ich muß Sie
170 3940 613 3990 ohne Zeugen ſprechen.“
260 3974 1390 4033 Minutenlang ſchritten Sie ſchweigend durch die Gänge,
257 4019 1394 4077 bis endlich Erich begann: „Sie wollten mich ſprechen, Herr
170 4067 371 4119 Wellbach.“
262 4109 1395 4174 „Ja, Herr Mohrfeld! Meine Tochter iſt ſchwerkrank. In
172 4153 1395 4211 ihren Fieberphantaſien hat ſie mir verraten, daß ſie Ihnen
172 4191 1396 4256 das Neueſte mitgeteilt hat. Das Zutagekommen meiner Un⸗
176 4240 1396 4299 ſchuld an dem mir zur Laſt gelegten Verbrechen und die Ent⸗
175 4277 1397 4344 larvung des wahren Schuldigen. Ich weiß ferner, daß Sie
178 4332 1396 4387 ſie lieben, daß Sie ſie um ihre Hand gebeten haben, und daß
176 4372 1399 4433 Sie ſie nun unbegreiflicherweiſe auf einmal verſchmähten Ver⸗
176 4427 469 4478 hält es ſich ſo?“
1791 2662 2918 2723 „O, Magda — mehr als alles auf der Welt, mehr als
1698 2721 1960 2760 mein Leben!“
1791 2753 2808 2810 „Weshalb haben Sie dann Geheimniſſe vor mir?“
1791 2806 2141 2856 „Ich habe keine!“
1794 2838 2923 2900 „Sie lügen!“ rief ſie, vor Bewegung zitternd. Nach kurzem
1702 2884 2924 2944 Stillſchweigen fuhr ſie fort: „Erich, ich bat Sie, mit nach
1702 2927 2922 2990 Friedrichshagen zu kommen, damit mein Papa Sie umarmen,
1702 2986 2078 3033 uns ſegnen könne!“
1794 3020 2806 3078 „Wozu das?“ murmelte er mit erſtickter Stimme.
1794 3062 2921 3122 Er hatte es ſo leiſe geſagt, daß ſie es nicht verſtand.
1701 3115 2378 3169 Trotzdem begriff ſie und erbleichte.
1797 3154 2926 3212 „Ich ängſtige mich“, ſagte Magda ſchwer atmend. „Sie
1704 3195 2927 3258 haben mir ein Unglück zu verkünden — ich weiß es. Ich
1694 3239 2929 3302 war auch zu glücklich — ich lachte, ich ſang — ich, die ich
1696 3298 2069 3347 ſtets traurig war.“
1800 3332 2926 3391 „Ich kann jetzt nicht zu Ihrem Vater gehen, Magda“,
1708 3367 2926 3438 erwiderte der junge Mann, über ihre Veränderung erſchreckend.
1708 3411 2928 3480 „Jetzt wenigſtens nicht, aber bald — bald. Ich muß vor
1710 3464 2928 3523 allen Dingen meine Mutter aufſuchen, die etwas leidend iſt!“
1801 3502 2928 3568 „So werde ich Sie begleiten“, entgegnete ſie, entſchloſſen,
1711 3549 2930 3616 die Wahrheit um jeden Preis kennen zu lernen. „Wir neh⸗
1710 3589 2932 3659 men Ihre Mutter dann mit nach Friedrichshagen und erzählen
1711 3640 2931 3703 ihr die traurige Geſchichte meines Papas, die wir nicht länger
1709 3697 2270 3748 geheim zu halten brauchen!“
1805 3740 2019 3789 Er erſchrak.
1804 3777 2934 3835 „Nein, Magda, ich bleibe den ganzen Tag bei meiner
1713 3815 2933 3881 Mutter. Und da ich gezwungen bin, in wichtiger, unaufſchieb⸗
1712 3867 2934 3925 barer Angelegenheit noch heute nach Berlin zurückzukehren, kann
1714 3916 2473 3973 ich Ihren Papa erſt ſpäter aufſuchen.“
1804 3954 2935 4014 Jetzt war die Reihe des Schweigens an Magda gekom⸗
1713 3999 2936 4059 men. Geſenkten Hauptes gingen ſie nebeneinander her. Sie
1714 4035 2932 4104 hatte ſeinen Arm losgelaſſen und verſank in tiefes Nachdenken.
1716 4090 2936 4149 Als ſie die erſten Häuſer von Rahnsdorf erreicht hatten, wandte
1717 4144 2149 4192 ſie ſich ihm wieder zu.
1809 4179 2934 4238 „Erich“, ſagte ſie feſt, „ich will die Wahrheit wiſſen,
1717 4227 2560 4283 koſtete ſie auch das Glück meines Lebens.“
1810 4265 2831 4326 „Ich flehe Sie an, Magda, fragen Sie mich nicht!“
1808 4312 2368 4372 „Sehen Sie, ich hatte recht!“
1806 4368 1985 4414 „Leider!“
1807 4405 2568 4459 „Sprechen Sie, ich will alles wiſſen!“
1809 4458 2585 4503 Gustav Rebfeld, Ein dunkles Verbrechen
