3104 4827
1254 85 1784 129 Innsbrucker Nachrichten
196 82 707 129 Samstag den 1. Juli 1911.
205 181 979 241 Das Abenteuer der Tiroler
244 261 930 332 Ballonfahrer in Italien.
183 349 1036 394 Die in Italien ebenso wie in Frankreich
142 394 1038 442 grassierende Spionagefurcht, hat die Insassen
142 438 1037 486 des am Donnerstag ¾1 Uhr früh aufgestie¬
140 483 1036 529 genen und nach Italien verschlagenen Ballons
138 528 1037 574 „Tirol“ in eine recht unangenehme und un¬
140 573 1035 618 erquickliche Situation gebracht, welche nahezu
139 616 1036 662 eine diplomatische Aktion erforderlich machen
139 661 1034 707 würde. Der italienische Konsul in Innsbruck,
139 706 1034 753 der aus eigener Anschauung und Erfahrung
138 750 1035 798 weiß, daß die Ballonfahrer nur eine harm¬
137 795 1035 843 lose Vergnügungsluftschiffahrt machen wollten
139 840 1035 884 und keine Absicht haben, die schönsten Geheim¬
138 884 1033 930 nisse des nervösen Königreiches auszuspionieren,
138 930 1034 975 hat bereits an seine Regierung einen eingehen¬
138 973 573 1018 den Bericht abgesandt.
125 1017 1034 1063 Zu den von uns gestern gemeldeten Nach¬
137 1062 1034 1106 richten über das Malheur, das den Innsbruckern
137 1106 1033 1152 passiert ist, liegen uns heute noch folgende
138 1151 1032 1196 Einzelnheiten vor, deren eine erkennen läßt,
137 1194 1034 1241 daß zwei der Verhafteten sich schon auf freiem
137 1239 580 1286 Fuße befinden dürften.
180 1284 1033 1330 Wie uns weiter mitgeteilt wird, ist hier
135 1328 1031 1375 heute nachts ein Telegramm aus Udine einge¬
135 1371 1034 1417 langt, worin es heißt, daß das Ministerium noch
136 1416 1031 1467 auf die Antwort des hiesigen italienischen Kon¬
134 1457 1028 1505 suls betreffend die Identität der Verhafteten warte.
134 1504 1030 1551 Demnach sind die letzteren derzeit noch immer
134 1548 1031 1593 „Gäste der Carabinieri“. Der Luftschiffahrtver¬
135 1593 1029 1639 ein antwortete sofort, daß der hiesige Konsul sich
134 1637 1029 1684 der Sache bereits sehr warm angenommen und
134 1682 1030 1728 schon gestern mittags ein langes Telegramm an
134 1726 1030 1772 das italienische Ministerium des Äußern gesendet
133 1770 918 1816 habe. Die Antwort hierauf steht noch aus.
179 1813 1030 1862 Über Wien wurde uns telegraphiert: über
135 1860 1030 1905 die in der Provinz Udine verhafteten öster¬
135 1903 1031 1949 reichischen Luftschiffer liegen folgende Nachrich¬
135 1947 1030 1996 ten vor: Kais. Rat Fritz Heigl und Oberleut¬
136 1992 1030 2038 nant v. Sarlay erklären, es sei nicht ihre
136 2038 1029 2084 Absicht gewesen, über italienisches Gebiet zu
136 2082 1030 2127 fliegen, der Wind hätte sie aber in südöstlicher
135 2125 1029 2173 Richtung von ihrem ursprünglichen Westostkurse
135 2172 1030 2218 weggetrieben. Die Landung im Gebiete von
135 2216 1028 2262 Friaul wäre also die Folge eines unglücklichen
135 2259 1029 2310 Zufalls gewesen. Von der italienischen Gen¬
135 2297 1028 2351 darmerie wird gesagt, die Luftschiffer hätten
136 2349 1029 2396 einen Mappeur und einen Photographen bei
134 2392 1029 2438 sich und in ihren Karten wären die italie¬
134 2437 1028 2486 nischen Befestigungen der Alpen und der Taglia¬
133 2483 1028 2529 mentolinie rot eingezeichnet. Die Militärbehörde
135 2525 1030 2575 hat den Verhafteten die Karten und Photogra¬
133 2570 1027 2618 phien abgenommen. Ihre Entscheidung ist für
135 2615 1028 2663 die nächsten Stunden zu erwarten. Man glaubt,
134 2659 1028 2706 sie werde die Verhafteten freigeben, aber die
133 2703 1028 2752 mit Beschlag belegten Gegenstände zurückbe¬
133 2747 250 2788 halten.
178 2793 1029 2839 Und heute gegen 10 Uhr kam in Innsbruck
134 2836 1025 2885 nachstehendes Telegramm an: „Vive la liberté!
134 2881 681 2928 Aviso! Schweighofer, Heigl.“
493 2975 669 3040 Sport.
177 3050 1025 3091 (Lawn=Tennis=Turnier des Inns¬
131 3085 1025 3127 brucker Eislauf=Vereines.) Das Turnier,
132 3122 1028 3163 das Donnerstag abends mit dem unentschiedenen
132 3156 1026 3198 Kampfe um die Meisterschaft im Herren=Einzelspiel
133 3190 1026 3233 nach Einbruch der Dunkelheit abgebrochen werden
131 3228 1025 3269 mußte, fand gestern seine Fortsetzung mit einzelnen
132 3263 1026 3304 außerordentlich interessanten und hartnäckigen Käm¬
132 3299 1024 3340 pfen. Am Morgen begann die weitere Austragung
131 3334 1025 3375 der Herren=Einzelspiel=Meisterschaft zwischen den
132 3366 1024 3410 Herren Dr. v. Hayek und Leutnant Another. Das
132 3405 1023 3446 Spiel endete mit 18 Geam für Leutnant Another,
131 3440 1024 3481 der die Meisterschaft von Tirol mit 2:6, 4:6, 6:1,
131 3475 1024 3516 8:6 und 18:16 gewann. Nachmittags kam das
131 3512 1025 3552 Schlußspiel im Damen=Einzelspiel um die Meister¬
130 3547 1023 3588 schaft für Tirol zur Austragung, das sich ebenfalls
130 3583 1025 3622 sehr interessant und spannend gestaltete, weil sich in
129 3619 1025 3659 den Damen Frl. Grete Kofler und Frl. Hedwig Merkh
131 3654 1024 3694 zwei gleichwertige, ausgezeichnete Spielerinnen gegen¬
130 3689 1022 3730 überstanden. Nach langem Kampfe siegte Frl. Merkh
131 3724 1025 3764 mit 1:6, 9:7, 6:4 und hat so die Meisterschaft von
129 3759 1024 3799 Tirol errungen. Im Herren=Doppelspiel um die
130 3795 1021 3835 Meisterschaft von Tirol siegte das Paar Another=v.
130 3831 1022 3870 Gelb mit 6:2, 6:0, 6:3 gegen Baron Rost=Haus¬
130 3866 1022 3906 mann. Auch dieses Spiel bot zahlreiche interessante
129 3900 1022 3939 Momente. Unentschieden blieben, weil die Dämme¬
130 3937 1022 3975 rung hereinbrach, die Schlußrunde im Damen=Ein¬
129 3968 1021 4012 zelspiel mit Vorgabe zwischen Frau Baronin Rost und
128 4004 1023 4048 Frau Hauptmann Jaschke und das Herren=Doppelspiel
127 4040 1020 4081 mit Vorgabe zwischen „Giovanni“=Hausmann und
129 4078 1022 4119 Dr. Hayek=de Lucchi. Das gemischte Doppelspiel ohne
129 4114 1020 4154 Vorgabe um die Meisterschaft von Tirol gedieh bis
129 4150 1021 4190 zur Schlußrunde, in der Frau Altmann=de Lucchi
129 4185 1018 4224 mit Frl. Merkh=v. Gelb zu kämpfen haben werden.
127 4220 1020 4261 Das Spiel fand auch gestern bei den zahlreich er¬
126 4252 1019 4297 schienenen Sportfreunden das lebhafteste Interesse.
128 4291 1021 4335 Wenn das Wetter günstig ist, können die letzten
127 4327 1020 4367 Spiele nach im Laufe des heutigen Tages ausge¬
127 4362 1020 4403 tragen werden. Abends ½9 Uhr findet sodann im
127 4394 1019 4439 Hotel „Mariabrunn“ auf der Hungerburg  die Ver¬
124 4432 789 4472 teilung der prächtigen Preise statt.
1113 183 1964 224 („Fußball Innsbruck“.) Heute nachmittags
1071 216 1962 259 ½5 Uhr Zusammenkunft am Sportplatz in Mariahilf.
1068 249 1964 294 Die Mitglieder wollen bei der Herrichtung des Platzes
1069 291 1697 329 für das morgige Wettspiel mithelfen.
1113 325 1964 364 (Wiener Sportklub in Innsbruck.) Mor¬
1069 359 1964 400 gen Punkt ½11 Uhr spielt das Innsbrucker Team
1069 396 1964 436 gegen den erstklassigen Wiener Sportklub in der
1069 431 1964 470 Klosterkaserne. Der Wiener Sportklub wurde vor zehn
1068 462 1963 507 Jahren gegründet und hat sich nun zu einer erst¬
1069 502 1964 542 klassigen Mannschaft empor gearbeitet. Überall haben
1067 534 1962 578 die Schwarz=Weißen glänzende Erfolge aufzuweisen.
1061 572 1962 613 Besonders gegen Graz, Troppau, Ungarn und es
1069 608 1964 647 gelang ihnen sogar vor vier Wochen, die englische
1066 639 1962 683 Berufsspielermannschaft im schärfsten Kampfe nieder¬
1068 679 1962 719 zukingen. Der Wiener Sportklub ist als die fairste
1067 714 1963 754 Mannschaft Wiens bekannt. Für Innsbruck werden
1066 750 1961 790 die besten Spieler der hiesigen Sportvereine die Far¬
1066 786 1963 825 ben Tirols verteidigen. Für den Fußballsport in
1067 820 1959 861 Tirol wird dieses Wettspiel ein Markstein werden.
1066 856 1962 896 Denn bis jetzt war es den Innsbrucker Sportsleuten
1067 892 1961 931 noch nie möglich, ein erstklassiges Wettspiel zu sehen
1066 927 1959 966 und dadurch für ihre Spielweise zu lernen. Das
1066 963 1960 1001 morgige Wettspiel wird zeigen, was der Innsbrucker
1065 997 1960 1036 Mannschaft noch fehlt. Die veranstaltenden Vereine
1065 1033 1960 1071 hoffen durch einen zahlreichen Besuch des sport¬
1065 1064 1960 1107 liebenden Publikums ihre Bemühungen um das Zu¬
1052 1103 1960 1143 standekommen des Wettspieles belohnt zu sehen. Er¬
1066 1135 1959 1178 mäßigte Karten haben für dieses Wettspiel keine Gil¬
1065 1173 1959 1213 tigkeit. Die Eintrittspreise sind wie g wöhnlich: 60
1066 1210 1958 1249 Heller Stehplatz, 1 Krone Sitzplatz. Die Spieler des
1064 1245 1959 1285 Innsbrucker Teams treffen sich um 10 Uhr im Gast¬
1065 1282 1959 1325 hof „Grauer Bär“ (Bürgerstube). — Aufnahmen der
1064 1312 1958 1357 Mannschaft sind bei Groß, Kaltschmidt, Max Jeggle
1065 1354 1520 1389 und Leo Stainer zu sehen.
1109 1389 1959 1427 (Rund um die Gletscher. — 1620 Kronen
1066 1424 1959 1462 Preise.) Der am 9. d. Mts. vom Tiroler Rad¬
1066 1459 1958 1497 fahrer=Verbande veranstalteten großen Fernfahrt über
1064 1495 1958 1533 351 km auf der Strecke Innsbruck — Landeck — Re¬
1062 1529 1959 1569 schen — Meran — Bozen — B enner — In bruck wird
1064 1566 1958 1604 allseits reges Interesse entgegengebracht. Der Stre¬
1065 1601 1958 1639 ckendienst ist bereits organisiert und wird den muster¬
1065 1637 1955 1675 gültigen des Jahres 1909 noch wesentlich übertreffen.
1065 1672 1958 1710 Alle Innsbrucker Radfahrer=Vereine, sowie jene von
1064 1708 1957 1746 Telfs, Landeck, Mals, Schlanders, Meran, Lana,
1064 1744 1955 1781 Gries, Bozen, Sterzing, Deutsch=Matrei haben sich
1063 1774 1958 1817 mit Begeisterung in den Dienst dieser Fernfahrt ge¬
1064 1815 1957 1852 stellt. Zwischen den einzelnen Kontrollstationen wer¬
1062 1850 1957 1888 den überdies Automobile einen strengen fliegenden
1049 1883 1956 1923 Überwachungsdienst ausüben, so daß mit den weiters
1050 1920 1956 1960 aufgestellten geheimen Streckenposten jede versuchte
1050 1949 1957 1994 Unregelmäßigkeiten der R nnfahrer von vorneherein
1063 1986 1955 2029 gänzlich unmöglich ist. Ein Auto wird für die Presse
1062 2027 1957 2065 und ein Sanitätsauto gegebenen Falles stets hilfs¬
1062 2062 1956 2100 bereit rasch am Platze sein. Ein verläßlicher Tele¬
1062 2098 1956 2136 phon= und Telegraphendienst wird das Eintreffen der
1062 2133 1956 2171 Fahrer und jedes Vorkommnis von Ort zu Ort be¬
1062 2169 1955 2208 kanntgegeben. Es wird ein hochinteressanter Wett¬
1061 2205 1955 2242 kampf in den Tiroler Bergen werden, den sich die
1062 2239 1955 2277 besten deutschen, schweizerischen und österreichischen
1062 2275 1957 2313 Herren= und Berufsfahrer in jeder Kategorie liefern
1062 2311 1955 2349 werden. Mit wuchtigen Pedaltritten werden Schweizer,
1061 2344 1954 2384 Deutsche und Österreicher ihre Räder über zwei der
1061 2382 1953 2421 höchsten Tiroler Pässe dem Sieg und Ziele zutreiben,
1061 2417 1956 2454 Zwölf prachtvolle Ehrenpreise, von denen manche
1061 2452 1955 2490 von Gönnern und Freunden des Radsportes gewid¬
1061 2487 1956 2526 met wurden, winken den Herrenfahrern und der
1059 2523 1955 2561 Ruhm, in dieser gewaltigen, schwierigen Fernfahrt
1061 2559 1954 2598 unter den Preisträgern zu sein, wird den Berufsfah¬
1061 2595 1954 2633 rern mehr einbringen, als manche Fernfahrt über
1060 2630 1954 2667 längere Strecken; denn die Tiroler Berge werden er¬
1060 2663 1954 2704 weisen, welche unter den von ihnen benützten Mar¬
1060 2701 1954 2739 ken die besten und zuverläßigsten sind. Außerdem er¬
1058 2737 1954 2776 halten alle Fahrer, welche innerhalb der festgesetzten
1058 2772 1955 2811 Maximalzeit einlangen und nicht unter den Siegern
1058 2805 1952 2849 sind, die eigens hiefür hergestellte künstlerische Pla¬
1059 2842 1953 2880 kete des Tiroler Radfahrer=Verbandes. Der erste
1058 2877 1952 2915 Österreicher gewinnt den von der steiermärkischen
1059 2908 1952 2951 Fahrradsfabrik A.=G. Johann Puch in Graz gewid¬
1059 2948 1953 2987 meten Sonderpreis. Die drei ersten österreichischen
1058 2984 1952 3023 Fahrer dieser Fernfahrt erwerben sich das Vorrecht,
1058 3019 1954 3058 an den Auswahlrennen für die olympischen Spiele
1049 3054 1952 3093 in Stockholm 1912 teilnehmen zu können. Der Nen¬
1058 3090 1953 3129 nungsschluß mit einfachem Einsatze wurde auf
1046 3121 1950 3164 Mittwoch, 5. d. Mts., 6 Uhr abends, verschoben.
1057 3161 1951 3199 Nachnennungen mit doppeltem Einsatze werden bis
1057 3192 1949 3235 Samstag, 8. d. Mts., 6 Uhr abends, angenommen.
1057 3232 1949 3271 Alle diesbezüglichen Schriftstücke sind an Herrn Rich.
1057 3267 1915 3306 Holzhammer, Innsbruck, Erlerstraße, zu richten.
1100 3298 1948 3341 (Training der Radfahrer.) Am 28. v.
1056 3338 1951 3377 Mts. abends konnte man unsere heimischen Meister¬
1057 3370 1948 3412 fahrer Franz Hammerle und Emil Falkner und noch
1057 3410 1951 3448 mehrere bewundern, wie sie kühn den steilen „Hohl¬
1056 3444 1950 3482 weg“ von der Brennerstraße bis zum „Sonnenbur¬
1056 3480 1950 3518 gerhof“ fuhren. Emil Falkner beherrschte ohne viel
1056 3515 1949 3554 Anstrengung in 2 Min. 40 Sek. diese steile Strecke.
1051 3550 1950 3589 — Hoffentlich haben unsere Meisterfahrer bei der
1055 3582 1950 3625 Fernfahrt „Rund um die Gletscher“ mehr Glück wie
1055 3621 1948 3660 bei der Bozner Bergfahrt, wobei dem Emil Falkner,
1054 3651 1950 3696 der als sicherer erster Sieger galt, ein Radreifen
1052 3693 1202 3728 zerplatzte.
1167 3773 1843 3866 Nach den Wahlen.
1081 3879 1925 3923 Aus dem Deutschen Nationalverband.
1096 3943 1949 3989 Aus Wien wird uns unterm 1. Juli tele¬
1052 3981 1950 4034 graphiert: Gestern nachmittags trat der vom
1053 4032 1951 4080 Deutschen Nationalverbande nach der Auflösung
1052 4075 1949 4124 des Abgeordnetenhauses eingesetzte Vollzugsaus¬
1052 4119 1947 4167 schuß unter dem Vorsitze des Abg. Dr. Syl¬
1051 4163 1947 4211 vester zu einer Sitzung zusammen, um über
1051 4208 1947 4253 die Modalitäten einer Neukonstruktion des Deut¬
1051 4253 1730 4300 schen Nationalverbandes zu beraten.
1095 4299 1943 4351 An der Sitzung nahmen teil die Abg. Dr.
1050 4338 1944 4390 Groß, Prof. Erb, Herzmansky, Markhl, Dr. von
1043 4383 1945 4434 Oberleithner, Pacher, Dr. Roller, Dr. Schrei¬
1048 4423 1940 4479 ner, Dr. Steinwender, Dr. Stölzel, Wolf, Dr.
2133 82 2846 156 Nr. 148. Seite 7.
1997 184 2891 235 Urban, Jesser, Dr. v. Langenhan, Hummer, Dr.
1996 231 2892 279 Waber und Dr. Wichtl. Es wurde beschlossen,
1996 276 2894 324 alle diejenigen Abgeordneten zum Beitritte ein¬
1996 320 2895 368 zuladen, welche auf das Programm des Deut¬
1995 365 2894 411 schen Nationalverbandes kandidiert und sich den
1996 409 2893 456 Wählern gegenüber verpflichtet haben, dem Na¬
1995 452 2892 499 tionalverbande beizutreten. Die konstituierende
1995 498 2891 545 Sitzung ist für Freitag den 7. Juli nachmittags
1994 541 2894 590 in Aussicht genommen. Am Vormittag desselben
1994 587 2892 634 Tages wird der Vollzugsausschuß zu einer Sit¬
1993 621 2892 677 zung zusammenzutreten. Der bisherige Vorstand
1994 675 2892 722 wurde mit der provisorischen Weiterführung der
1994 718 2891 768 Geschäfte betraut. Sodann fand eine eingehende
1994 765 2891 811 Debatte über die politische Lage statt, wobei ein¬
1992 808 2892 856 mütig die Auffassung zutage trat, daß den
1993 853 2892 900 neuen Verhältnissen gegenüber eine zuwar¬
1993 897 2889 944 tende Haltung einzunehmen sei, da auch
1992 941 2890 988 das Programm der Regierung und die poli¬
1992 985 2888 1033 tische Richtung, welche sie einzuschlagen gedenkt,
1992 1030 2890 1076 gegenwärtig noch nicht bekannt sind. Der
1992 1070 2890 1118 Deutsche Nationalverband muß unter allen Um¬
1991 1117 2887 1164 ständen an der Forderung, daß die Verwaltung
1991 1152 2886 1208 eine streng objektive sei, festhalten. Hinsichtlich
1991 1206 2889 1253 des Regierungssystems wurde allseits der An¬
1991 1251 2889 1297 schauung Ausdruck gegeben, daß ein parla¬
1990 1294 2889 1341 mentarisches Kabinett, welches ledig¬
1990 1338 2885 1386 lich eine Personenkoalition darstellt,
1990 1384 2314 1428 unmöglich sei.
2034 1428 2887 1476 Bei Beginn der Sitzung gedachte die Ver¬
1990 1473 2887 1520 sammlung des abtretenden Vorsitzenden des Ver¬
1989 1518 2886 1564 bandes, Dr. v. Chiari, und beschloß einmütig,
1991 1562 2887 1606 ihm für sein überaus verdienstvolles Wirken
1989 1607 2883 1653 wärmsten Dank und Anerkennung auszusprechen.
2034 1651 2886 1700 Zu Beginn der Sitzung wurde auch die Frage
1990 1694 2886 1740 erörtert, ob der Deutsche Nationalverband im
1990 1739 2886 1785 neuen Hause in gleicher Form ins Leben treten
1988 1783 2887 1829 solle, wie im alten Hause, nämlich als Ver¬
1988 1828 2886 1875 band von Parteien und einzelnen Abgeordne¬
1989 1872 2885 1917 ten. Diese Form wurde in der Debatte allseits
1989 1912 2141 1961 gebilligt.
2032 1960 2883 2007 Bezüglich des Beitrittes der Parteien,
1987 2005 2885 2052 bezw. der Abgeordneten wurden folgende An¬
1989 2049 2886 2100 träge des Abg. K. H. Wolf einstimmig ange¬
1989 2093 2882 2141 nommen: 1. Alle jene Herren Abgeordneten,
1987 2138 2884 2184 welche im verflossenen Hause dem Nationalver¬
1985 2181 2884 2229 bande angehört haben, 2. diejenigen Herren Ab¬
1988 2227 2885 2275 geordneten, die auf das Programm einer der
1983 2271 2886 2319 bisher im Nationalverband vertretenen Parteien
1987 2313 2885 2362 kandidiert haben, 3. die Abgeordneten, die auf
1987 2358 2885 2405 das Programm der Deutschen Arbeiterpartei
1986 2404 2882 2451 kandidiert haben, 4. diejenigen Abgeordneten,
1986 2443 2882 2493 welche unter der Verpflichtung, dem National¬
1986 2491 2882 2539 verbande beizutreten, kandidiert haben — sind
1986 2535 2885 2584 zur konstituierenden Sitzung des Deutschen Na¬
1986 2582 2491 2626 tionalverbandes einzuladen.
2030 2625 2883 2672 In der Debatte über die politische Situation
1986 2670 2883 2717 wurde darauf verwiesen, daß jede etwa geplante
1986 2711 2882 2761 Systemänderung auf den schärfsten Widerstand
1984 2751 2879 2804 des Deutschen Nationalverbandes stoßen müsse.
1985 2802 2885 2849 Es müsse auch festgestellt werden, daß durch das
1986 2847 2882 2895 einseitige Vorgehen der Christlichsozialen ein
1985 2891 2881 2940 Wechsel des Ministerpräsidenten stattgefunden
1985 2937 2879 2982 habe, ohne daß der Deutsche Nationalverband
1984 2980 2880 3028 zu der durch das Stichwahlergebnis herbeige¬
1983 3023 2881 3072 führten geänderten Situation Stellung nehmen
1983 3069 2102 3103 konnte.
2062 3125 2812 3172 Baron Gautsch und die Parteien.
2028 3180 2875 3228 Der Abg. Dr. Urban ist nach Wien abgereist.
1982 3223 2878 3271 Es dürfte sich um eine Berufung zum Minister¬
1982 3269 2880 3315 präsidenten Baron Gautsch handeln. Die „Na¬
1982 3314 2877 3360 rodni Listy“ melden, daß zwischen Freiherrn
1982 3358 2876 3404 v. Gautsch und den Polen eine Versöhnung
1982 3403 2877 3449 stattgefunden habe, welche von Freunden des
1982 3446 2876 3491 Ministerpräsidenten ver### it wurde. Gautsch
1965 3491 2877 3537 wird das Wasserstra###gesetz, das unter
1981 3536 2877 3582 Bienerth ausgearbeitet ###urde, dem Reichsrate
1981 3582 2139 3624 vorlegen.
1978 3637 2876 3685 Praschek und die tschechische Agrarpartei.
2027 3690 2878 3737 Prag, 1. Juli. Ter Exekutionsausschuß
1981 3734 2878 3781 der tschechischen Agrarpartei hat sich dahin aus¬
1983 3778 2878 3826 gesprochen, daß der Exminister und Abgeord¬
1981 3820 2878 3870 nete Praschek nicht in den Verband aufzunehmen
1981 3866 2877 3913 sei, obwohl eine große Minorität für die Auf¬
1979 3910 2872 3959 nahme war. Doch soll Praschek eine gewisse
1981 3955 2877 4002 Frist eingeräumt werden, nach deren Ablauf
1963 3999 2877 4048 er, wenn sein Verhalten zu der Partei ein
1963 4036 2754 4090 einwandfreies war, aufgenommen wird.
1997 4133 2847 4205 Aus dem Staatseifenbahnrate.
2018 4214 2869 4268 Gestern wurde in den Sitzungslokalitäten des
1976 4252 2870 4308 niederösterreichischen Landhauses die diesjährige
1974 4303 2869 4352 Frühjahrssession des Staatseisenbahnrates mit
1962 4337 2869 4395 den Beratungen des Ausschusses für allgemeine
1962 4387 2866 4439 Angelegenheiten unter dem Vorsitze des Ob¬
1973 4436 2863 4485 mannes Herranhausmitgliedes Dr. Ruß eröfnet.
