<?xml version="1.0" encoding="UTF-8"?>
<PcGts xmlns="http://schema.primaresearch.org/PAGE/gts/pagecontent/2013-07-15" xmlns:xsi="http://www.w3.org/2001/XMLSchema-instance" xsi:schemaLocation="http://schema.primaresearch.org/PAGE/gts/pagecontent/2013-07-15 http://schema.primaresearch.org/PAGE/gts/pagecontent/2013-07-15/pagecontent.xsd">
  <Metadata>
    <Creator>University of Innsbruck</Creator>
    <Created>2018-11-29T10:45:38.615+01:00</Created>
    <LastChange>2019-02-01T11:39:37.702+01:00</LastChange>
    <Comments>
                Measurement unit: pixel
                PrimaryLanguage: German
                Language: GermanStandard
                Producer: https://transkribus.eu/Transkribus/</Comments>
    <TranskribusMetadata docId="126495" pageId="4785045" pageNr="72" tsid="7883321" status="GT" userId="206" imgUrl="https://files.transkribus.eu/Get?id=DUVSOMCBYSLGWUUTJDESEMTE&amp;fileType=view" xmlUrl="https://files.transkribus.eu/Get?id=AGVPSPYJBMIBUVISUDQHDXQN" imageId="2199637"/>
  </Metadata>
  <Page imageFilename="ONB_ibn_19110701_037.tif" imageWidth="3104" imageHeight="4831">
    <PrintSpace>
      <Coords points="0,0 3104,0 3104,4831 0,4831"/>
    </PrintSpace>
    <ReadingOrder>
      <OrderedGroup id="ro_1567004090361" caption="Regions reading order">
        <RegionRefIndexed index="0" regionRef="r_4_1"/>
        <RegionRefIndexed index="1" regionRef="r_5_1"/>
        <RegionRefIndexed index="2" regionRef="r_6_1"/>
        <RegionRefIndexed index="3" regionRef="r_9_1"/>
        <RegionRefIndexed index="4" regionRef="r_9_2"/>
        <RegionRefIndexed index="5" regionRef="r_9_3"/>
        <RegionRefIndexed index="6" regionRef="r_9_4"/>
        <RegionRefIndexed index="7" regionRef="r_10_1"/>
        <RegionRefIndexed index="8" regionRef="r_11_1"/>
        <RegionRefIndexed index="9" regionRef="r_11_2"/>
        <RegionRefIndexed index="10" regionRef="r_13_1"/>
        <RegionRefIndexed index="11" regionRef="r_13_2"/>
        <RegionRefIndexed index="12" regionRef="r_14_1"/>
        <RegionRefIndexed index="13" regionRef="region_1546933057396_6"/>
        <RegionRefIndexed index="14" regionRef="r_15_1"/>
        <RegionRefIndexed index="15" regionRef="r_15_2"/>
        <RegionRefIndexed index="16" regionRef="r_15_3"/>
        <RegionRefIndexed index="17" regionRef="r_15_4"/>
        <RegionRefIndexed index="18" regionRef="r_15_5"/>
        <RegionRefIndexed index="19" regionRef="r_15_6"/>
        <RegionRefIndexed index="20" regionRef="r_15_7"/>
        <RegionRefIndexed index="21" regionRef="r_15_8"/>
        <RegionRefIndexed index="22" regionRef="r_16_1"/>
        <RegionRefIndexed index="23" regionRef="r_16_2"/>
        <RegionRefIndexed index="24" regionRef="r_16_3"/>
        <RegionRefIndexed index="25" regionRef="r_16_4"/>
        <RegionRefIndexed index="26" regionRef="r_16_5"/>
        <RegionRefIndexed index="27" regionRef="r_16_6"/>
        <RegionRefIndexed index="28" regionRef="r_17_1"/>
        <RegionRefIndexed index="29" regionRef="r_17_2"/>
        <RegionRefIndexed index="30" regionRef="r_18_1"/>
        <RegionRefIndexed index="31" regionRef="r_18_2"/>
        <RegionRefIndexed index="32" regionRef="r_18_3"/>
        <RegionRefIndexed index="33" regionRef="r_18_4"/>
        <RegionRefIndexed index="34" regionRef="r_18_5"/>
        <RegionRefIndexed index="35" regionRef="r_18_6"/>
        <RegionRefIndexed index="36" regionRef="r_18_7"/>
        <RegionRefIndexed index="37" regionRef="r_18_8"/>
        <RegionRefIndexed index="38" regionRef="r_18_9"/>
        <RegionRefIndexed index="39" regionRef="r_18_10"/>
        <RegionRefIndexed index="40" regionRef="r_18_11"/>
        <RegionRefIndexed index="41" regionRef="r_18_12"/>
        <RegionRefIndexed index="43" regionRef="r_20_1"/>
        <RegionRefIndexed index="44" regionRef="r_20_2"/>
        <RegionRefIndexed index="45" regionRef="r_20_3"/>
        <RegionRefIndexed index="46" regionRef="r_20_4"/>
        <RegionRefIndexed index="47" regionRef="r_20_5"/>
        <RegionRefIndexed index="48" regionRef="r_20_6"/>
        <RegionRefIndexed index="49" regionRef="r_20_7"/>
        <RegionRefIndexed index="50" regionRef="r_21_1"/>
        <RegionRefIndexed index="51" regionRef="r_21_2"/>
        <RegionRefIndexed index="52" regionRef="r_21_3"/>
        <RegionRefIndexed index="53" regionRef="r_22_1"/>
        <RegionRefIndexed index="54" regionRef="r_22_2"/>
        <RegionRefIndexed index="55" regionRef="r_23_1"/>
        <RegionRefIndexed index="56" regionRef="r_23_2"/>
        <RegionRefIndexed index="57" regionRef="r_23_3"/>
        <RegionRefIndexed index="58" regionRef="r_23_4"/>
        <RegionRefIndexed index="59" regionRef="r_24_1"/>
        <RegionRefIndexed index="60" regionRef="r_24_2"/>
        <RegionRefIndexed index="61" regionRef="r_24_3"/>
        <RegionRefIndexed index="62" regionRef="r_24_4"/>
        <RegionRefIndexed index="63" regionRef="r_24_5"/>
        <RegionRefIndexed index="64" regionRef="r_24_6"/>
        <RegionRefIndexed index="65" regionRef="r_24_7"/>
        <RegionRefIndexed index="66" regionRef="r_25_1"/>
        <RegionRefIndexed index="67" regionRef="r_25_2"/>
        <RegionRefIndexed index="68" regionRef="r_25_3"/>
        <RegionRefIndexed index="69" regionRef="r_25_4"/>
        <RegionRefIndexed index="70" regionRef="r_25_5"/>
        <RegionRefIndexed index="71" regionRef="r_25_6"/>
        <RegionRefIndexed index="72" regionRef="r_26_1"/>
        <RegionRefIndexed index="73" regionRef="r_26_2"/>
        <RegionRefIndexed index="74" regionRef="r_26_3"/>
        <RegionRefIndexed index="75" regionRef="r_26_4"/>
        <RegionRefIndexed index="76" regionRef="r_26_5"/>
        <RegionRefIndexed index="77" regionRef="r_26_6"/>
        <RegionRefIndexed index="78" regionRef="r_26_7"/>
      </OrderedGroup>
    </ReadingOrder>
    <TextRegion type="paragraph" id="r_4_1" custom="readingOrder {index:0;}">
      <Coords points="200,155 726,155 726,204 200,204"/>
      <TextLine id="tl_2" primaryLanguage="German" custom="readingOrder {index:0;}">
        <Coords points="201,156 725,156 725,203 201,203"/>
        <Baseline points="201,196 349,195 447,193 499,192 605,192 725,192"/>
        <TextEquiv>
          <Unicode>Samstag den 1. Juli 1911.</Unicode>
        </TextEquiv>
        <TextStyle fontFamily="Times New Roman" fontSize="8.5"/>
      </TextLine>
      <TextEquiv>
        <Unicode>Samstag den 1. Juli 1911.</Unicode>
      </TextEquiv>
    </TextRegion>
    <TextRegion type="paragraph" id="r_5_1" custom="readingOrder {index:1;}">
      <Coords points="1267,153 1792,153 1792,196 1267,196"/>
      <TextLine id="tl_3" primaryLanguage="German" custom="readingOrder {index:0;}">
        <Coords points="1268,154 1791,154 1791,195 1268,195"/>
        <Baseline points="1269,189 1527,189 1791,188"/>
        <TextEquiv>
          <Unicode>Innsbrucker Nachrichten</Unicode>
        </TextEquiv>
        <TextStyle fontFamily="Times New Roman" fontSize="8.5" bold="true"/>
      </TextLine>
      <TextEquiv>
        <Unicode>Innsbrucker Nachrichten</Unicode>
      </TextEquiv>
    </TextRegion>
    <TextRegion type="paragraph" id="r_6_1" custom="readingOrder {index:2;}">
      <Coords points="2468,141 2874,138 2874,187 2467,193"/>
      <TextLine id="tl_4" primaryLanguage="German" custom="readingOrder {index:0;}">
        <Coords points="2474,147 2637,147 2637,184 2474,184"/>
        <Baseline points="2474,182 2511,182 2864,181"/>
        <TextEquiv>
          <Unicode>Nr. 148. Seite 37.</Unicode>
        </TextEquiv>
      </TextLine>
      <TextEquiv>
        <Unicode>Nr. 148. Seite 37.</Unicode>
      </TextEquiv>
    </TextRegion>
    <TextRegion type="paragraph" id="r_9_1" custom="readingOrder {index:3;}">
      <Coords points="984,374 2080,374 2080,498 984,498"/>
      <TextLine id="tl_12" primaryLanguage="German" custom="readingOrder {index:0;}">
        <Coords points="985,375 2079,375 2079,497 985,497"/>
        <Baseline points="985,475 2079,469"/>
        <TextEquiv>
          <Unicode>Geſchäfts-Empfehlung.</Unicode>
        </TextEquiv>
        <TextStyle fontFamily="Times New Roman" fontSize="20.0"/>
      </TextLine>
      <TextEquiv>
        <Unicode>Geſchäfts-Empfehlung.</Unicode>
      </TextEquiv>
    </TextRegion>
    <TextRegion type="paragraph" id="r_9_2" custom="readingOrder {index:4;}">
      <Coords points="576,544 2483,544 2483,685 576,685"/>
      <TextLine id="tl_13" primaryLanguage="German" custom="readingOrder {index:0;}">
        <Coords points="734,545 2482,545 2482,611 734,611"/>
        <Baseline points="734,601 840,601 1000,600 1147,599 1250,599 1363,597 1486,596 1681,596 1782,597 2031,597 2137,595 2243,595 2379,598 2482,594"/>
        <TextEquiv>
          <Unicode>Seit Ende Mai ds. Js. ſind ſowohl die Zugänge als als auch die</Unicode>
        </TextEquiv>
        <TextStyle fontFamily="Times New Roman" fontSize="9.5" bold="true"/>
      </TextLine>
      <TextLine id="tl_14" primaryLanguage="German" custom="readingOrder {index:1;}">
        <Coords points="577,620 1714,620 1714,684 577,684"/>
        <Baseline points="577,673 792,672 899,672 1058,672 1187,670 1438,672 1714,668"/>
        <TextEquiv>
          <Unicode>Anlagen am Berg Iſel elektriſch beleuchtet.</Unicode>
        </TextEquiv>
        <TextStyle fontFamily="Times New Roman" fontSize="9.5" bold="true"/>
      </TextLine>
      <TextEquiv>
        <Unicode>Seit Ende Mai ds. Js. ſind ſowohl die Zugänge als als auch die
Anlagen am Berg Iſel elektriſch beleuchtet.</Unicode>
      </TextEquiv>
    </TextRegion>
    <TextRegion type="paragraph" id="r_9_3" custom="readingOrder {index:5;}">
      <Coords points="575,687 2483,687 2483,970 575,970"/>
      <TextLine id="tl_15" primaryLanguage="German" custom="readingOrder {index:0;}">
        <Coords points="736,688 2482,688 2482,755 736,755"/>
        <Baseline points="736,745 824,743 1062,742 1142,742 1370,741 1622,741 1770,740 1949,741 2057,739 2238,738 2483,736"/>
        <TextEquiv>
          <Unicode>Die Anlagen in nächſter Umgebung der Stadt, die friſche Waldluft</Unicode>
        </TextEquiv>
        <TextStyle fontFamily="Times New Roman" fontSize="9.5" bold="true"/>
      </TextLine>
      <TextLine id="tl_16" primaryLanguage="German" custom="readingOrder {index:1;}">
        <Coords points="576,762 2480,762 2480,827 576,827"/>
        <Baseline points="576,815 667,814 933,814 1079,814 1269,814 1423,812 1649,811 1730,811 2000,811 2349,810 2480,808"/>
        <TextEquiv>
          <Unicode>und ſtaubfreie Lage eignen ſich beſonders zu bequemen Nachmittags- und</Unicode>
        </TextEquiv>
        <TextStyle fontFamily="Times New Roman" fontSize="9.5" bold="true"/>
      </TextLine>
      <TextLine id="tl_17" primaryLanguage="German" custom="readingOrder {index:2;}">
        <Coords points="576,832 2481,832 2481,898 576,898"/>
        <Baseline points="576,887 1018,886 1272,883 1364,884 1682,882 1976,881 2065,881 2218,880 2479,882"/>
        <TextEquiv>
          <Unicode>Abendſpaziergängen, womit ein angenehmer Aufenthalt bei guter Reſtaura⸗</Unicode>
        </TextEquiv>
        <TextStyle fontFamily="Times New Roman" fontSize="9.5" bold="true"/>
      </TextLine>
      <TextLine id="tl_18" primaryLanguage="German" custom="readingOrder {index:3;}">
        <Coords points="576,903 2481,903 2481,969 576,969"/>
        <Baseline points="576,957 671,957 773,956 870,955 1195,955 1314,954 1664,953 1858,952 2136,953 2330,951 2481,951"/>
        <TextEquiv>
          <Unicode>tion mit für Einheimiſche ſehr annehmbaren Preiſen verbunden werden kann.</Unicode>
        </TextEquiv>
        <TextStyle fontFamily="Times New Roman" fontSize="9.5" bold="true"/>
      </TextLine>
      <TextEquiv>
        <Unicode>Die Anlagen in nächſter Umgebung der Stadt, die friſche Waldluft
und ſtaubfreie Lage eignen ſich beſonders zu bequemen Nachmittags- und
Abendſpaziergängen, womit ein angenehmer Aufenthalt bei guter Reſtaura⸗
tion mit für Einheimiſche ſehr annehmbaren Preiſen verbunden werden kann.</Unicode>
      </TextEquiv>
    </TextRegion>
    <TextRegion type="paragraph" id="r_9_4" custom="readingOrder {index:6;}">
      <Coords points="576,974 2483,974 2483,1183 576,1183"/>
      <TextLine id="tl_19" primaryLanguage="German" custom="readingOrder {index:0;}">
        <Coords points="735,975 2482,975 2482,1040 735,1040"/>
        <Baseline points="735,1029 834,1027 1137,1026 1348,1027 1470,1026 1748,1026 1981,1024 2482,1022"/>
        <TextEquiv>
          <Unicode>Für vorzügliche Speiſen und Getränke, tadelloſe Ueberetſcher-Weine</Unicode>
        </TextEquiv>
        <TextStyle fontFamily="Times New Roman" fontSize="9.5" bold="true"/>
      </TextLine>
      <TextLine id="tl_20" primaryLanguage="German" custom="readingOrder {index:1;}">
        <Coords points="577,1046 2481,1046 2481,1112 577,1112"/>
        <Baseline points="577,1099 667,1098 880,1097 1026,1097 1161,1097 1286,1099 1418,1097 1499,1098 1738,1096 1836,1098 2021,1095 2242,1094 2480,1096"/>
        <TextEquiv>
          <Unicode>und friſches Bier vom Faß und in Flaſchen iſt beſtens geſorgt. Vorzüg⸗</Unicode>
        </TextEquiv>
        <TextStyle fontFamily="Times New Roman" fontSize="9.5" bold="true"/>
      </TextLine>
      <TextLine id="tl_21" primaryLanguage="German" custom="readingOrder {index:2;}">
        <Coords points="577,1119 1769,1119 1769,1182 577,1182"/>
        <Baseline points="577,1171 707,1169 894,1169 1006,1168 1198,1169 1408,1168 1596,1169 1769,1168"/>
        <TextEquiv>
          <Unicode>licher Kaffee mit feinem Gebäck täglich friſch.</Unicode>
        </TextEquiv>
        <TextStyle fontFamily="Times New Roman" fontSize="9.5" bold="true"/>
      </TextLine>
      <TextEquiv>
        <Unicode>Für vorzügliche Speiſen und Getränke, tadelloſe Ueberetſcher-Weine
und friſches Bier vom Faß und in Flaſchen iſt beſtens geſorgt. Vorzüg⸗
licher Kaffee mit feinem Gebäck täglich friſch.</Unicode>
      </TextEquiv>
    </TextRegion>
    <TextRegion type="paragraph" id="r_10_1" custom="readingOrder {index:7;}">
      <Coords points="2375,1141 2466,1141 2466,1172 2375,1172"/>
      <TextLine id="tl_22" primaryLanguage="German" custom="readingOrder {index:0;}">
        <Coords points="2376,1142 2465,1142 2465,1171 2376,1171"/>
        <Baseline points="2376,1170 2465,1171"/>
        <TextEquiv>
          <Unicode>18406</Unicode>
        </TextEquiv>
        <TextStyle fontFamily="Times New Roman" fontSize="7.0" bold="true"/>
      </TextLine>
      <TextEquiv>
        <Unicode>18406</Unicode>
      </TextEquiv>
    </TextRegion>
    <TextRegion type="paragraph" id="r_11_1" custom="readingOrder {index:8;}">
      <Coords points="1054,1233 2021,1233 2021,1299 1054,1299"/>
      <TextLine id="tl_23" primaryLanguage="German" custom="readingOrder {index:0;}">
        <Coords points="1055,1234 2020,1234 2020,1298 1055,1298"/>
        <Baseline points="1055,1285 1125,1285 1402,1284 1663,1286 1911,1283 2021,1283"/>
        <TextEquiv>
          <Unicode>Zu geneigtem Zuſpruch empfiehlt ſich</Unicode>
        </TextEquiv>
        <TextStyle fontFamily="Times New Roman" fontSize="9.5" bold="true"/>
      </TextLine>
      <TextEquiv>
        <Unicode>Zu geneigtem Zuſpruch empfiehlt ſich</Unicode>
      </TextEquiv>
    </TextRegion>
    <TextRegion type="paragraph" id="r_11_2" custom="readingOrder {index:9;}">
      <Coords points="848,1320 2220,1320 2220,1414 848,1414"/>
      <TextLine id="tl_24" primaryLanguage="German" custom="readingOrder {index:0;}">
        <Coords points="849,1321 2219,1321 2219,1413 849,1413"/>
        <Baseline points="849,1399 1079,1397 1331,1395 1618,1397 2219,1395"/>
        <TextEquiv>
          <Unicode>Burgl Wwe. Laner, Reſtaurateurin.</Unicode>
        </TextEquiv>
        <TextStyle fontFamily="Times New Roman" fontSize="16.0" bold="true"/>
      </TextLine>
      <TextEquiv>
        <Unicode>Burgl Wwe. Laner, Reſtaurateurin.</Unicode>
      </TextEquiv>
    </TextRegion>
    <TextRegion type="paragraph" id="r_13_1" custom="readingOrder {index:10;}">
      <Coords points="226,1628 976,1628 976,1754 226,1754"/>
      <TextLine id="tl_31" primaryLanguage="German" custom="readingOrder {index:0;}">
        <Coords points="227,1629 975,1629 975,1753 227,1753"/>
        <Baseline points="227,1727 655,1727 974,1726"/>
        <TextEquiv>
          <Unicode>Selbſtändige Exiſtenz</Unicode>
        </TextEquiv>
        <TextStyle fontFamily="Times New Roman" fontSize="23.0" bold="true"/>
      </TextLine>
      <TextEquiv>
        <Unicode>Selbſtändige Exiſtenz</Unicode>
      </TextEquiv>
    </TextRegion>
    <TextRegion type="paragraph" id="r_13_2" custom="readingOrder {index:11;}">
      <Coords points="152,1765 1053,1765 1053,2341 152,2341"/>
      <TextLine id="tl_32" primaryLanguage="German" custom="readingOrder {index:0;}">
        <Coords points="153,1766 1049,1766 1049,1810 153,1810"/>
        <Baseline points="153,1800 224,1800 344,1798 446,1801 518,1801 736,1801 811,1800 919,1801 1049,1799"/>
        <TextEquiv>
          <Unicode>find, ſtrebſ. Herr als Filialhalter für größ. Bezirk.</Unicode>
        </TextEquiv>
        <TextStyle fontFamily="Times New Roman" fontSize="8.5"/>
      </TextLine>
      <TextLine id="tl_33" primaryLanguage="German" custom="readingOrder {index:1;}">
        <Coords points="155,1812 1050,1812 1050,1855 155,1855"/>
        <Baseline points="155,1845 269,1846 391,1845 516,1846 629,1847 727,1846 920,1847 1052,1844"/>
        <TextEquiv>
          <Unicode>Streng reelle Sache, paſſ. für jedermann, ganz</Unicode>
        </TextEquiv>
        <TextStyle fontFamily="Times New Roman" fontSize="8.5"/>
      </TextLine>
      <TextLine id="tl_34" primaryLanguage="German" custom="readingOrder {index:2;}">
        <Coords points="154,1853 1050,1853 1050,1900 154,1900"/>
        <Baseline points="154,1891 250,1891 316,1890 372,1889 489,1890 565,1889 673,1890 857,1889 1050,1888"/>
        <TextEquiv>
          <Unicode>gleich, ob in Stadt od. Land wohnhaft. Keinerlei</Unicode>
        </TextEquiv>
        <TextStyle fontFamily="Times New Roman" fontSize="8.5"/>
      </TextLine>
      <TextLine id="tl_35" primaryLanguage="German" custom="readingOrder {index:3;}">
        <Coords points="155,1898 1049,1898 1049,1944 155,1944"/>
        <Baseline points="155,1933 325,1934 453,1934 571,1934 741,1935 854,1933 952,1934 1049,1932"/>
        <TextEquiv>
          <Unicode>Kenntniſſe nötig. Das Geſchäft wird von uns</Unicode>
        </TextEquiv>
        <TextStyle fontFamily="Times New Roman" fontSize="8.5"/>
      </TextLine>
      <TextLine id="tl_36" primaryLanguage="German" custom="readingOrder {index:4;}">
        <Coords points="155,1944 1051,1944 1051,1996 155,1996"/>
        <Baseline points="155,1978 258,1979 488,1978 639,1979 821,1978 912,1977 1051,1976"/>
        <TextEquiv>
          <Unicode>kompl. eingerichtet. Große Reklame auf unſere</Unicode>
        </TextEquiv>
        <TextStyle fontFamily="Times New Roman" fontSize="8.5"/>
      </TextLine>
      <TextLine id="tl_37" primaryLanguage="German" custom="readingOrder {index:5;}">
        <Coords points="155,1988 1051,1988 1051,2033 155,2033"/>
        <Baseline points="155,2022 271,2024 387,2023 633,2023 792,2022 907,2023 1051,2022"/>
        <TextEquiv>
          <Unicode>Koſten. Viel Geldeingang. Sofort groß. Umſatz</Unicode>
        </TextEquiv>
        <TextStyle fontFamily="Times New Roman" fontSize="8.5"/>
      </TextLine>
      <TextLine id="tl_38" primaryLanguage="German" custom="readingOrder {index:6;}">
        <Coords points="155,2033 1050,2033 1050,2078 155,2078"/>
        <Baseline points="155,2067 216,2066 299,2067 478,2067 560,2068 676,2067 776,2067 922,2067 1050,2065"/>
        <TextEquiv>
          <Unicode>und gut. Verdienſt von Anfang an. Riſiko ausge⸗</Unicode>
        </TextEquiv>
        <TextStyle fontFamily="Times New Roman" fontSize="8.5"/>
      </TextLine>
      <TextLine id="tl_39" primaryLanguage="German" custom="readingOrder {index:7;}">
        <Coords points="157,2078 1051,2078 1051,2123 157,2123"/>
        <Baseline points="153,2110 297,2113 413,2111 526,2112 687,2113 769,2112 907,2112 975,2111 1054,2111"/>
        <TextEquiv>
          <Unicode>ſchloſſen. Auch ohne Aufgabe des Berufs zu be⸗</Unicode>
        </TextEquiv>
        <TextStyle fontFamily="Times New Roman" fontSize="8.5"/>
      </TextLine>
      <TextLine id="tl_40" primaryLanguage="German" custom="readingOrder {index:8;}">
        <Coords points="155,2122 1051,2122 1051,2169 155,2169"/>
        <Baseline points="155,2156 273,2153 390,2156 541,2157 672,2157 781,2155 942,2156 1051,2155"/>
        <TextEquiv>
          <Unicode>treiben. Nur ehrliche, wenn auch einfache Leute</Unicode>
        </TextEquiv>
        <TextStyle fontFamily="Times New Roman" fontSize="8.5"/>
      </TextLine>
      <TextLine id="tl_41" primaryLanguage="German" custom="readingOrder {index:9;}">
        <Coords points="155,2167 1043,2167 1043,2210 155,2210"/>
        <Baseline points="155,2200 269,2201 517,2199 660,2201 745,2201 892,2200 1046,2200"/>
        <TextEquiv>
          <Unicode>werden berückſichtigt. Laden und Kapital unnötig</Unicode>
        </TextEquiv>
        <TextStyle fontFamily="Times New Roman" fontSize="8.5"/>
      </TextLine>
      <TextLine id="tl_42" primaryLanguage="German" custom="readingOrder {index:10;}">
        <Coords points="156,2211 1052,2211 1052,2256 156,2256"/>
        <Baseline points="156,2244 231,2245 407,2247 525,2245 770,2248 889,2246 1052,2244"/>
        <TextEquiv>
          <Unicode>Kein Abſchluß, keine Lizenzgebühr, keine Kaution</Unicode>
        </TextEquiv>
        <TextStyle fontFamily="Times New Roman" fontSize="8.5"/>
      </TextLine>
      <TextLine id="tl_43" primaryLanguage="German" custom="readingOrder {index:11;}">
        <Coords points="155,2256 1049,2256 1049,2299 155,2299"/>
        <Baseline points="155,2289 223,2289 329,2290 443,2290 611,2289 745,2291 789,2290 869,2289 971,2291 1049,2291"/>
        <TextEquiv>
          <Unicode>oder dergl. Ausk. koſtenlos. Angeb. u. „B. 1102 D.“</Unicode>
        </TextEquiv>
        <TextStyle fontFamily="Times New Roman" fontSize="8.5"/>
      </TextLine>
      <TextLine id="tl_44" primaryLanguage="German" custom="readingOrder {index:12;}">
        <Coords points="156,2300 1052,2300 1052,2340 156,2340"/>
        <Baseline points="156,2333 194,2334 328,2334 379,2334 462,2334 572,2334 622,2335 705,2335 852,2335 1052,2334"/>
        <TextEquiv>
          <Unicode>an Daube u. Co., Köln a. Rh. erbeten. 136</Unicode>
        </TextEquiv>
        <TextStyle fontFamily="Times New Roman" fontSize="8.5"/>
      </TextLine>
      <TextEquiv>
        <Unicode>find, ſtrebſ. Herr als Filialhalter für größ. Bezirk.
Streng reelle Sache, paſſ. für jedermann, ganz
gleich, ob in Stadt od. Land wohnhaft. Keinerlei
Kenntniſſe nötig. Das Geſchäft wird von uns
kompl. eingerichtet. Große Reklame auf unſere
Koſten. Viel Geldeingang. Sofort groß. Umſatz
und gut. Verdienſt von Anfang an. Riſiko ausge⸗
ſchloſſen. Auch ohne Aufgabe des Berufs zu be⸗
treiben. Nur ehrliche, wenn auch einfache Leute
werden berückſichtigt. Laden und Kapital unnötig
Kein Abſchluß, keine Lizenzgebühr, keine Kaution
oder dergl. Ausk. koſtenlos. Angeb. u. „B. 1102 D.“
an Daube u. Co., Köln a. Rh. erbeten. 136</Unicode>
      </TextEquiv>
    </TextRegion>
    <TextRegion type="paragraph" id="r_14_1" custom="readingOrder {index:12;}">
      <Coords points="1078,1562 1540,1562 1540,1644 1078,1644"/>
      <TextLine id="tl_45" primaryLanguage="German" custom="readingOrder {index:0;}">
        <Coords points="1079,1563 1539,1563 1539,1643 1079,1643"/>
        <Baseline points="1079,1641 1375,1639 1537,1638"/>
        <TextEquiv>
          <Unicode>Garantierter Erfolg</Unicode>
        </TextEquiv>
        <TextStyle fontFamily="Times New Roman" fontSize="9.5" bold="true" underlined="true"/>
      </TextLine>
      <TextEquiv>
        <Unicode>Garantierter Erfolg</Unicode>
      </TextEquiv>
    </TextRegion>
    <TextRegion id="region_1546933057396_6" custom="readingOrder {index:13;}">
      <Coords points="2783,2110 2916,2110 2916,2179 2783,2179"/>
      <TextLine id="line_1546933063553_7" custom="readingOrder {index:0;}">
        <Coords points="2792,2118 2910,2117 2910,2167 2792,2168"/>
        <Baseline points="2792,2163 2910,2162"/>
        <TextEquiv>
          <Unicode>18279</Unicode>
        </TextEquiv>
      </TextLine>
      <TextEquiv>
        <Unicode>18279</Unicode>
      </TextEquiv>
    </TextRegion>
    <TextRegion type="paragraph" id="r_15_1" custom="readingOrder {index:14;}">
      <Coords points="232,2412 952,2412 952,2536 232,2536"/>
      <TextLine id="tl_46" primaryLanguage="German" custom="readingOrder {index:0;}">
        <Coords points="233,2413 951,2413 951,2535 233,2535"/>
        <Baseline points="233,2511 551,2511 727,2511 951,2511"/>
        <TextEquiv>
          <Unicode>Vergeſſen Sie nicht</Unicode>
        </TextEquiv>
        <TextStyle fontFamily="Times New Roman" fontSize="23.0" bold="true"/>
      </TextLine>
      <TextEquiv>
        <Unicode>Vergeſſen Sie nicht</Unicode>
      </TextEquiv>
    </TextRegion>
    <TextRegion type="paragraph" id="r_15_2" custom="readingOrder {index:15;}">
      <Coords points="154,2542 1053,2542 1053,2637 154,2637"/>
      <TextLine id="tl_47" primaryLanguage="German" custom="readingOrder {index:0;}">
        <Coords points="155,2543 1052,2543 1052,2588 155,2588"/>
        <Baseline points="155,2578 199,2579 450,2579 701,2580 776,2580 809,2579 1051,2584"/>
        <TextEquiv>
          <Unicode>die notwendigſten Bedarfsartikel für die Sommer⸗</Unicode>
        </TextEquiv>
      </TextLine>
      <TextLine id="tl_48" primaryLanguage="German" custom="readingOrder {index:1;}">
        <Coords points="525,2590 1051,2590 1051,2636 525,2636"/>
        <Baseline points="524,2627 543,2627 1050,2626"/>
        <TextEquiv>
          <Unicode>friſche: 875⸗3ʃ1</Unicode>
        </TextEquiv>
      </TextLine>
      <TextEquiv>
        <Unicode>die notwendigſten Bedarfsartikel für die Sommer⸗
friſche: 875⸗3ʃ1</Unicode>
      </TextEquiv>
    </TextRegion>
    <TextRegion type="paragraph" id="r_15_3" custom="readingOrder {index:16;}">
      <Coords points="312,2642 897,2642 897,2778 312,2778"/>
      <TextLine id="tl_49" primaryLanguage="German" custom="readingOrder {index:0;}">
        <Coords points="314,2643 896,2643 896,2688 314,2688"/>
        <Baseline points="314,2677 492,2679 589,2678 897,2681"/>
        <TextEquiv>
          <Unicode>Toilette⸗ und Bade⸗Seifen,</Unicode>
        </TextEquiv>
        <TextStyle fontFamily="Times New Roman" fontSize="8.5"/>
      </TextLine>
      <TextLine id="tl_50" primaryLanguage="German" custom="readingOrder {index:1;}">
        <Coords points="313,2687 832,2687 832,2732 313,2732"/>
        <Baseline points="313,2722 581,2722 836,2726"/>
        <TextEquiv>
          <Unicode>Zahnpulver, Zahnpaſta,</Unicode>
        </TextEquiv>
        <TextStyle fontFamily="Times New Roman" fontSize="8.5"/>
      </TextLine>
      <TextLine id="tl_51" primaryLanguage="German" custom="readingOrder {index:2;}">
        <Coords points="314,2732 872,2732 872,2777 314,2777"/>
        <Baseline points="314,2767 589,2768 876,2770"/>
        <TextEquiv>
          <Unicode>Mundwaſſer, Haarwaſſer,</Unicode>
        </TextEquiv>
        <TextStyle fontFamily="Times New Roman" fontSize="8.5"/>
      </TextLine>
      <TextEquiv>
        <Unicode>Toilette⸗ und Bade⸗Seifen,
Zahnpulver, Zahnpaſta,
Mundwaſſer, Haarwaſſer,</Unicode>
      </TextEquiv>
    </TextRegion>
    <TextRegion type="paragraph" id="r_15_4" custom="readingOrder {index:17;}">
      <Coords points="313,2770 677,2770 677,2820 313,2820"/>
      <TextLine id="tl_52" primaryLanguage="German" custom="readingOrder {index:0;}">
        <Coords points="314,2771 676,2771 676,2819 314,2819"/>
        <Baseline points="314,2812 484,2813 675,2813"/>
        <TextEquiv>
          <Unicode>Bürſten, Kämme,</Unicode>
        </TextEquiv>
        <TextStyle fontFamily="Times New Roman" fontSize="8.5"/>
      </TextLine>
      <TextEquiv>
        <Unicode>Bürſten, Kämme,</Unicode>
      </TextEquiv>
    </TextRegion>
    <TextRegion type="paragraph" id="r_15_5" custom="readingOrder {index:18;}">
      <Coords points="244,2818 973,2818 973,3219 244,3219"/>
      <TextLine id="tl_53" primaryLanguage="German" custom="readingOrder {index:0;}">
        <Coords points="314,2819 907,2819 907,2864 314,2864"/>
        <Baseline points="314,2855 559,2857 912,2858"/>
        <TextEquiv>
          <Unicode>Schwämme, Frottierartikel,</Unicode>
        </TextEquiv>
        <TextStyle fontFamily="Times New Roman" fontSize="8.5"/>
      </TextLine>
      <TextLine id="tl_54" primaryLanguage="German" custom="readingOrder {index:1;}">
        <Coords points="366,2865 849,2865 849,2910 366,2910"/>
        <Baseline points="363,2904 851,2905"/>
        <TextEquiv>
          <Unicode>Inſekten⸗Schutzmittel,</Unicode>
        </TextEquiv>
        <TextStyle fontFamily="Times New Roman" fontSize="8.0" bold="true"/>
      </TextLine>
      <TextLine id="tl_55" primaryLanguage="German" custom="readingOrder {index:2;}">
        <Coords points="315,2908 886,2908 886,2954 315,2954"/>
        <Baseline points="315,2944 622,2945 706,2945 890,2948"/>
        <TextEquiv>
          <Unicode>Mücken⸗Creme und ⸗Stifte,</Unicode>
        </TextEquiv>
        <TextStyle fontFamily="Times New Roman" fontSize="8.5"/>
      </TextLine>
      <TextLine id="tl_56" primaryLanguage="German" custom="readingOrder {index:3;}">
        <Coords points="312,2953 925,2953 925,2999 312,2999"/>
        <Baseline points="312,2988 497,2987 700,2990 926,2990"/>
        <TextEquiv>
          <Unicode>Lanolin, Vaſelin, Glycerin,</Unicode>
        </TextEquiv>
        <TextStyle fontFamily="Times New Roman" fontSize="8.5"/>
      </TextLine>
      <TextLine id="tl_57" primaryLanguage="German" custom="readingOrder {index:4;}">
        <Coords points="313,2997 831,2997 831,3040 313,3040"/>
        <Baseline points="314,3032 462,3034 625,3034 834,3034"/>
        <TextEquiv>
          <Unicode>Borax, Alaun, Salmiak,</Unicode>
        </TextEquiv>
        <TextStyle fontFamily="Times New Roman" fontSize="8.5"/>
      </TextLine>
      <TextLine id="tl_58" primaryLanguage="German" custom="readingOrder {index:5;}">
        <Coords points="245,3042 972,3042 972,3087 245,3087"/>
        <Baseline points="245,3077 509,3077 648,3078 975,3082"/>
        <TextEquiv>
          <Unicode>Schutzmittel gegen Sonnenbrand,</Unicode>
        </TextEquiv>
        <TextStyle fontFamily="Times New Roman" fontSize="8.5"/>
      </TextLine>
      <TextLine id="tl_59" primaryLanguage="German" custom="readingOrder {index:6;}">
        <Coords points="315,3082 870,3082 870,3135 315,3135"/>
        <Baseline points="313,3126 598,3126 874,3128"/>
        <TextEquiv>
          <Unicode>Puderpapier, Shampoon,</Unicode>
        </TextEquiv>
        <TextStyle fontFamily="Times New Roman" fontSize="8.0" bold="true"/>
      </TextLine>
      <TextLine id="tl_60" primaryLanguage="German" custom="readingOrder {index:7;}">
        <Coords points="368,3126 852,3126 852,3174 368,3174"/>
        <Baseline points="368,3166 852,3169"/>
        <TextEquiv>
          <Unicode>Desinfektions⸗Mittel</Unicode>
        </TextEquiv>
        <TextStyle fontFamily="Times New Roman" fontSize="8.5"/>
      </TextLine>
      <TextLine id="tl_61" primaryLanguage="German" custom="readingOrder {index:8;}">
        <Coords points="367,3174 850,3174 850,3218 367,3218"/>
        <Baseline points="367,3214 524,3216 705,3216 778,3217 850,3217"/>
        <TextEquiv>
          <Unicode>Watte, Binden ꝛc. ꝛc.</Unicode>
        </TextEquiv>
        <TextStyle fontFamily="Times New Roman" fontSize="8.0" bold="true"/>
      </TextLine>
      <TextEquiv>
        <Unicode>Schwämme, Frottierartikel,
Inſekten⸗Schutzmittel,
Mücken⸗Creme und ⸗Stifte,
Lanolin, Vaſelin, Glycerin,
Borax, Alaun, Salmiak,
Schutzmittel gegen Sonnenbrand,
Puderpapier, Shampoon,
Desinfektions⸗Mittel
Watte, Binden ꝛc. ꝛc.</Unicode>
      </TextEquiv>
    </TextRegion>
    <TextRegion type="paragraph" id="r_15_6" custom="readingOrder {index:19;}">
      <Coords points="199,3218 1001,3218 1001,3268 199,3268"/>
      <TextLine id="tl_62" primaryLanguage="German" custom="readingOrder {index:0;}">
        <Coords points="200,3219 1000,3219 1000,3267 200,3267"/>
        <Baseline points="200,3254 284,3253 410,3255 491,3256 563,3256 680,3257 762,3256 931,3259 1000,3258"/>
        <TextEquiv>
          <Unicode>Alles kaufen Sie am beſten und billigſten bei</Unicode>
        </TextEquiv>
        <TextStyle fontFamily="Times New Roman" fontSize="8.5"/>
      </TextLine>
      <TextEquiv>
        <Unicode>Alles kaufen Sie am beſten und billigſten bei</Unicode>
      </TextEquiv>
    </TextRegion>
    <TextRegion type="paragraph" id="r_15_7" custom="readingOrder {index:20;}">
      <Coords points="275,3273 925,3273 925,3338 275,3338"/>
      <TextLine id="tl_63" primaryLanguage="German" custom="readingOrder {index:0;}">
        <Coords points="276,3274 924,3274 924,3337 276,3337"/>
        <Baseline points="275,3322 448,3325 698,3323 924,3328"/>
        <TextEquiv>
          <Unicode>Franz Schmid Nachf.</Unicode>
        </TextEquiv>
        <TextStyle fontFamily="Times New Roman" fontSize="12.0" bold="true"/>
      </TextLine>
      <TextEquiv>
        <Unicode>Franz Schmid Nachf.</Unicode>
      </TextEquiv>
    </TextRegion>
    <TextRegion type="paragraph" id="r_15_8" custom="readingOrder {index:21;}">
      <Coords points="154,3343 1053,3343 1053,3394 154,3394"/>
      <TextLine id="tl_64" primaryLanguage="German" custom="readingOrder {index:0;}">
        <Coords points="155,3344 1052,3344 1052,3393 155,3393"/>
        <Baseline points="155,3381 310,3379 399,3380 635,3384 981,3386 1052,3387"/>
        <TextEquiv>
          <Unicode>Drogerie und Parfumerie, Muſeumſtraße 1.</Unicode>
        </TextEquiv>
        <TextStyle fontFamily="Times New Roman" fontSize="8.0" bold="true"/>
      </TextLine>
      <TextEquiv>
        <Unicode>Drogerie und Parfumerie, Muſeumſtraße 1.</Unicode>
      </TextEquiv>
    </TextRegion>
    <TextRegion type="paragraph" id="r_16_1" custom="readingOrder {index:22;}">
      <Coords points="162,3498 1054,3498 1054,3644 162,3644"/>
      <TextLine id="tl_65" primaryLanguage="German" custom="readingOrder {index:0;}">
        <Coords points="163,3499 1053,3499 1053,3643 163,3643"/>
        <Baseline points="162,3617 577,3612 1053,3617"/>
        <TextEquiv>
          <Unicode>Gaſthof Gamper</Unicode>
        </TextEquiv>
        <TextStyle fontFamily="Times New Roman" fontSize="13.0" bold="true"/>
      </TextLine>
      <TextEquiv>
        <Unicode>Gaſthof Gamper</Unicode>
      </TextEquiv>
    </TextRegion>
    <TextRegion type="paragraph" id="r_16_2" custom="readingOrder {index:23;}">
      <Coords points="191,3645 1054,3645 1054,3826 191,3826"/>
      <TextLine id="tl_66" primaryLanguage="German" custom="readingOrder {index:0;}">
        <Coords points="192,3646 1019,3646 1019,3703 192,3703"/>
        <Baseline points="193,3692 284,3692 428,3691 627,3693 1019,3695"/>
        <TextEquiv>
          <Unicode>„zur Gold. Krone“, Café-Reſtaurant</Unicode>
        </TextEquiv>
        <TextStyle fontFamily="Times New Roman" fontSize="10.5"/>
      </TextLine>
      <TextLine id="tl_67" primaryLanguage="German" custom="readingOrder {index:1;}">
        <Coords points="449,3713 1053,3713 1053,3763 449,3763"/>
        <Baseline points="447,3754 767,3756 1053,3760"/>
        <TextEquiv>
          <Unicode>(Triumphpforte). P3355</Unicode>
        </TextEquiv>
        <TextStyle fontFamily="Times New Roman" fontSize="8.0" bold="true"/>
      </TextLine>
      <TextLine id="tl_68" primaryLanguage="German" custom="readingOrder {index:2;}">
        <Coords points="268,3778 942,3778 942,3825 268,3825"/>
        <Baseline points="268,3815 448,3815 665,3817 768,3818 826,3819 942,3819"/>
        <TextEquiv>
          <Unicode>Morgen Sonntag, den 2. Juli</Unicode>
        </TextEquiv>
        <TextStyle fontFamily="Times New Roman" fontSize="8.0" bold="true"/>
      </TextLine>
      <TextEquiv>
        <Unicode>„zur Gold. Krone“, Café-Reſtaurant
(Triumphpforte). P3355
Morgen Sonntag, den 2. Juli</Unicode>
      </TextEquiv>
    </TextRegion>
    <TextRegion type="paragraph" id="r_16_3" custom="readingOrder {index:24;}">
      <Coords points="157,3841 1055,3841 1055,4003 157,4003"/>
      <TextLine id="tl_69" primaryLanguage="German" custom="readingOrder {index:0;}">
        <Coords points="158,3842 1054,3842 1054,4002 158,4002"/>
        <Baseline points="156,3987 1055,3988"/>
        <TextEquiv>
          <Unicode>Frühſchoppen⸗Konzert</Unicode>
        </TextEquiv>
        <TextStyle fontFamily="Times New Roman" fontSize="20.0"/>
      </TextLine>
      <TextEquiv>
        <Unicode>Frühſchoppen⸗Konzert</Unicode>
      </TextEquiv>
    </TextRegion>
    <TextRegion type="paragraph" id="r_16_4" custom="readingOrder {index:25;}">
      <Coords points="156,4021 1053,4021 1053,4084 156,4084"/>
      <TextLine id="tl_70" primaryLanguage="German" custom="readingOrder {index:0;}">
        <Coords points="157,4022 1052,4022 1052,4083 157,4083"/>
        <Baseline points="157,4064 388,4066 472,4067 545,4065 698,4069 1052,4074"/>
        <TextEquiv>
          <Unicode>ausgeführt von der Salonkapelle „Lyra“.</Unicode>
        </TextEquiv>
      </TextLine>
      <TextEquiv>
        <Unicode>ausgeführt von der Salonkapelle „Lyra“.</Unicode>
      </TextEquiv>
    </TextRegion>
    <TextRegion type="paragraph" id="r_16_5" custom="readingOrder {index:26;}">
      <Coords points="199,4080 898,4080 898,4144 199,4144"/>
      <TextLine id="tl_71" primaryLanguage="German" custom="readingOrder {index:0;}">
        <Coords points="200,4081 897,4081 897,4143 200,4143"/>
        <Baseline points="199,4133 248,4131 455,4131 582,4133 684,4132 820,4134 897,4135"/>
        <TextEquiv>
          <Unicode>Zu zahlreichem Beſuch ladet höflichſt ein</Unicode>
        </TextEquiv>
        <TextStyle fontFamily="Times New Roman" fontSize="8.5"/>
      </TextLine>
      <TextEquiv>
        <Unicode>Zu zahlreichem Beſuch ladet höflichſt ein</Unicode>
      </TextEquiv>
    </TextRegion>
    <TextRegion type="paragraph" id="r_16_6" custom="readingOrder {index:27;}">
      <Coords points="650,4156 1011,4156 1011,4201 650,4201"/>
      <TextLine id="tl_72" primaryLanguage="German" custom="readingOrder {index:0;}">
        <Coords points="651,4157 1010,4157 1010,4200 651,4200"/>
        <Baseline points="650,4194 834,4194 1009,4196"/>
        <TextEquiv>
          <Unicode>Heinrich Dadak.</Unicode>
        </TextEquiv>
        <TextStyle fontFamily="Times New Roman" fontSize="8.0" bold="true"/>
      </TextLine>
      <TextEquiv>
        <Unicode>Heinrich Dadak.</Unicode>
      </TextEquiv>
    </TextRegion>
    <TextRegion type="paragraph" id="r_17_1" custom="readingOrder {index:28;}">
      <Coords points="290,4298 924,4298 924,4364 290,4364"/>
      <TextLine id="tl_73" primaryLanguage="German" custom="readingOrder {index:0;}">
        <Coords points="291,4299 923,4299 923,4363 291,4363"/>
        <Baseline points="292,4350 472,4349 595,4351 923,4353"/>
        <TextEquiv>
          <Unicode>Suche im Auftrage</Unicode>
        </TextEquiv>
        <TextStyle fontFamily="Times New Roman" fontSize="13.0" bold="true"/>
      </TextLine>
      <TextEquiv>
        <Unicode>Suche im Auftrage</Unicode>
      </TextEquiv>
    </TextRegion>
    <TextRegion type="paragraph" id="r_17_2" custom="readingOrder {index:29;}">
      <Coords points="156,4369 1057,4369 1057,4506 156,4506"/>
      <TextLine id="tl_74" primaryLanguage="German" custom="readingOrder {index:0;}">
        <Coords points="157,4370 1054,4370 1054,4417 157,4417"/>
        <Baseline points="157,4405 418,4405 469,4406 695,4409 827,4408 1054,4411"/>
        <TextEquiv>
          <Unicode>zahlungsfähiger Käufer Geſchäfte und Häuſer,</Unicode>
        </TextEquiv>
      </TextLine>
      <TextLine id="tl_75" primaryLanguage="German" custom="readingOrder {index:1;}">
        <Coords points="159,4415 1056,4415 1056,4463 159,4463"/>
        <Baseline points="159,4452 216,4453 337,4452 428,4454 809,4453 892,4453 1056,4456"/>
        <TextEquiv>
          <Unicode>Villen und Liegenſchaften jeder Art. Umgeh.</Unicode>
        </TextEquiv>
      </TextLine>
      <TextLine id="tl_76" primaryLanguage="German" custom="readingOrder {index:2;}">
        <Coords points="158,4459 1056,4459 1056,4505 158,4505"/>
        <Baseline points="158,4494 224,4493 286,4495 449,4494 496,4493 658,4496 786,4497 868,4498 1056,4498"/>
        <TextEquiv>
          <Unicode>Off. an Eckhardt &amp; Homuth, Zürich IV. 136</Unicode>
        </TextEquiv>
        <TextStyle fontFamily="Times New Roman" fontSize="8.5"/>
      </TextLine>
      <TextEquiv>
        <Unicode>zahlungsfähiger Käufer Geſchäfte und Häuſer,
Villen und Liegenſchaften jeder Art. Umgeh.
Off. an Eckhardt &amp; Homuth, Zürich IV. 136</Unicode>
      </TextEquiv>
    </TextRegion>
    <TextRegion type="paragraph" id="r_18_1" custom="readingOrder {index:30;}">
      <Coords points="1564,1594 1972,1594 1972,1639 1564,1639"/>
      <TextLine id="tl_77" primaryLanguage="German" custom="readingOrder {index:0;}">
        <Coords points="1565,1595 1971,1595 1971,1638 1565,1638"/>
        <Baseline points="1568,1633 1662,1632 1787,1631 1971,1629"/>
        <TextEquiv>
          <Unicode>ſonſt Geld retour.</Unicode>
        </TextEquiv>
        <TextStyle fontFamily="Times New Roman" fontSize="8.0" bold="true"/>
      </TextLine>
      <TextEquiv>
        <Unicode>ſonſt Geld retour.</Unicode>
      </TextEquiv>
    </TextRegion>
    <TextRegion type="paragraph" id="r_18_2" custom="readingOrder {index:31;}">
      <Coords points="1100,1669 1954,1669 1954,1775 1100,1775"/>
      <TextLine id="tl_78" primaryLanguage="German" custom="readingOrder {index:0;}">
        <Coords points="1101,1670 1953,1670 1953,1715 1101,1715"/>
        <Baseline points="1101,1706 1289,1707 1494,1707 1596,1707 1762,1706 1952,1705"/>
        <TextEquiv>
          <Unicode>Aerztliches Gutachten über vorzügl. Wirkung.</Unicode>
        </TextEquiv>
        <TextStyle fontFamily="Times New Roman" fontSize="7.5"/>
      </TextLine>
      <TextLine id="tl_79" primaryLanguage="German" custom="readingOrder {index:1;}">
        <Coords points="1119,1724 1535,1724 1535,1774 1119,1774"/>
        <Baseline points="1119,1763 1237,1764 1339,1763 1420,1764 1537,1764"/>
        <TextEquiv>
          <Unicode>Med. Dr. A. Rix'</Unicode>
        </TextEquiv>
        <TextStyle fontFamily="Times New Roman" fontSize="7.5"/>
      </TextLine>
      <TextEquiv>
        <Unicode>Aerztliches Gutachten über vorzügl. Wirkung.
Med. Dr. A. Rix'</Unicode>
      </TextEquiv>
    </TextRegion>
    <TextRegion type="paragraph" id="r_18_3" custom="readingOrder {index:32;}">
      <Coords points="1096,1770 1586,1770 1586,1858 1096,1858"/>
      <TextLine id="tl_80" primaryLanguage="German" custom="readingOrder {index:0;}">
        <Coords points="1097,1771 1585,1771 1585,1857 1097,1857"/>
        <Baseline points="1097,1845 1585,1843"/>
        <TextEquiv>
          <Unicode>Buſen⸗Creme</Unicode>
        </TextEquiv>
        <TextStyle fontFamily="Times New Roman" fontSize="15.0" bold="true"/>
      </TextLine>
      <TextEquiv>
        <Unicode>Buſen⸗Creme</Unicode>
      </TextEquiv>
    </TextRegion>
    <TextRegion type="paragraph" id="r_18_4" custom="readingOrder {index:33;}">
      <Coords points="1078,1859 1605,1859 1605,1949 1078,1949"/>
      <TextLine id="tl_81" primaryLanguage="German" custom="readingOrder {index:0;}">
        <Coords points="1079,1860 1604,1860 1604,1903 1079,1903"/>
        <Baseline points="1079,1893 1234,1894 1429,1894 1604,1893"/>
        <TextEquiv>
          <Unicode>unſchädlich, äußerlich anwend⸗</Unicode>
        </TextEquiv>
        <TextStyle fontFamily="Times New Roman" fontSize="8.5"/>
      </TextLine>
      <TextLine id="tl_82" primaryLanguage="German" custom="readingOrder {index:1;}">
        <Coords points="1145,1905 1535,1905 1535,1948 1145,1948"/>
        <Baseline points="1145,1938 1226,1940 1389,1938 1535,1939"/>
        <TextEquiv>
          <Unicode>bar, dauernder Erfolg!</Unicode>
        </TextEquiv>
        <TextStyle fontFamily="Times New Roman" fontSize="8.5"/>
      </TextLine>
      <TextEquiv>
        <Unicode>unſchädlich, äußerlich anwend⸗
bar, dauernder Erfolg!</Unicode>
      </TextEquiv>
    </TextRegion>
    <TextRegion type="paragraph" id="r_18_5" custom="readingOrder {index:34;}">
      <Coords points="1079,1944 1607,1944 1607,2084 1079,2084"/>
      <TextLine id="tl_83" primaryLanguage="German" custom="readingOrder {index:0;}">
        <Coords points="1080,1945 1605,1945 1605,1993 1080,1993"/>
        <Baseline points="1080,1982 1244,1983 1367,1984 1499,1984 1605,1982"/>
        <TextEquiv>
          <Unicode>Ueppige Büſte, volle, feſte</Unicode>
        </TextEquiv>
        <TextStyle fontFamily="Times New Roman" fontSize="8.5"/>
      </TextLine>
      <TextLine id="tl_84" primaryLanguage="German" custom="readingOrder {index:1;}">
        <Coords points="1080,1993 1606,1993 1606,2036 1080,2036"/>
        <Baseline points="1080,2027 1384,2027 1477,2026 1606,2026"/>
        <TextEquiv>
          <Unicode>Körperformen für jedes</Unicode>
        </TextEquiv>
        <TextStyle fontFamily="Times New Roman" fontSize="8.5"/>
      </TextLine>
      <TextLine id="tl_85" primaryLanguage="German" custom="readingOrder {index:2;}">
        <Coords points="1109,2037 1575,2037 1575,2083 1109,2083"/>
        <Baseline points="1109,2071 1135,2071 1297,2075 1449,2075 1575,2073"/>
        <TextEquiv>
          <Unicode>Alter, in kurzer Zeit.</Unicode>
        </TextEquiv>
      </TextLine>
      <TextEquiv>
        <Unicode>Ueppige Büſte, volle, feſte
Körperformen für jedes
Alter, in kurzer Zeit.</Unicode>
      </TextEquiv>
    </TextRegion>
    <TextRegion type="paragraph" id="r_18_6" custom="readingOrder {index:35;}">
      <Coords points="1080,2081 1609,2081 1609,2224 1080,2224"/>
      <TextLine id="tl_86" primaryLanguage="German" custom="readingOrder {index:0;}">
        <Coords points="1081,2082 1608,2082 1608,2126 1081,2126"/>
        <Baseline points="1081,2116 1246,2117 1295,2115 1399,2118 1511,2116 1608,2115"/>
        <TextEquiv>
          <Unicode>Probedoſe K 3.—, große Doſe</Unicode>
        </TextEquiv>
        <TextStyle fontFamily="Times New Roman" fontSize="8.5"/>
      </TextLine>
      <TextLine id="tl_87" primaryLanguage="German" custom="readingOrder {index:1;}">
        <Coords points="1081,2122 1606,2122 1606,2170 1081,2170"/>
        <Baseline points="1081,2160 1110,2160 1153,2162 1162,2161 1399,2163 1505,2164 1607,2162"/>
        <TextEquiv>
          <Unicode>K 8.—. Läſtige Haare im</Unicode>
        </TextEquiv>
      </TextLine>
      <TextLine id="tl_88" primaryLanguage="German" custom="readingOrder {index:2;}">
        <Coords points="1082,2180 1606,2180 1606,2223 1082,2223"/>
        <Baseline points="1082,2215 1208,2215 1349,2214 1477,2214 1510,2216 1606,2214"/>
        <TextEquiv>
          <Unicode>Geſichte entfernt innerh. 5 Min.</Unicode>
        </TextEquiv>
        <TextStyle fontFamily="Times New Roman" fontSize="8.5"/>
      </TextLine>
      <TextEquiv>
        <Unicode>Probedoſe K 3.—, große Doſe
K 8.—. Läſtige Haare im
Geſichte entfernt innerh. 5 Min.</Unicode>
      </TextEquiv>
    </TextRegion>
    <TextRegion type="paragraph" id="r_18_7" custom="readingOrder {index:36;}">
      <Coords points="1081,2224 1611,2224 1611,2269 1081,2269"/>
      <TextLine id="tl_89" primaryLanguage="German" custom="readingOrder {index:0;}">
        <Coords points="1082,2225 1610,2225 1610,2268 1082,2268"/>
        <Baseline points="1082,2259 1156,2260 1236,2260 1285,2259 1367,2261 1610,2260"/>
        <TextEquiv>
          <Unicode>Med⸗Dr. A. Rix Haarentferner,</Unicode>
        </TextEquiv>
        <TextStyle fontFamily="Times New Roman" fontSize="8.5"/>
      </TextLine>
      <TextEquiv>
        <Unicode>Med⸗Dr. A. Rix Haarentferner,</Unicode>
      </TextEquiv>
    </TextRegion>
    <TextRegion type="paragraph" id="r_18_8" custom="readingOrder {index:37;}">
      <Coords points="1248,2268 1813,2268 1813,2315 1248,2315"/>
      <TextLine id="tl_90" primaryLanguage="German" custom="readingOrder {index:0;}">
        <Coords points="1249,2269 1812,2269 1812,2314 1249,2314"/>
        <Baseline points="1248,2304 1311,2304 1520,2304 1652,2305 1704,2304 1812,2305"/>
        <TextEquiv>
          <Unicode>gar. unſchädlich. Preis K 4.—.</Unicode>
        </TextEquiv>
        <TextStyle fontFamily="Times New Roman" fontSize="8.5"/>
      </TextLine>
      <TextEquiv>
        <Unicode>gar. unſchädlich. Preis K 4.—.</Unicode>
      </TextEquiv>
    </TextRegion>
    <TextRegion type="paragraph" id="r_18_9" custom="readingOrder {index:38;}">
      <Coords points="1079,2313 1979,2313 1979,2579 1079,2579"/>
      <TextLine id="tl_91" primaryLanguage="German" custom="readingOrder {index:0;}">
        <Coords points="1196,2314 1865,2314 1865,2357 1196,2357"/>
        <Baseline points="1196,2348 1281,2348 1480,2349 1639,2350 1864,2347"/>
        <TextEquiv>
          <Unicode>Alles mediziniſch erprobte Kosmetique.</Unicode>
        </TextEquiv>
        <TextStyle fontFamily="Times New Roman" fontSize="8.5"/>
      </TextLine>
      <TextLine id="tl_92" primaryLanguage="German" custom="readingOrder {index:1;}">
        <Coords points="1082,2356 1978,2356 1978,2403 1082,2403"/>
        <Baseline points="1082,2396 1440,2394 1626,2393 1770,2393 1852,2390 1978,2388"/>
        <TextEquiv>
          <Unicode>Sommerſproſſen vernichtet radikal für immer</Unicode>
        </TextEquiv>
        <TextStyle fontFamily="Times New Roman" fontSize="8.5"/>
      </TextLine>
      <TextLine id="tl_93" primaryLanguage="German" custom="readingOrder {index:2;}">
        <Coords points="1080,2401 1977,2401 1977,2446 1080,2446"/>
        <Baseline points="1080,2437 1127,2436 1208,2436 1422,2436 1506,2436 1652,2437 1783,2438 1977,2433"/>
        <TextEquiv>
          <Unicode>die von Profeſſoren und Aerzten einzig empfohlene</Unicode>
        </TextEquiv>
        <TextStyle fontFamily="Times New Roman" fontSize="8.5"/>
      </TextLine>
      <TextLine id="tl_94" primaryLanguage="German" custom="readingOrder {index:3;}">
        <Coords points="1082,2446 1977,2446 1977,2489 1082,2489"/>
        <Baseline points="1082,2480 1142,2481 1329,2481 1547,2481 1725,2482 1782,2482 1867,2482 1977,2479"/>
        <TextEquiv>
          <Unicode>und garantiert unſchädliche Med.⸗Dr. A. Rix Paſta</Unicode>
        </TextEquiv>
        <TextStyle fontFamily="Times New Roman" fontSize="8.5"/>
      </TextLine>
      <TextLine id="tl_95" primaryLanguage="German" custom="readingOrder {index:4;}">
        <Coords points="1083,2490 1978,2490 1978,2534 1083,2534"/>
        <Baseline points="1082,2527 1295,2526 1368,2526 1434,2527 1583,2527 1646,2527 1832,2526 1876,2525 1978,2524"/>
        <TextEquiv>
          <Unicode>Pompadour ſeit 60 Jahren im Gebrauch. 1 Doſe</Unicode>
        </TextEquiv>
        <TextStyle fontFamily="Times New Roman" fontSize="8.5"/>
      </TextLine>
      <TextLine id="tl_96" primaryLanguage="German" custom="readingOrder {index:5;}">
        <Coords points="1374,2536 1687,2536 1687,2578 1374,2578"/>
        <Baseline points="1374,2571 1394,2571 1457,2572 1581,2571 1624,2572 1687,2570"/>
        <TextEquiv>
          <Unicode>3 K, Probe 1 K.</Unicode>
        </TextEquiv>
        <TextStyle fontFamily="Times New Roman" fontSize="8.5"/>
      </TextLine>
      <TextEquiv>
        <Unicode>Alles mediziniſch erprobte Kosmetique.
Sommerſproſſen vernichtet radikal für immer
die von Profeſſoren und Aerzten einzig empfohlene
und garantiert unſchädliche Med.⸗Dr. A. Rix Paſta
Pompadour ſeit 60 Jahren im Gebrauch. 1 Doſe
3 K, Probe 1 K.</Unicode>
      </TextEquiv>
    </TextRegion>
    <TextRegion type="paragraph" id="r_18_10" custom="readingOrder {index:39;}">
      <Coords points="1082,2579 1977,2579 1977,2640 1082,2640"/>
      <TextLine id="tl_97" primaryLanguage="German" custom="readingOrder {index:0;}">
        <Coords points="1083,2580 1976,2580 1976,2639 1083,2639"/>
        <Baseline points="1084,2630 1362,2629 1462,2629 1545,2629 1648,2630 1975,2629"/>
        <TextEquiv>
          <Unicode>„Kosmetiſches Dr. A. Rix Laboratorium“</Unicode>
        </TextEquiv>
        <TextStyle fontFamily="Times New Roman" fontSize="13.0" bold="true"/>
      </TextLine>
      <TextEquiv>
        <Unicode>„Kosmetiſches Dr. A. Rix Laboratorium“</Unicode>
      </TextEquiv>
    </TextRegion>
    <TextRegion type="paragraph" id="r_18_11" custom="readingOrder {index:40;}">
      <Coords points="1084,2642 1974,2642 1974,2699 1084,2699"/>
      <TextLine id="tl_98" primaryLanguage="German" custom="readingOrder {index:0;}">
        <Coords points="1085,2643 1973,2643 1973,2698 1085,2698"/>
        <Baseline points="1275,2680 1410,2680 1457,2678 1495,2680 1670,2678 1711,2678 1909,2678 1973,2676"/>
        <TextEquiv>
          <Unicode>Wien IX., Berggaſſe 17/X. 64⸗4ʃ1</Unicode>
        </TextEquiv>
      </TextLine>
      <TextEquiv>
        <Unicode>Wien IX., Berggaſſe 17/X. 64⸗4ʃ1</Unicode>
      </TextEquiv>
    </TextRegion>
    <TextRegion type="paragraph" id="r_18_12" custom="readingOrder {index:41;}">
      <Coords points="1084,2687 1977,2687 1977,2732 1084,2732"/>
      <TextLine id="tl_99" primaryLanguage="German" custom="readingOrder {index:0;}">
        <Coords points="1085,2688 1976,2688 1976,2731 1085,2731"/>
        <Baseline points="1085,2728 1116,2728 1378,2722 1513,2722 1593,2721 1818,2721 1976,2729"/>
        <TextEquiv>
          <Unicode>Verſand diskret per Nachnahme.</Unicode>
        </TextEquiv>
      </TextLine>
      <TextEquiv>
        <Unicode>Verſand diskret per Nachnahme.</Unicode>
      </TextEquiv>
    </TextRegion>
    <GraphicRegion id="r_19" custom="readingOrder {index:42;}">
      <Coords points="1616,1728 1972,1728 1972,2268 1616,2268"/>
    </GraphicRegion>
    <TextRegion type="paragraph" id="r_20_1" custom="readingOrder {index:43;}">
      <Coords points="1350,2852 1714,2852 1714,2946 1350,2946"/>
      <TextLine id="tl_100" primaryLanguage="German" custom="readingOrder {index:0;}">
        <Coords points="1351,2853 1713,2853 1713,2945 1351,2945"/>
        <Baseline points="1350,2926 1713,2927"/>
        <TextEquiv>
          <Unicode>Dankſagung.</Unicode>
        </TextEquiv>
        <TextStyle fontFamily="Times New Roman" fontSize="16.0" bold="true"/>
      </TextLine>
      <TextEquiv>
        <Unicode>Dankſagung.</Unicode>
      </TextEquiv>
    </TextRegion>
    <TextRegion type="paragraph" id="r_20_2" custom="readingOrder {index:44;}">
      <Coords points="1160,2966 1902,2966 1902,3146 1160,3146"/>
      <TextLine id="tl_101" primaryLanguage="German" custom="readingOrder {index:0;}">
        <Coords points="1205,2967 1898,2967 1898,3011 1205,3011"/>
        <Baseline points="1205,3001 1271,3000 1465,3002 1583,3000 1676,3002 1897,3002"/>
        <TextEquiv>
          <Unicode>Der Gefertigte fühlt ſich verpflichtet,</Unicode>
        </TextEquiv>
        <TextStyle fontFamily="Times New Roman" fontSize="8.5"/>
      </TextLine>
      <TextLine id="tl_102" primaryLanguage="German" custom="readingOrder {index:1;}">
        <Coords points="1161,3012 1901,3012 1901,3056 1161,3056"/>
        <Baseline points="1161,3046 1211,3045 1294,3045 1402,3046 1614,3046 1742,3045 1836,3045 1901,3046"/>
        <TextEquiv>
          <Unicode>für die beim Begräbniſſe ſeiner nun in</Unicode>
        </TextEquiv>
        <TextStyle fontFamily="Times New Roman" fontSize="8.5"/>
      </TextLine>
      <TextLine id="tl_103" primaryLanguage="German" custom="readingOrder {index:2;}">
        <Coords points="1161,3057 1900,3057 1900,3099 1161,3099"/>
        <Baseline points="1161,3091 1232,3092 1411,3091 1563,3091 1696,3091 1786,3090 1899,3090"/>
        <TextEquiv>
          <Unicode>Gott ruhenden, teueren Gattin, der wohl⸗</Unicode>
        </TextEquiv>
        <TextStyle fontFamily="Times New Roman" fontSize="8.5"/>
      </TextLine>
      <TextLine id="tl_104" primaryLanguage="German" custom="readingOrder {index:3;}">
        <Coords points="1161,3101 1901,3101 1901,3145 1161,3145"/>
        <Baseline points="1160,3136 1306,3136 1415,3135 1901,3136"/>
        <TextEquiv>
          <Unicode>gebornen Frau 872</Unicode>
        </TextEquiv>
        <TextStyle fontFamily="Times New Roman" fontSize="8.5"/>
      </TextLine>
      <TextEquiv>
        <Unicode>Der Gefertigte fühlt ſich verpflichtet,
für die beim Begräbniſſe ſeiner nun in
Gott ruhenden, teueren Gattin, der wohl⸗
gebornen Frau 872</Unicode>
      </TextEquiv>
    </TextRegion>
    <TextRegion type="paragraph" id="r_20_3" custom="readingOrder {index:45;}">
      <Coords points="1290,3172 1774,3172 1774,3298 1290,3298"/>
      <TextLine id="tl_105" primaryLanguage="German" custom="readingOrder {index:0;}">
        <Coords points="1291,3173 1773,3173 1773,3297 1291,3297"/>
        <Baseline points="1290,3271 1503,3271 1773,3271"/>
        <TextEquiv>
          <Unicode>Burgi Vogler</Unicode>
        </TextEquiv>
        <TextStyle fontFamily="Times New Roman" fontSize="23.0" bold="true"/>
      </TextLine>
      <TextEquiv>
        <Unicode>Burgi Vogler</Unicode>
      </TextEquiv>
    </TextRegion>
    <TextRegion type="paragraph" id="r_20_4" custom="readingOrder {index:46;}">
      <Coords points="1159,3322 1903,3322 1903,3591 1159,3591"/>
      <TextLine id="tl_106" primaryLanguage="German" custom="readingOrder {index:0;}">
        <Coords points="1161,3323 1901,3323 1901,3368 1161,3368"/>
        <Baseline points="1161,3358 1311,3358 1480,3358 1675,3360 1901,3357"/>
        <TextEquiv>
          <Unicode>bewieſene tröſtende Teilnahme insbeſondere</Unicode>
        </TextEquiv>
        <TextStyle fontFamily="Times New Roman" fontSize="8.5"/>
      </TextLine>
      <TextLine id="tl_107" primaryLanguage="German" custom="readingOrder {index:1;}">
        <Coords points="1161,3367 1900,3367 1900,3413 1161,3413"/>
        <Baseline points="1161,3402 1210,3402 1589,3402 1787,3402 1900,3402"/>
        <TextEquiv>
          <Unicode>der Gemeindevertretung Brixlegg, den</Unicode>
        </TextEquiv>
        <TextStyle fontFamily="Times New Roman" fontSize="8.5"/>
      </TextLine>
      <TextLine id="tl_108" primaryLanguage="German" custom="readingOrder {index:2;}">
        <Coords points="1161,3412 1900,3412 1900,3456 1161,3456"/>
        <Baseline points="1160,3448 1273,3446 1440,3447 1519,3446 1694,3446 1792,3446 1900,3447"/>
        <TextEquiv>
          <Unicode>Herren Beamten der Südbahn und allen</Unicode>
        </TextEquiv>
        <TextStyle fontFamily="Times New Roman" fontSize="8.5"/>
      </TextLine>
      <TextLine id="tl_109" primaryLanguage="German" custom="readingOrder {index:3;}">
        <Coords points="1162,3457 1901,3457 1901,3500 1162,3500"/>
        <Baseline points="1162,3490 1219,3491 1311,3491 1397,3490 1502,3491 1587,3491 1789,3490 1901,3491"/>
        <TextEquiv>
          <Unicode>aus Nah und Fern den herzlichſten Dank</Unicode>
        </TextEquiv>
        <TextStyle fontFamily="Times New Roman" fontSize="8.5"/>
      </TextLine>
      <TextLine id="tl_110" primaryLanguage="German" custom="readingOrder {index:4;}">
        <Coords points="1161,3497 1902,3497 1902,3545 1161,3545"/>
        <Baseline points="1162,3536 1196,3536 1312,3535 1544,3535 1658,3534 1745,3534 1832,3535 1902,3536"/>
        <TextEquiv>
          <Unicode>zu ſagen. Beſonderen Dank auch für die</Unicode>
        </TextEquiv>
        <TextStyle fontFamily="Times New Roman" fontSize="8.5"/>
      </TextLine>
      <TextLine id="tl_111" primaryLanguage="German" custom="readingOrder {index:5;}">
        <Coords points="1160,3545 1840,3545 1840,3590 1160,3590"/>
        <Baseline points="1160,3580 1331,3579 1466,3581 1553,3579 1842,3580"/>
        <TextEquiv>
          <Unicode>zahlreichen Kranz⸗ und Blumenſpenden.</Unicode>
        </TextEquiv>
        <TextStyle fontFamily="Times New Roman" fontSize="8.5"/>
      </TextLine>
      <TextEquiv>
        <Unicode>bewieſene tröſtende Teilnahme insbeſondere
der Gemeindevertretung Brixlegg, den
Herren Beamten der Südbahn und allen
aus Nah und Fern den herzlichſten Dank
zu ſagen. Beſonderen Dank auch für die
zahlreichen Kranz⸗ und Blumenſpenden.</Unicode>
      </TextEquiv>
    </TextRegion>
    <TextRegion type="paragraph" id="r_20_5" custom="readingOrder {index:47;}">
      <Coords points="1204,3606 1781,3606 1781,3653 1204,3653"/>
      <TextLine id="tl_112" primaryLanguage="German" custom="readingOrder {index:0;}">
        <Coords points="1205,3607 1780,3607 1780,3652 1205,3652"/>
        <Baseline points="1205,3643 1401,3644 1481,3643 1555,3642 1662,3643 1780,3643"/>
        <TextEquiv>
          <Unicode>Brixlegg, den 28. Juni 1911.</Unicode>
        </TextEquiv>
        <TextStyle fontFamily="Times New Roman" fontSize="8.5"/>
      </TextLine>
      <TextEquiv>
        <Unicode>Brixlegg, den 28. Juni 1911.</Unicode>
      </TextEquiv>
    </TextRegion>
    <TextRegion type="paragraph" id="r_20_6" custom="readingOrder {index:48;}">
      <Coords points="1349,3681 1710,3681 1710,3743 1349,3743"/>
      <TextLine id="tl_113" primaryLanguage="German" custom="readingOrder {index:0;}">
        <Coords points="1350,3682 1709,3682 1709,3742 1350,3742"/>
        <Baseline points="1352,3732 1501,3730 1709,3731"/>
        <TextEquiv>
          <Unicode>Jakob Vogler</Unicode>
        </TextEquiv>
        <TextStyle fontFamily="Times New Roman" fontSize="12.0" bold="true"/>
      </TextLine>
      <TextEquiv>
        <Unicode>Jakob Vogler</Unicode>
      </TextEquiv>
    </TextRegion>
    <TextRegion type="paragraph" id="r_20_7" custom="readingOrder {index:49;}">
      <Coords points="1161,3750 1902,3750 1902,3843 1161,3843"/>
      <TextLine id="tl_114" primaryLanguage="German" custom="readingOrder {index:0;}">
        <Coords points="1162,3751 1901,3751 1901,3795 1162,3795"/>
        <Baseline points="1162,3787 1361,3785 1458,3786 1788,3787 1900,3787"/>
        <TextEquiv>
          <Unicode>Altvorſteher und Realitätenbeſitzer, auch</Unicode>
        </TextEquiv>
        <TextStyle fontFamily="Times New Roman" fontSize="8.5"/>
      </TextLine>
      <TextLine id="tl_115" primaryLanguage="German" custom="readingOrder {index:1;}">
        <Coords points="1206,3795 1848,3795 1848,3842 1206,3842"/>
        <Baseline points="1206,3829 1245,3830 1386,3830 1501,3830 1555,3833 1848,3834"/>
        <TextEquiv>
          <Unicode>im Namen ſeiner Tochter Hedwig.</Unicode>
        </TextEquiv>
      </TextLine>
      <TextEquiv>
        <Unicode>Altvorſteher und Realitätenbeſitzer, auch
im Namen ſeiner Tochter Hedwig.</Unicode>
      </TextEquiv>
    </TextRegion>
    <TextRegion type="paragraph" id="r_21_1" custom="readingOrder {index:50;}">
      <Coords points="1218,3932 1846,3932 1846,4008 1218,4008"/>
      <TextLine id="tl_116" primaryLanguage="German" custom="readingOrder {index:0;}">
        <Coords points="1219,3933 1845,3933 1845,4007 1219,4007"/>
        <Baseline points="1221,4003 1845,4003"/>
        <TextEquiv>
          <Unicode>Mottenkräuter</Unicode>
        </TextEquiv>
        <TextStyle fontFamily="Times New Roman" fontSize="15.0" bold="true"/>
      </TextLine>
      <TextEquiv>
        <Unicode>Mottenkräuter</Unicode>
      </TextEquiv>
    </TextRegion>
    <TextRegion type="paragraph" id="r_21_2" custom="readingOrder {index:51;}">
      <Coords points="1082,4018 1981,4018 1981,4167 1082,4167"/>
      <TextLine id="tl_117" primaryLanguage="German" custom="readingOrder {index:0;}">
        <Coords points="1083,4019 1980,4019 1980,4064 1083,4064"/>
        <Baseline points="1083,4056 1131,4056 1312,4054 1494,4055 1648,4053 1981,4057"/>
        <TextEquiv>
          <Unicode>ein angenehm riechendes, ſicheres Vertilgungsmittel,</Unicode>
        </TextEquiv>
        <TextStyle fontFamily="Times New Roman" fontSize="8.5"/>
      </TextLine>
      <TextLine id="tl_118" primaryLanguage="German" custom="readingOrder {index:1;}">
        <Coords points="1084,4063 1978,4063 1978,4110 1084,4110"/>
        <Baseline points="1084,4099 1103,4098 1182,4101 1233,4100 1346,4099 1419,4100 1463,4100 1602,4103 1792,4102 1980,4103"/>
        <TextEquiv>
          <Unicode>à 30, 50 und 80 h. Frz. Schmid Nachf.,</Unicode>
        </TextEquiv>
      </TextLine>
      <TextLine id="tl_119" primaryLanguage="German" custom="readingOrder {index:2;}">
        <Coords points="1085,4109 1979,4109 1979,4166 1085,4166"/>
        <Baseline points="1328,4147 1513,4147 1648,4147 1699,4144 1979,4147"/>
        <TextEquiv>
          <Unicode>Muſeumſtraße 1. 875⸗2ʃ1</Unicode>
        </TextEquiv>
      </TextLine>
      <TextEquiv>
        <Unicode>ein angenehm riechendes, ſicheres Vertilgungsmittel,
à 30, 50 und 80 h. Frz. Schmid Nachf.,
Muſeumſtraße 1. 875⸗2ʃ1</Unicode>
      </TextEquiv>
    </TextRegion>
    <TextRegion type="paragraph" id="r_21_3" custom="readingOrder {index:52;}">
      <Coords points="1429,4164 1643,4164 1643,4213 1429,4213"/>
      <TextLine id="tl_120" primaryLanguage="German" custom="readingOrder {index:0;}">
        <Coords points="1430,4165 1642,4165 1642,4212 1430,4212"/>
        <Baseline points="1431,4206 1642,4205"/>
        <TextEquiv>
          <Unicode>Paſſendes</Unicode>
        </TextEquiv>
        <TextStyle fontFamily="Times New Roman" fontSize="9.5" bold="true"/>
      </TextLine>
      <TextEquiv>
        <Unicode>Paſſendes</Unicode>
      </TextEquiv>
    </TextRegion>
    <TextRegion type="paragraph" id="r_22_1" custom="readingOrder {index:53;}">
      <Coords points="1169,4217 1895,4217 1895,4351 1169,4351"/>
      <TextLine id="tl_121" primaryLanguage="German" custom="readingOrder {index:0;}">
        <Coords points="1170,4218 1894,4218 1894,4350 1170,4350"/>
        <Baseline points="1172,4344 1894,4346"/>
        <TextEquiv>
          <Unicode>Geſchäftslokal</Unicode>
        </TextEquiv>
        <TextStyle fontFamily="Times New Roman" fontSize="32.0"/>
      </TextLine>
      <TextEquiv>
        <Unicode>Geſchäftslokal</Unicode>
      </TextEquiv>
    </TextRegion>
    <TextRegion type="paragraph" id="r_22_2" custom="readingOrder {index:54;}">
      <Coords points="1083,4371 1982,4371 1982,4506 1083,4506"/>
      <TextLine id="tl_122" primaryLanguage="German" custom="readingOrder {index:0;}">
        <Coords points="1084,4372 1981,4372 1981,4417 1084,4417"/>
        <Baseline points="1084,4407 1115,4408 1198,4408 1347,4407 1488,4409 1561,4410 1640,4407 1910,4408 1980,4407"/>
        <TextEquiv>
          <Unicode>in ſehr belebter Straße bei der Triumphpforte ſo⸗</Unicode>
        </TextEquiv>
        <TextStyle fontFamily="Times New Roman" fontSize="8.5"/>
      </TextLine>
      <TextLine id="tl_123" primaryLanguage="German" custom="readingOrder {index:1;}">
        <Coords points="1085,4418 1908,4418 1908,4465 1085,4465"/>
        <Baseline points="1085,4453 1145,4452 1235,4451 1305,4452 1416,4455 1641,4456 1733,4453 1827,4453 1981,4453"/>
        <TextEquiv>
          <Unicode>fort oder ſpäter zu vergeben. Näh. zu erfragen</Unicode>
        </TextEquiv>
      </TextLine>
      <TextLine id="tl_124" primaryLanguage="German" custom="readingOrder {index:2;}">
        <Coords points="1087,4462 1891,4462 1891,4505 1087,4505"/>
        <Baseline points="1087,4498 1196,4498 1471,4497 1552,4496 1606,4499 1671,4498 1804,4498 1981,4499"/>
        <TextEquiv>
          <Unicode>Maria Thereſienſtraße Nr. 3, im Laden. 13255</Unicode>
        </TextEquiv>
        <TextStyle fontFamily="Times New Roman" fontSize="8.5"/>
      </TextLine>
      <TextEquiv>
        <Unicode>in ſehr belebter Straße bei der Triumphpforte ſo⸗
fort oder ſpäter zu vergeben. Näh. zu erfragen
Maria Thereſienſtraße Nr. 3, im Laden. 13255</Unicode>
      </TextEquiv>
    </TextRegion>
    <TextRegion type="paragraph" id="r_23_1" custom="readingOrder {index:55;}">
      <Coords points="2041,1561 2863,1561 2863,1771 2041,1771"/>
      <TextLine id="tl_125" primaryLanguage="German" custom="readingOrder {index:0;}">
        <Coords points="2042,1562 2862,1562 2862,1770 2042,1770"/>
        <Baseline points="2042,1736 2862,1734"/>
        <TextEquiv>
          <Unicode>Kundmachung.</Unicode>
        </TextEquiv>
        <TextStyle fontFamily="Times New Roman" fontSize="32.0"/>
      </TextLine>
      <TextEquiv>
        <Unicode>Kundmachung.</Unicode>
      </TextEquiv>
    </TextRegion>
    <TextRegion type="paragraph" id="r_23_2" custom="readingOrder {index:56;}">
      <Coords points="2008,1798 2908,1798 2908,2094 2008,2094"/>
      <TextLine id="tl_126" primaryLanguage="German" custom="readingOrder {index:0;}">
        <Coords points="2095,1799 2905,1799 2905,1887 2095,1887"/>
        <Baseline points="2095,1879 2175,1879 2541,1876 2675,1877 2906,1876"/>
        <TextEquiv>
          <Unicode>Die Maſſeverwaltung im Konkurſe</Unicode>
        </TextEquiv>
        <TextStyle fontFamily="Times New Roman" fontSize="20.0"/>
      </TextLine>
      <TextLine id="tl_127" primaryLanguage="German" custom="readingOrder {index:1;}">
        <Coords points="2009,1901 2907,1901 2907,1987 2009,1987"/>
        <Baseline points="2008,1979 2041,1980 2191,1981 2457,1981 2664,1979 2907,1979"/>
        <TextEquiv>
          <Unicode>der Barbara Wwe. Lechner, Krämerin</Unicode>
        </TextEquiv>
      </TextLine>
      <TextLine id="tl_128" primaryLanguage="German" custom="readingOrder {index:2;}">
        <Coords points="2009,2005 2907,2005 2907,2093 2009,2093"/>
        <Baseline points="2009,2083 2053,2083 2268,2083 2425,2083 2519,2083 2704,2082 2904,2081"/>
        <TextEquiv>
          <Unicode>in Wattens, bietet das gesamte Waren⸗</Unicode>
        </TextEquiv>
        <TextStyle fontFamily="Times New Roman" fontSize="20.0"/>
      </TextLine>
      <TextEquiv>
        <Unicode>Die Maſſeverwaltung im Konkurſe
der Barbara Wwe. Lechner, Krämerin
in Wattens, bietet das gesamte Waren⸗</Unicode>
      </TextEquiv>
    </TextRegion>
    <TextRegion type="paragraph" id="r_23_3" custom="readingOrder {index:57;}">
      <Coords points="2008,2108 2594,2103 2594,2193 2008,2198"/>
      <TextLine id="tl_129" primaryLanguage="German" custom="readingOrder {index:0;}">
        <Coords points="2009,2109 2585,2109 2585,2197 2009,2197"/>
        <Baseline points="2009,2185 2127,2185 2243,2185 2369,2185 2586,2186"/>
        <TextEquiv>
          <Unicode>lager zum Verkaufe aus.</Unicode>
        </TextEquiv>
      </TextLine>
      <TextEquiv>
        <Unicode>lager zum Verkaufe aus.</Unicode>
      </TextEquiv>
    </TextRegion>
    <TextRegion type="paragraph" id="r_23_4" custom="readingOrder {index:58;}">
      <Coords points="2042,2218 2887,2216 2885,2409 2040,2411"/>
      <TextLine id="tl_130" primaryLanguage="German" custom="readingOrder {index:0;}">
        <Coords points="2097,2219 2819,2219 2819,2305 2097,2305"/>
        <Baseline points="2097,2297 2290,2297 2431,2297 2819,2297"/>
        <TextEquiv>
          <Unicode>Näheres beim Maſſeverwalter</Unicode>
        </TextEquiv>
        <TextStyle fontFamily="Times New Roman" fontSize="20.0"/>
      </TextLine>
      <TextLine id="line_1546933104631_8" custom="readingOrder {index:1;}">
        <Coords points="2043,2354 2570,2354 2867,2354 2867,2404 2570,2404 2043,2404"/>
        <Baseline points="2043,2399 2570,2399 2867,2399"/>
        <TextEquiv>
          <Unicode>Dr. Josef v. Vittorelli i. Hall i. T.</Unicode>
        </TextEquiv>
      </TextLine>
      <TextEquiv>
        <Unicode>Näheres beim Maſſeverwalter
Dr. Josef v. Vittorelli i. Hall i. T.</Unicode>
      </TextEquiv>
    </TextRegion>
    <TextRegion type="paragraph" id="r_24_1" custom="readingOrder {index:59;}">
      <Coords points="2062,2488 2858,2488 2858,2612 2062,2612"/>
      <TextLine id="tl_131" primaryLanguage="German" custom="readingOrder {index:0;}">
        <Coords points="2063,2489 2857,2489 2857,2611 2063,2611"/>
        <Baseline points="2063,2587 2175,2585 2858,2587"/>
        <TextEquiv>
          <Unicode>Die Generalvertretung</Unicode>
        </TextEquiv>
        <TextStyle fontFamily="Times New Roman" fontSize="23.0" bold="true"/>
      </TextLine>
      <TextEquiv>
        <Unicode>Die Generalvertretung</Unicode>
      </TextEquiv>
    </TextRegion>
    <TextRegion type="paragraph" id="r_24_2" custom="readingOrder {index:60;}">
      <Coords points="2008,2624 2908,2624 2908,2716 2008,2716"/>
      <TextLine id="tl_132" primaryLanguage="German" custom="readingOrder {index:0;}">
        <Coords points="2009,2625 2907,2625 2907,2669 2009,2669"/>
        <Baseline points="2009,2661 2086,2661 2166,2660 2239,2661 2379,2660 2441,2659 2640,2660 2782,2660 2909,2663"/>
        <TextEquiv>
          <Unicode>einer ſeit 30 Jahren in Oeſterreich beſtens einge⸗</Unicode>
        </TextEquiv>
        <TextStyle fontFamily="Times New Roman" fontSize="8.5"/>
      </TextLine>
      <TextLine id="tl_133" primaryLanguage="German" custom="readingOrder {index:1;}">
        <Coords points="2250,2670 2656,2670 2656,2715 2250,2715"/>
        <Baseline points="2249,2706 2369,2705 2656,2706"/>
        <TextEquiv>
          <Unicode>führten allererſtklaſſigen</Unicode>
        </TextEquiv>
        <TextStyle fontFamily="Times New Roman" fontSize="8.5"/>
      </TextLine>
      <TextEquiv>
        <Unicode>einer ſeit 30 Jahren in Oeſterreich beſtens einge⸗
führten allererſtklaſſigen</Unicode>
      </TextEquiv>
    </TextRegion>
    <TextRegion type="paragraph" id="r_24_3" custom="readingOrder {index:61;}">
      <Coords points="2048,2728 2868,2728 2868,2906 2048,2906"/>
      <TextLine id="tl_134" primaryLanguage="German" custom="readingOrder {index:0;}">
        <Coords points="2049,2729 2867,2729 2867,2817 2049,2817"/>
        <Baseline points="2049,2801 2552,2799 2867,2799"/>
        <TextEquiv>
          <Unicode>amerikaniſchen Schreib⸗</Unicode>
        </TextEquiv>
        <TextStyle fontFamily="Times New Roman" fontSize="14.0" bold="true"/>
      </TextLine>
      <TextLine id="tl_135" primaryLanguage="German" custom="readingOrder {index:1;}">
        <Coords points="2313,2817 2599,2817 2599,2905 2313,2905"/>
        <Baseline points="2313,2888 2599,2886"/>
        <TextEquiv>
          <Unicode>maſchine</Unicode>
        </TextEquiv>
        <TextStyle fontFamily="Times New Roman" fontSize="14.0" bold="true"/>
      </TextLine>
      <TextEquiv>
        <Unicode>amerikaniſchen Schreib⸗
maſchine</Unicode>
      </TextEquiv>
    </TextRegion>
    <TextRegion type="paragraph" id="r_24_4" custom="readingOrder {index:62;}">
      <Coords points="2009,2917 2908,2917 2908,3055 2009,3055"/>
      <TextLine id="tl_136" primaryLanguage="German" custom="readingOrder {index:0;}">
        <Coords points="2010,2918 2907,2918 2907,2964 2010,2964"/>
        <Baseline points="2013,2955 2040,2955 2115,2954 2264,2953 2420,2953 2515,2953 2645,2953 2715,2953 2907,2954"/>
        <TextEquiv>
          <Unicode>iſt für einzelne Diſtrikte reſp. Länder der Monarchie</Unicode>
        </TextEquiv>
        <TextStyle fontFamily="Times New Roman" fontSize="8.5"/>
      </TextLine>
      <TextLine id="tl_137" primaryLanguage="German" custom="readingOrder {index:1;}">
        <Coords points="2010,2963 2907,2963 2907,3012 2010,3012"/>
        <Baseline points="2010,3003 2059,3002 2279,2999 2494,2999 2613,3000 2745,3002 2907,3003"/>
        <TextEquiv>
          <Unicode>an ſolvente Händler, die auf eigene</Unicode>
        </TextEquiv>
        <TextStyle fontFamily="Times New Roman" fontSize="8.0" bold="true"/>
      </TextLine>
      <TextLine id="tl_138" primaryLanguage="German" custom="readingOrder {index:2;}">
        <Coords points="2010,2996 2906,2996 2906,3054 2010,3054"/>
        <Baseline points="2010,3047 2193,3046 2262,3046 2501,3042 2583,3043 2906,3044"/>
        <TextEquiv>
          <Unicode>Rechnung kaufen, unter günſtigen Bedingungen</Unicode>
        </TextEquiv>
      </TextLine>
      <TextEquiv>
        <Unicode>iſt für einzelne Diſtrikte reſp. Länder der Monarchie
an ſolvente Händler, die auf eigene
Rechnung kaufen, unter günſtigen Bedingungen</Unicode>
      </TextEquiv>
    </TextRegion>
    <TextRegion type="paragraph" id="r_24_5" custom="readingOrder {index:63;}">
      <Coords points="2280,3066 2636,3066 2636,3162 2280,3162"/>
      <TextLine id="tl_139" primaryLanguage="German" custom="readingOrder {index:0;}">
        <Coords points="2281,3067 2635,3067 2635,3161 2281,3161"/>
        <Baseline points="2281,3143 2341,3143 2635,3143"/>
        <TextEquiv>
          <Unicode>zu vergeben.</Unicode>
        </TextEquiv>
        <TextStyle fontFamily="Times New Roman" fontSize="16.0" bold="true"/>
      </TextLine>
      <TextEquiv>
        <Unicode>zu vergeben.</Unicode>
      </TextEquiv>
    </TextRegion>
    <TextRegion type="paragraph" id="r_24_6" custom="readingOrder {index:64;}">
      <Coords points="2009,3167 2909,3167 2909,3353 2009,3353"/>
      <TextLine id="tl_140" primaryLanguage="German" custom="readingOrder {index:0;}">
        <Coords points="2011,3168 2906,3168 2906,3215 2011,3215"/>
        <Baseline points="2010,3209 2088,3209 2318,3207 2415,3207 2701,3207 2906,3208"/>
        <TextEquiv>
          <Unicode>Die Maſchine hat vollkommen ſichtbare</Unicode>
        </TextEquiv>
        <TextStyle fontFamily="Times New Roman" fontSize="8.0" bold="true"/>
      </TextLine>
      <TextLine id="tl_141" primaryLanguage="German" custom="readingOrder {index:1;}">
        <Coords points="2012,3209 2906,3209 2906,3258 2012,3258"/>
        <Baseline points="2012,3254 2173,3251 2549,3251 2792,3251 2906,3253"/>
        <TextEquiv>
          <Unicode>Schrift, Zweifarbenband, Rücktaſter, Ku⸗</Unicode>
        </TextEquiv>
        <TextStyle fontFamily="Times New Roman" fontSize="8.0" bold="true"/>
      </TextLine>
      <TextLine id="tl_142" primaryLanguage="German" custom="readingOrder {index:2;}">
        <Coords points="2010,3258 2908,3258 2908,3306 2010,3306"/>
        <Baseline points="2010,3299 2190,3297 2388,3296 2697,3297 2908,3297"/>
        <TextEquiv>
          <Unicode>gellager, einfache Umſchaltung, auswech⸗</Unicode>
        </TextEquiv>
        <TextStyle fontFamily="Times New Roman" fontSize="8.0" bold="true"/>
      </TextLine>
      <TextLine id="tl_143" primaryLanguage="German" custom="readingOrder {index:3;}">
        <Coords points="2242,3303 2672,3303 2672,3352 2242,3352"/>
        <Baseline points="2240,3341 2418,3341 2601,3341 2672,3341"/>
        <TextEquiv>
          <Unicode>ſelbaren Wagen ꝛc.</Unicode>
        </TextEquiv>
        <TextStyle fontFamily="Times New Roman" fontSize="8.0" bold="true"/>
      </TextLine>
      <TextEquiv>
        <Unicode>Die Maſchine hat vollkommen ſichtbare
Schrift, Zweifarbenband, Rücktaſter, Ku⸗
gellager, einfache Umſchaltung, auswech⸗
ſelbaren Wagen ꝛc.</Unicode>
      </TextEquiv>
    </TextRegion>
    <TextRegion type="paragraph" id="r_24_7" custom="readingOrder {index:65;}">
      <Coords points="2007,3346 2908,3346 2908,3526 2007,3526"/>
      <TextLine id="tl_144" primaryLanguage="German" custom="readingOrder {index:0;}">
        <Coords points="2053,3347 2907,3347 2907,3392 2053,3392"/>
        <Baseline points="2053,3384 2146,3382 2316,3382 2427,3382 2563,3382 2624,3382 2789,3382 2907,3383"/>
        <TextEquiv>
          <Unicode>Unſer Direktor weilt derzeit in Europa Nur</Unicode>
        </TextEquiv>
        <TextStyle fontFamily="Times New Roman" fontSize="8.5"/>
      </TextLine>
      <TextLine id="tl_145" primaryLanguage="German" custom="readingOrder {index:1;}">
        <Coords points="2009,3388 2906,3388 2906,3437 2009,3437"/>
        <Baseline points="2009,3429 2097,3427 2329,3427 2473,3426 2560,3426 2681,3430 2809,3429 2906,3428"/>
        <TextEquiv>
          <Unicode>ernſte Reflektanten wollen bis 10. Juli Zu⸗</Unicode>
        </TextEquiv>
        <TextStyle fontFamily="Times New Roman" fontSize="8.5"/>
      </TextLine>
      <TextLine id="tl_146" primaryLanguage="German" custom="readingOrder {index:2;}">
        <Coords points="2008,3428 2907,3428 2907,3480 2008,3480"/>
        <Baseline points="2011,3472 2139,3472 2247,3471 2440,3472 2539,3471 2612,3470 2907,3472"/>
        <TextEquiv>
          <Unicode>ſchriften unter „Manager“ an die Ann. Expedition</Unicode>
        </TextEquiv>
        <TextStyle fontFamily="Times New Roman" fontSize="8.5"/>
      </TextLine>
      <TextLine id="tl_147" primaryLanguage="German" custom="readingOrder {index:3;}">
        <Coords points="2008,3477 2905,3477 2905,3525 2008,3525"/>
        <Baseline points="2008,3517 2066,3518 2216,3516 2364,3516 2488,3516 2544,3515 2701,3516 2791,3517 2905,3517"/>
        <TextEquiv>
          <Unicode>von Heinrich Schalek, Wien, I., Wollzeile 11. 306</Unicode>
        </TextEquiv>
        <TextStyle fontFamily="Times New Roman" fontSize="8.5"/>
      </TextLine>
      <TextEquiv>
        <Unicode>Unſer Direktor weilt derzeit in Europa Nur
ernſte Reflektanten wollen bis 10. Juli Zu⸗
ſchriften unter „Manager“ an die Ann. Expedition
von Heinrich Schalek, Wien, I., Wollzeile 11. 306</Unicode>
      </TextEquiv>
    </TextRegion>
    <TextRegion type="paragraph" id="r_25_1" custom="readingOrder {index:66;}">
      <Coords points="2051,3595 2911,3595 2911,3651 2051,3651"/>
      <TextLine id="tl_148" primaryLanguage="German" custom="readingOrder {index:0;}">
        <Coords points="2052,3596 2823,3596 2823,3650 2052,3650"/>
        <Baseline points="2052,3643 2193,3642 2458,3640 2530,3640 2770,3641 2905,3640"/>
        <TextEquiv>
          <Unicode>Schönſte Sommerfriſche für Ruheliebende u. Re</Unicode>
        </TextEquiv>
        <TextStyle fontFamily="Times New Roman" fontSize="8.5"/>
      </TextLine>
      <TextEquiv>
        <Unicode>Schönſte Sommerfriſche für Ruheliebende u. Re</Unicode>
      </TextEquiv>
    </TextRegion>
    <TextRegion type="paragraph" id="r_25_2" custom="readingOrder {index:67;}">
      <Coords points="2007,3648 2863,3648 2863,3696 2007,3696"/>
      <TextLine id="tl_149" primaryLanguage="German" custom="readingOrder {index:0;}">
        <Coords points="2008,3649 2862,3649 2862,3695 2008,3695"/>
        <Baseline points="2008,3689 2020,3689 2223,3687 2256,3686 2278,3686 2365,3686 2490,3686 2556,3685 2687,3685 2862,3687"/>
        <TextEquiv>
          <Unicode>konvalescente in dem mitten im Walde gelegenen</Unicode>
        </TextEquiv>
      </TextLine>
      <TextEquiv>
        <Unicode>konvalescente in dem mitten im Walde gelegenen</Unicode>
      </TextEquiv>
    </TextRegion>
    <TextRegion type="paragraph" id="r_25_3" custom="readingOrder {index:68;}">
      <Coords points="2148,3694 2755,3696 2755,3744 2148,3742"/>
      <TextLine id="tl_150" primaryLanguage="German" custom="readingOrder {index:0;}">
        <Coords points="2149,3695 2616,3695 2616,3741 2149,3741"/>
        <Baseline points="2149,3739 2277,3735 2748,3736"/>
        <TextEquiv>
          <Unicode>Erholungsheim</Unicode>
        </TextEquiv>
        <TextStyle fontFamily="Times New Roman" fontSize="8.0" bold="true"/>
      </TextLine>
      <TextEquiv>
        <Unicode>Erholungsheim</Unicode>
      </TextEquiv>
    </TextRegion>
    <TextRegion type="paragraph" id="r_25_4" custom="readingOrder {index:69;}">
      <Coords points="2082,3750 2846,3750 2846,3838 2082,3838"/>
      <TextLine id="tl_151" primaryLanguage="German" custom="readingOrder {index:0;}">
        <Coords points="2083,3751 2845,3751 2845,3837 2083,3837"/>
        <Baseline points="2083,3825 2263,3823 2844,3819"/>
        <TextEquiv>
          <Unicode>Bad Gerhardthof</Unicode>
        </TextEquiv>
        <TextStyle fontFamily="Times New Roman" fontSize="15.0" bold="true"/>
      </TextLine>
      <TextEquiv>
        <Unicode>Bad Gerhardthof</Unicode>
      </TextEquiv>
    </TextRegion>
    <TextRegion type="paragraph" id="r_25_5" custom="readingOrder {index:70;}">
      <Coords points="2008,3846 2920,3846 2920,3896 2008,3896"/>
      <TextLine id="tl_152" primaryLanguage="German" custom="readingOrder {index:0;}">
        <Coords points="2009,3847 2768,3847 2768,3895 2009,3895"/>
        <Baseline points="2009,3889 2274,3885 2441,3885 2909,3887"/>
        <TextEquiv>
          <Unicode>Bahnſtation Telfs, Miemingerplateau.</Unicode>
        </TextEquiv>
        <TextStyle fontFamily="Times New Roman" fontSize="8.0" bold="true"/>
      </TextLine>
      <TextEquiv>
        <Unicode>Bahnſtation Telfs, Miemingerplateau.</Unicode>
      </TextEquiv>
    </TextRegion>
    <TextRegion type="paragraph" id="r_25_6" custom="readingOrder {index:71;}">
      <Coords points="2009,3889 2918,3889 2918,3938 2009,3938"/>
      <TextLine id="tl_153" primaryLanguage="German" custom="readingOrder {index:0;}">
        <Coords points="2010,3890 2712,3890 2712,3937 2010,3937"/>
        <Baseline points="2012,3930 2164,3927 2270,3928 2340,3926 2519,3926 2592,3925 2910,3930"/>
        <TextEquiv>
          <Unicode>Proſpekte durch die Beſitzerin M. Kopp. 645</Unicode>
        </TextEquiv>
        <TextStyle fontFamily="Times New Roman" fontSize="8.5"/>
      </TextLine>
      <TextEquiv>
        <Unicode>Proſpekte durch die Beſitzerin M. Kopp. 645</Unicode>
      </TextEquiv>
    </TextRegion>
    <TextRegion type="paragraph" id="r_26_1" custom="readingOrder {index:72;}">
      <Coords points="2325,4012 2593,4012 2593,4057 2325,4057"/>
      <TextLine id="tl_154" primaryLanguage="German" custom="readingOrder {index:0;}">
        <Coords points="2326,4013 2592,4013 2592,4056 2326,4056"/>
        <Baseline points="2326,4050 2383,4048 2512,4047 2592,4047"/>
        <TextEquiv>
          <Unicode>Im Verlag der</Unicode>
        </TextEquiv>
        <TextStyle fontFamily="Times New Roman" fontSize="8.5"/>
      </TextLine>
      <TextEquiv>
        <Unicode>Im Verlag der</Unicode>
      </TextEquiv>
    </TextRegion>
    <TextRegion type="paragraph" id="r_26_2" custom="readingOrder {index:73;}">
      <Coords points="2011,4056 2903,4056 2903,4156 2011,4156"/>
      <TextLine id="tl_155" primaryLanguage="German" custom="readingOrder {index:0;}">
        <Coords points="2012,4057 2902,4057 2902,4113 2012,4113"/>
        <Baseline points="2016,4103 2275,4102 2542,4099 2713,4099 2902,4100"/>
        <TextEquiv>
          <Unicode>Wagner'ſchen Univ.⸗Huchhandlung in Innsbruck</Unicode>
        </TextEquiv>
        <TextStyle fontFamily="Times New Roman" fontSize="9.5"/>
      </TextLine>
      <TextLine id="tl_156" primaryLanguage="German" custom="readingOrder {index:1;}">
        <Coords points="2352,4111 2580,4111 2580,4155 2352,4155"/>
        <Baseline points="2352,4146 2397,4147 2580,4146"/>
        <TextEquiv>
          <Unicode>iſt erſchienen:</Unicode>
        </TextEquiv>
        <TextStyle fontFamily="Times New Roman" fontSize="8.5"/>
      </TextLine>
      <TextEquiv>
        <Unicode>Wagner'ſchen Univ.⸗Huchhandlung in Innsbruck
iſt erſchienen:</Unicode>
      </TextEquiv>
    </TextRegion>
    <TextRegion type="paragraph" id="r_26_3" custom="readingOrder {index:74;}">
      <Coords points="2244,4162 2696,4162 2696,4240 2244,4240"/>
      <TextLine id="tl_157" primaryLanguage="German" custom="readingOrder {index:0;}">
        <Coords points="2245,4163 2695,4163 2695,4239 2245,4239"/>
        <Baseline points="2246,4223 2695,4225"/>
        <TextEquiv>
          <Unicode>Normal-Erläſſe</Unicode>
        </TextEquiv>
        <TextStyle fontFamily="Times New Roman" fontSize="13.0" bold="true"/>
      </TextLine>
      <TextEquiv>
        <Unicode>Normal-Erläſſe</Unicode>
      </TextEquiv>
    </TextRegion>
    <TextRegion type="paragraph" id="r_26_4" custom="readingOrder {index:75;}">
      <Coords points="2006,4242 2904,4242 2904,4289 2006,4289"/>
      <TextLine id="tl_158" primaryLanguage="German" custom="readingOrder {index:0;}">
        <Coords points="2007,4243 2903,4243 2903,4288 2007,4288"/>
        <Baseline points="2007,4282 2064,4283 2107,4283 2155,4282 2408,4280 2486,4280 2593,4279 2682,4280 2904,4281"/>
        <TextEquiv>
          <Unicode>der k. k. Statthalterei für Tirol und Vorarlberg</Unicode>
        </TextEquiv>
        <TextStyle fontFamily="Times New Roman" fontSize="7.5"/>
      </TextLine>
      <TextEquiv>
        <Unicode>der k. k. Statthalterei für Tirol und Vorarlberg</Unicode>
      </TextEquiv>
    </TextRegion>
    <TextRegion type="paragraph" id="r_26_5" custom="readingOrder {index:76;}">
      <Coords points="2358,4298 2566,4298 2566,4336 2358,4336"/>
      <TextLine id="tl_159" primaryLanguage="German" custom="readingOrder {index:0;}">
        <Coords points="2359,4299 2565,4299 2565,4335 2359,4335"/>
        <Baseline points="2359,4328 2486,4328 2565,4327"/>
        <TextEquiv>
          <Unicode>betreffend das</Unicode>
        </TextEquiv>
        <TextStyle fontFamily="Times New Roman" fontSize="6.0"/>
      </TextLine>
      <TextEquiv>
        <Unicode>betreffend das</Unicode>
      </TextEquiv>
    </TextRegion>
    <TextRegion type="paragraph" id="r_26_6" custom="readingOrder {index:77;}">
      <Coords points="2007,4342 2904,4342 2904,4391 2007,4391"/>
      <TextLine id="tl_160" primaryLanguage="German" custom="readingOrder {index:0;}">
        <Coords points="2008,4343 2903,4343 2903,4390 2008,4390"/>
        <Baseline points="2008,4385 2268,4382 2374,4380 2460,4380 2903,4381"/>
        <TextEquiv>
          <Unicode>Waſſerrecht und die Waſſerverwaltung.</Unicode>
        </TextEquiv>
        <TextStyle fontFamily="Times New Roman" fontSize="8.0" bold="true"/>
      </TextLine>
      <TextEquiv>
        <Unicode>Waſſerrecht und die Waſſerverwaltung.</Unicode>
      </TextEquiv>
    </TextRegion>
    <TextRegion type="paragraph" id="r_26_7" custom="readingOrder {index:78;}">
      <Coords points="2002,4397 2854,4392 2854,4447 2002,4452"/>
      <TextLine id="tl_161" primaryLanguage="German" custom="readingOrder {index:0;}">
        <Coords points="1893,4397 2733,4397 2733,4450 1893,4450"/>
        <Baseline points="2013,4435 2100,4433 2124,4433 2256,4432 2395,4433 2536,4431 2679,4431 2841,4430"/>
        <TextEquiv>
          <Unicode>1910 .297 Seiten. Preis geheftet K 7.—.</Unicode>
        </TextEquiv>
      </TextLine>
      <TextEquiv>
        <Unicode>1910 .297 Seiten. Preis geheftet K 7.—.</Unicode>
      </TextEquiv>
    </TextRegion>
    <SeparatorRegion id="r_27" custom="readingOrder {index:79;}">
      <Coords points="0,0 3104,0 3104,30 0,30"/>
    </SeparatorRegion>
    <SeparatorRegion id="r_28" custom="readingOrder {index:80;}">
      <Coords points="580,208 2872,208 2872,226 580,226"/>
    </SeparatorRegion>
    <SeparatorRegion id="r_29" custom="readingOrder {index:81;}">
      <Coords points="160,218 570,218 570,228 160,228"/>
    </SeparatorRegion>
    <SeparatorRegion id="r_31" custom="readingOrder {index:82;}">
      <Coords points="160,1538 2872,1538 2872,1552 160,1552"/>
    </SeparatorRegion>
    <SeparatorRegion id="r_32" custom="readingOrder {index:83;}">
      <Coords points="1078,1646 1554,1646 1554,1660 1078,1660"/>
    </SeparatorRegion>
    <SeparatorRegion id="r_33" custom="readingOrder {index:84;}">
      <Coords points="1238,2170 1554,2170 1554,2182 1238,2182"/>
    </SeparatorRegion>
    <SeparatorRegion id="r_34" custom="readingOrder {index:85;}">
      <Coords points="156,2400 1048,2400 1048,2410 156,2410"/>
    </SeparatorRegion>
    <SeparatorRegion id="r_35" custom="readingOrder {index:86;}">
      <Coords points="2012,2410 2902,2410 2902,2420 2012,2420"/>
    </SeparatorRegion>
    <SeparatorRegion id="r_36" custom="readingOrder {index:87;}">
      <Coords points="1084,2736 1976,2736 1976,2742 1084,2742"/>
    </SeparatorRegion>
    <SeparatorRegion id="r_37" custom="readingOrder {index:88;}">
      <Coords points="156,3398 1054,3398 1054,3412 156,3412"/>
    </SeparatorRegion>
    <SeparatorRegion id="r_38" custom="readingOrder {index:89;}">
      <Coords points="2008,3594 2904,3594 2904,3604 2008,3604"/>
    </SeparatorRegion>
    <SeparatorRegion id="r_39" custom="readingOrder {index:90;}">
      <Coords points="1090,3920 1974,3920 1974,3930 1090,3930"/>
    </SeparatorRegion>
    <SeparatorRegion id="r_40" custom="readingOrder {index:91;}">
      <Coords points="2010,3940 2906,3940 2906,3950 2010,3950"/>
    </SeparatorRegion>
    <SeparatorRegion id="r_41" custom="readingOrder {index:92;}">
      <Coords points="1084,4158 1976,4158 1976,4166 1084,4166"/>
    </SeparatorRegion>
    <SeparatorRegion id="r_42" custom="readingOrder {index:93;}">
      <Coords points="158,4288 1048,4288 1048,4300 158,4300"/>
    </SeparatorRegion>
    <SeparatorRegion id="r_43" custom="readingOrder {index:94;}">
      <Coords points="2084,4452 2848,4452 2848,4472 2084,4472"/>
    </SeparatorRegion>
    <SeparatorRegion id="r_44" custom="readingOrder {index:95;}">
      <Coords points="2080,4482 2822,4482 2822,4506 2080,4506"/>
    </SeparatorRegion>
    <SeparatorRegion id="r_45" custom="readingOrder {index:96;}">
      <Coords points="614,4786 3104,4786 3104,4831 614,4831"/>
    </SeparatorRegion>
    <SeparatorRegion id="r_46" custom="readingOrder {index:97;}">
      <Coords points="0,4806 584,4806 584,4831 0,4831"/>
    </SeparatorRegion>
    <SeparatorRegion id="r_47" custom="readingOrder {index:98;}">
      <Coords points="1134,3862 1926,3862 1926,3918 1134,3918"/>
    </SeparatorRegion>
    <SeparatorRegion id="r_48" custom="readingOrder {index:99;}">
      <Coords points="1060,1570 1066,1570 1066,1720 1060,1720"/>
    </SeparatorRegion>
    <SeparatorRegion id="r_49" custom="readingOrder {index:100;}">
      <Coords points="1060,1728 1078,1728 1078,4464 1060,4464"/>
    </SeparatorRegion>
    <SeparatorRegion id="r_50" custom="readingOrder {index:101;}">
      <Coords points="1080,2800 1138,2800 1138,3864 1080,3864"/>
    </SeparatorRegion>
    <SeparatorRegion id="r_51" custom="readingOrder {index:102;}">
      <Coords points="1926,2798 1980,2798 1980,3862 1926,3862"/>
    </SeparatorRegion>
    <SeparatorRegion id="r_52" custom="readingOrder {index:103;}">
      <Coords points="1986,1560 2000,1560 2000,4496 1986,4496"/>
    </SeparatorRegion>
    <SeparatorRegion id="r_53" custom="readingOrder {index:104;}">
      <Coords points="1290,2736 1384,2736 1384,2742 1290,2742"/>
    </SeparatorRegion>
    <SeparatorRegion id="r_54" custom="readingOrder {index:105;}">
      <Coords points="150,2780 152,2780 152,2922 150,2922"/>
    </SeparatorRegion>
  </Page>
</PcGts>
