3488 5353
232 140 422 174 Nr. 16830
798 137 1064 176 Wien, Samstag
1488 134 2058 168 Neue Freie Presse.
2507 130 2744 167 1. Juli 1911
3158 127 3293 164 Seite 9
267 214 1208 258 Während der Ausführungen des Herrn v. Doré er⸗
195 252 1210 299 ſchollen von allen Seiten Zuſtimmungsrufe. Man rief: Wir
196 291 1208 338 ſind die Intereſſenten! Wir haben hier zu reden! Wir ſind
195 337 472 376 die Geſchädigten!
269 368 1209 415 Bezirkskommiſſär Dr. Kurz: Wir ſind hier, um zu
196 411 1208 456 kommiſſionieren, und nicht zu debattieren. Sie können ja
194 452 1145 496 alles zu Protokoll geben, aber nicht hier, ſondern unten.
265 489 1207 532 Generalkonſul v. Doret: Sie wollen uns das Wort
194 529 1207 573 abſchneiden? Das dürfen Sie nicht! Dagegen proteſtieren
194 572 611 612 wir bei der Statthalterei!
269 608 1208 651 Dr. Kurz: Als Leiter der Kommiſſion kann ich das
194 652 439 684 Wort verbieten.
267 687 1206 731 Rufe: Das können Sie nicht! Wir ſind die Staats⸗
195 732 326 772 erhalter!
264 766 1210 810 Nun meldete ſich Reichsratsabgeordneter Rudolf Gruber
193 811 370 851 zum Wort.
267 846 1205 889 Bezirkskommiſſär Dr. Kurz: Ja, aber nicht jetzt, erſt
193 889 522 928 bei der Kommiſſion.
269 925 1206 968 Abg. Gruber: Sie werden mir doch als Reichsrats⸗
193 965 1126 1008 abgeordneten dieſes Bezirkes nicht das Wort verweigern.
267 1005 1207 1047 Dr. Kurz: Durchaus nicht. Bei der Kommiſſion können
193 1048 398 1088 Sie ſprechen.
267 1084 1205 1127 Um ½12 Uhr mittags begaben ſich, die Teilnehmer, in
193 1123 1206 1166 erregter Weiſe weiterdebattierend, zum Gaſthauſe Hanl
192 1163 1204 1206 zurück. Die Kommiſſion im Gaſthofe leiteten Bezirkskommiſſär
192 1203 1203 1245 Dr. Kurz und Oberbaurat Hick mit der Darſtellung des
192 1241 1205 1285 Projekts ein, wobei zunächſt Stille herrſchte. Als aber bei
188 1281 1204 1327 Beſprechung des Bauplanes von Baulichkeiten für fiebernde
192 1321 1206 1365 und epidemiſche Kranke die Rede war, erhob ſich ein Sturm
193 1360 1205 1404 des Widerſpruches, der ſich nicht legen wollte. Neuerlicher
192 1399 1202 1445 Sturm durchbrauſte den Saal, als es in dein Projekt hieß,
192 1438 1205 1483 daß kaiſerlicher Rat Dr. Haney vom Kurhaus Semmering
192 1478 1205 1523 die ärztliche Leitung des Tuberkuloſenheims übernehmen ſolle.
267 1518 1206 1562 Das nächſte Protokoll des Oberbezirksarztes Doktor
193 1557 1206 1599 Urbauer von Neunkirchen behandelte das Projekt vom
194 1593 1206 1641 ſanitären Standpunkt. Es iſt zu befürchten, heißt es im
193 1636 1205 1682 Protokoll, daß die vielen Millionen, welche am Semmering
194 1676 1206 1720 als Touriſten⸗ und Erholungsort inveſtiert ſind, verloren
195 1715 1206 1761 gehen, falls das Projekt verwirklicht würde. Der Fremden⸗
194 1754 1204 1801 zuzug würde aufhören, die Tauſende von leichter Erkrankten,
193 1794 1206 1839 wie Neuraſtheniker ꝛc., welche den Semmering als Erholungs⸗
194 1834 1207 1878 ort gerne aufſuchen, würden aus begreiflichen Gründen den
194 1873 1207 1919 Ort, wo ſich Lungenkranke aufhalten, meiden. Der Ober⸗
194 1912 1208 1957 bezirksarzt betont insbeſondere die Infektionsgefahr durch den
193 1951 1208 1997 Transport ſolcher Lungenkranker, welcher dieſelben nicht direkt
194 1991 1207 2035 durch Wagen auf den Semmering bringen würde. Er ver⸗
194 2031 1207 2076 langt weiter, daß die Räume ſtreng abgegrenzt werden müſſen
195 2070 1208 2115 und von den Pfleglingen nicht verlaſſen werden dürfen. Die
193 2111 1208 2156 Anſtellung eines Aufſichtsarztes ſei unbedingt notwendig.
193 2150 1206 2194 Nach ſeinen Erfahrungen ſei Dr. Haney mit der Leitung
193 2190 1205 2234 ſeines Kurhauſes derart überbürdet, daß er unmöglich noch
194 2230 1205 2272 die Leitung des projektierten Heims übernehmen könne.
193 2268 1205 2313 Dr. Urbauer fordert ferner ſtrenge Unterſuchung des
194 2305 1208 2352 Trinkwaſſers durch die Unterſuchungsanſtalt für Lebensmittel
193 2347 1207 2393 in Wien und ſchließt: „Ein derartiges Gebiet wie der
194 2387 1206 2433 Semmering als Sport⸗ und Erholungsort muß für das
194 2420 1208 2471 Wohl der Allgemeinheit erhalten werden. Solche Orte müſſen
188 2465 1204 2509 von der Anſammlung von Tuberkuloſen freigehalten werden.“
193 2507 853 2549 Das Protokoll fand ſtürmiſchen Beifall.
263 2543 1205 2587 Nach einer Pauſe kamen die Anrainer zu Wort.
187 2583 1206 2627 Während der Protokollierung der verſchiedenen Proteſte kam
189 2621 1207 2664 es zu turbulenten Szenen. Die Reſolution, die in der vor⸗
188 2659 1207 2706 mittägigen Verſammlung angenommen worden war, über⸗
191 2700 1209 2743 reichte Bürgermeiſter Dangl. Er erklärte dezidiert, daß
191 2739 1210 2779 die Gemeinde Breitenſtein⸗Semmering nie⸗
191 2778 1209 2818 mals den Baukonſens für ein ſolches den Semmering
187 2818 973 2858 ruinierendes Unternehmen erteilen werde.
263 2854 1206 2895 Die Vertreter der Stadt Wien, die Stadträte Doktor
191 2894 1211 2936 Deutſchmann und Zatzka, Oberſtadtphyſikus Doktor
187 2929 1206 2981 Böhm und Magiſtratsoberkommiſſär Dr. Handler für
181 2969 1206 3014 das ſtädtiſche Sanitätsdepartement, gaben folgendes Gut⸗
188 3010 1206 3052 achten ab: „Die Gemeinde Wien wird es ſtets mit Freuden
187 3048 1205 3091 begrüßen, wenn Erholungsheime für Tuberkuloſe geſchaffen
190 3082 1208 3130 werden. Wir müſſen uns jedoch dem Proteſte gegen die Er⸗
189 3128 1207 3175 richtung einer ſolchen Anſtalt gerade auf dem Semmering im
190 3164 1205 3213 allgemeinen anſchließen, und zwar ſchon aus Rückſicht darauf,
187 3206 1203 3246 daß der Semmering ein Erholungsort für die breiten Schichten
187 3244 1205 3285 der Wiener Bevölkerung iſt, welchem die Gemeinde Wien ſtets
188 3283 1205 3324 ihr größtes Intereſſe entgegenbringt. Der Semmering iſt von
187 3322 1205 3362 der Wiener Bevölkerung am meiſten frequentiert, und wäre
188 3361 1205 3402 daher möglichſt rein zu erhalten. In der Erwägung, daß
188 3400 1207 3442 wegen des geplanten Erholungsheims die Wiener Bevölkerung
188 3438 1206 3479 den Aufenthalt auf dem Semmering aus Furcht vor Ge⸗
191 3478 1207 3518 fährdung der Geſundheit meiden würde, ſchließen wir uns
190 3517 903 3555 namens der Stadt Wien dem Proteſte an!“
266 3555 1206 3598 Gemeinderat Oberinſpektor Fuchs als Bauſachverſtändiger
190 3593 1207 3634 beanſtändet zunächſt die Entwerfung des Bauplanes, der vor⸗
191 3632 1208 3674 ſchriftsmäßig im Maßſtabe von 1:100 ausgearbeitet werden
191 3671 1208 3713 müßte, tatſächlich aber im Maßſtabe von 1:200 ausgearbeitet
190 3709 1206 3756 ſei. Ferner beanſtändet er den Mangel von Koten, die
188 3746 1207 3789 Qualität des typhöſen Trinkwaſſers, das Vorhandenſein von
188 3786 1206 3830 zahlreichen Fliegen an der Bauſtelle, welche die Gefahr der
189 3825 885 3866 Uebertragung von Bazillen in ſich bergen.
264 3865 1207 3907 Hotelier Franz Panhans erhebt gegen das Projekt
190 3903 1207 3944 energiſchen Proteſt und behält ſich bei eventueller Verwirk⸗
189 3940 1206 3983 lichung vor, gegen den Staat ſowohl als gegen das Unter⸗
188 3981 1205 4024 nehmen ſelbſt klagbar aufzutreten, um ſie für den zugefügten
175 4019 756 4061 Schaden verantwortlich zu machen.
184 4060 1205 4106 Bürgermeiſter Profeſſor Weiſer (Payerbach) führt aus,
191 4100 1207 4142 daß die junge Gemeinde Payerbach gegenwärtig mit einem
196 4137 1207 4181 Koſtenaufwande von 45.000 K. eine Gebirgsſtraße zur
189 4178 1207 4219 leichteren Erreichbarkeit des herrlichen Semmeringebietes an⸗
196 4216 1206 4260 lege. Er proteſtiert energiſch namens der Gemeinde Payerbach
192 4257 1206 4299 gegen das Projekt, welches die vollſtändige Entwertung des
193 4297 1207 4338 ganzen Gebietes und den wirſchaftlichen Niedergang ſämtlicher
192 4335 684 4375 Grundbeſitzer bedeuten würde.
264 4376 1209 4417 Nun überreichte Inſpektor Hauer namens der Südbahn⸗
192 4414 1206 4457 geſellſchaft den bereits im Abendblatt veröffentlichten ſchrift⸗
190 4455 409 4494 lichen Proteſt.
265 4494 1205 4536 Stürmiſch begrüßt, führte Abgeordnter Gruber aus,
192 4534 1205 4575 daß er als Abgeordneter des Bezirkes ſich verpflichtet fühle,
190 4572 1206 4614 ſich dem Proteſte der Bevölkerung mit aller Entſchiedenheit
191 4611 1205 4653 anzuſchließen. Redner polemiſiert gegen die Sozialdemokraten,
192 4650 996 4691 die in ihrem Organe für dieſes Projekt eintreten.
262 4686 1208 4731 In Vertretung des Dr. Kupelwieſer verteidigt Doktor
190 4727 1207 4770 Krenn aus Wien das Unternehmen, deſſen Ungefährlichkeit
191 4770 1208 4810 er unter dem Widerſpruch der Verſammlung auseinanderzu⸗
190 4808 1207 4849 ſetzen verſucht. Er ſtellt den Antrag, ſtatiſtiſche Erhebungen
190 4842 1207 4887 über die Sterblichkeit in Kurorten zu pflegen, wo ſich derartige
190 4887 1206 4927 Heilſtätten befinden. Aufſehen erregte der Proteſt des Direktors
189 4920 1208 4966 Schuſter nicht bloß im eigenen Namen, ſondern auch in
189 4964 1210 5006 Vertretung des Wiener Polizeipräſidenten Brzeſowsky, der
189 5004 1207 5046 ſich in äußerſt ſcharfer Weiſe gegen das Projekt ausſprach.
183 5045 1209 5084 Bürgermeiſter Dangl gibt ſchließlich unter allgemeinem
190 5082 1208 5124 Aufſehen die Erklärung ab, daß er, da die Baupläne nicht
185 5122 1208 5165 den geſetzlichen Anforderungen entſprechen, an den weiteren
1253 213 2267 253 Verhandlungen nicht mehr teilnehmen könne. (Allgemeiner
1253 253 1380 293 Beifall.)
1327 293 2267 332 Nach der Erklärung des Bürgermeiſters Dangl wurde
1257 331 2271 372 die Kommiſſionsverhandlung, da keine Einwände mehr er⸗
1257 369 2270 411 hoben wurden, geſchloſſen. Die Bauwerber werden nunmehr
1254 411 2266 451 richtiggeſtellte Pläne vorlegen müſſen, worauf eine neuerliche
1256 448 1917 489 Kommiſſion ausgeſchrieben werden wird.
1313 529 2212 575 Verbandstag der Oeſterreichiſchen Scharf⸗
1483 574 2049 618 ſchützen⸗ und Bürgerkorps.
1503 633 2009 663 (Telegramm der „Neuen Freien Preſſe“.)
1882 676 2232 710 Budweis, 29. Juni.
1330 719 2267 761 Die diesjährige Tagung des Verbandes der öſter⸗
1255 758 2265 797 reichiſchen Schützen⸗ und Bürgerkorps wurde am 28. und
1255 798 1760 837 29. d. in Budweis abgehalten.
1331 836 2267 876 Am 28. d., nachmittags, fand die Beratung über ver⸗
1256 876 2264 915 ſchiedene Verbandsangelegenheiten ſtatt. Zu dieſer Beratung
1258 914 2267 953 waren erſchienen Vertreter der Schützen⸗ und Bürgerkorps
1251 952 2264 992 von Brünn, Graz, Czernowitz, Wien, Wiener⸗Neuſtadt, Steyr,
1253 992 2263 1032 Freiſtadt, Böhmiſch⸗Leipa, Olmütz, Brüx, Mies, St. Pölten,
1253 1024 2263 1075 Saaz u. ſ. w. Der Verbandspräſident Oberſtlieutenant Zel⸗
1255 1071 2267 1111 niczek (Brünn) eröffnete die Verſammlung, indem er alle
1250 1107 2264 1147 Anweſenden, insbeſondere den Bürgermeiſter der Stadt Bud⸗
1253 1146 2266 1187 weis Joſef Taſchek begrüßte. Dieſer hieß wiederum namens
1255 1186 2263 1225 der Deutſchen von Budweis die Verbandsmitglieder herzlich
1250 1218 2265 1265 willkommen und hob insbeſondere deren patriotiſches Wirken
1251 1263 2265 1308 hervor und wünſchte den Beratungen den beſten Erfolg.
1250 1300 2263 1342 Oberſtlieutenant Zelniczek erſtattete den Tätigkeitsbericht,
1255 1342 2265 1382 nach welchem von den 194 in Oeſterreich beſtehenden Korps
1254 1381 2265 1421 100 dem Vereine angehören. Beſtſchießen wurden veranſtaltet
1251 1419 2262 1459 in Kremſier, St. Pölten und Brünn. Unter anderm wurde
1255 1459 2264 1498 die Schaffung einer Verbandsſterbekaſſe beraten und wurde
1254 1497 2266 1539 nach einem Referat des Schützenhauptmannes und Bürger⸗
1248 1535 2263 1577 meiſters Ritter v. Streeruwitz (Mies) beſchloſſen, weitere
1254 1574 2263 1617 Erhebungen zu Pflegen. Abends fand in Fatzauns Piſener
1249 1615 2262 1655 Bierhalle ein Begrüßungsabend ſtatt, bei welchem die Kapelle
1252 1654 2261 1695 des Budweiſer Scharſſchützenkorps unter Leitung des Kapell⸗
1251 1693 1717 1732 meiſters Schmied konzertierte.
1326 1732 2264 1773 Heute fand das 333. Gründungsfeſt des Budweiſer
1252 1770 2261 1812 Scharfſchützenkorps ſtatt, an welchem ſich die Feſtgäſte be⸗
1253 1812 2266 1853 teiligten. Vormittags wurde eine Kirchenparade, mittags eine
1252 1850 2264 1891 Feſttafel im Deutſchen Saale und nachmittags ein Feſtkonzert
1254 1889 1790 1928 auf der Schützeninſel abgehalten.
1456 1970 2057 2017 Die Vorfälle in Drohobycz.
1958 2024 2229 2058 Wien, 30. Juni.
1322 2074 2265 2115 Wir werden vom Bürgermeiſter von Tuſtanowice um Auf⸗
1246 2113 2031 2153 nahme eines Schreibens erſucht, in dem es heißt:
1325 2152 2265 2193 „Ich bitte um gütige, Annahme folgender Richtigſtellung in
1246 2191 1859 2230 den Spalten Ihres geſchätzten Blattes:
1323 2228 2263 2269 In den Berichten der „Neuen Freien Preſſe“ über die
1246 2269 2265 2309 mutmaßlichen Urſachen der blutigen Vorgänge in Drohobycz,
1247 2301 2260 2347 wurde gegen mich der ſchwere Vorwurf erhoben, daß ich aus
1247 2346 2265 2387 der Ortſchaft Tuſtanowice, einem eine Meile von Drohobycz ge⸗
1246 2385 2262 2426 legenen Städtchen, wo ich ſeit mehreren Jahren das Bürger⸗
1246 2419 2266 2465 meiſteramt einnehme, Arbeiter in die Stadt geſchickt habe, welche
1247 2462 2267 2504 angeblich von mir den Auftrag erhielten, vor dem Wahllokal in
1246 2500 2266 2544 Drohobycz zu exzedieren, um auf dieſe Weiſe die Wahl Doktor
1252 2540 1800 2580 Loewenſteins unmöglich zu machen.
1323 2577 2266 2621 Dieſe Angabe iſt unwahr. Am ſelben Tage und zur ſelben
1247 2618 2266 2662 Stunde wurden auch in Tuſtanowice durch mich geleitete Wahlen
1247 2658 2266 2699 geführt, und es iſt doch ſelbſtverſtändlich, daß für dieſe Zeit kein
1247 2695 2266 2738 einziger Menſch des obgenannten Ortes ab kommen konnte oder
1247 2738 1342 2767 wollte.
1328 2775 2266 2816 Die Unrichtigkeit jener Behauptung geht auch aus
1246 2814 2262 2856 dem traurigen Verzeichniſſe der Toten und Verwundeten hervor,
1248 2853 2262 2896 unter denen kein einziges Opfer vom genannten Städtchen zu
1248 2887 2266 2939 finden ſei. Die Einwohner von Tuſtanowice ſind überhaupt
1247 2927 2263 2972 friedliche Leute, die ihr tägliches Brot auf ehrliche Weiſe ver⸗
1247 2969 2265 3010 dienen, und ſie würden ſich zu ſolchen unwürdigen und unmora⸗
1247 3008 2266 3050 liſchen Dienſten nicht verwenden laſſen. Die am ſelben Tage im
1247 3047 2264 3089 genannten Orte vorgenommene und durch mich geleitete Wahl
1247 3085 2265 3128 verlief in vollſter Ruhe und endete mit einem enthuſiaſtiſchen
1247 3124 2263 3167 Jubel meiner Perſon gegenüber. Das Militär, welches unnütz
1247 3164 2264 3206 vor dem Gemeindeamte ſtand, wurde abgelöſt und nach Droho⸗
1247 3203 2265 3244 bycz geſchickt. Von den ſchrecklichen Vorfällen erfuhr ich auf tele⸗
1247 3237 2263 3283 phoniſchem Wege von meiner in Drohobycz wohnender Familie,
1247 3281 2110 3322 die mich in höchſter Erregung nach Hauſe berufen hat.
1323 3314 2263 3361 Ich glaube damit meine und unter meiner Obhut ſtehender
1247 3357 2265 3401 Bürger Unſchuld an den blutigen Exzeſſen am 19. Juni be⸗
1248 3398 2265 3440 wieſen zu haben, und bitte ich, dieſe meine Rechtfertigung in
1247 3435 2041 3478 Ihrem geſchätzten Blatte veröffentlichen zu wollen.
1325 3484 1900 3524 Drohdbycz, am 27. Juni 1911.
1575 3532 1962 3573 Mit größtem Hochachten
1246 3578 2265 3621 Jakob Spitzmann, Bürgermeiſter der Gemeinde Tuſtanowice
1631 3620 1875 3660 bei Drohobycz.“
1450 3666 2067 3701 Ein Aufruf au die Hinterbliebenen.
1326 3709 2260 3756 Wir erhalten aus Drohobycz folgende Zuſchrift mit
1247 3752 1796 3798 der Bitte, um Veröffentlichung:
1326 3804 2258 3851 „Wir erſuchen Sie höflichſt um gefällige Veröffent⸗
1246 3843 2257 3894 lichung in Ihrem geſchätzten Blatte, daß bei der über
1247 3890 2259 3939 Initiative des Präſidiums des Bezirksrates Droho⸗
1248 3935 2260 3983 bycz am 26. Juni l. J. unter dem Vorſitze des Bezirks⸗
1248 3981 2264 4028 marſchalls Herrn Grafen Zamoyski in Drohobycz ab⸗
1249 4025 2260 4072 gehaltenen allgemeinen Bürgerverſammlung ſich ein
1250 4069 2259 4115 Rettungskomitee aus 25 Bürgern gebildet hat,
1249 4113 2259 4160 welches — fern von jeder politiſchen Tendenz — lediglich
1246 4157 2259 4202 den Zweck hat, die nach den unglücklichen Opfern der
1250 4199 2264 4246 hieſigen Wahlkataſtrophe vom 19. Juni 1911 Hinter⸗
1250 4238 2264 4288 bliebenen armen Waiſenkinder und Witwen ſowie die⸗
1246 4288 2261 4333 jenigen Perſonen, welche infolge voll bei dieſer Kata⸗
1246 4333 2258 4378 ſtrophe erlittenen Wunden erwerbsunfähig geworden ſind,
1247 4376 2261 4422 dauernd zu verſorgen und ihnen durch
1249 4419 2265 4466 entſprechende Unterſtützungen zur Grün⸗
1247 4464 2102 4509 dung von Exiſtenzen zu verhelfen.
1325 4507 2262 4552 Zur Durchführung dieſes Humanitären Werkes wendet
1247 4551 2262 4597 ſich nun das gefertigte Bürgerkomitee durch ſeine Reprä⸗
1248 4595 2260 4641 ſentanz an die geſamte Bevölkerung Oeſterreich⸗Ungarns,
1247 4639 2260 4683 ſowohl Einzelperſonen als Körperſchaften, Gemeinde⸗ und
1248 4682 2263 4726 Bezirksvertretungen, Finanzinſtitute, Handels⸗ und Ge⸗
1250 4726 2265 4772 werbe⸗Unternehmungen, ſowie an ſämtliche Wohltätigkeits⸗
1248 4769 2260 4816 anſtalten mit der ergebenen Bitte, ſei es direkt oder durch
1249 4813 2261 4859 Veranſtaltung von Sammlungen im Kreiſe von Be⸗
1248 4857 2262 4903 kannten und Verwandten zwecks dauernder Verſorgung
1246 4900 2262 4951 der nach den unglücklichen Wahlopfern Hinterbliebenen
1246 4943 2260 4990 Waiſerkinder und Witwen ſowie der bei der Wahl⸗
1248 4988 2261 5032 kataſtrophe erwerbsunfähig gewordenen Verwundeten ent⸗
1249 5031 2262 5078 ſprechende, wenn auch geringe Gaben zu ſpenden und
1247 5075 2263 5121 dadurch zur Vollbringung des begonnenen Humanitären
1247 5118 1744 5158 Werkes beitragen zu wollen.
2394 206 3327 254 Die Bereitwilligen mögen die Spenden an die Adreſſe
2312 252 3325 298 der „Sparkaſſe der Stadt Drohobycz für das Rettungs⸗
2312 298 2826 342 komitee in Drohobycz“ richten.
2390 339 3324 385 Wir wären Ihnen, ſehr geehrte Redaktion, auch ſehr
2311 384 3325 429 dankbar, wenn Sie in Ihrem geſchätzten Blatte für obigen
2309 428 3324 473 Zweck (dauernde Verſorgung und Exiſtenzgründung für
2311 473 3325 516 die Verwundeten ſowie die Hinterbliebenen der Droho⸗
2311 516 3324 561 byczer Wahlopfer) eine Sammlung von Spenden eröffnen
2308 562 2441 596 würden.
2391 603 3324 648 Die eingelaufenen Gaben bitten wir, gefälligſt an
2309 648 2917 693 obige Adreſſe einſenden zu wollen.
2390 691 3323 736 Indem wir Ihnen für die Veröffentlichung dieſer
2311 735 3324 780 Mitteilung ſowie für die Eröffnung von Sammlungen für
2310 779 3322 824 obigen Zweck im vorhinein beſtens Danken, zeichnen wir
2680 823 2956 867 hochachtungsvoll
2311 874 3322 928 Das bürgerliche Rettungskomitee zwecks dauernder Ver⸗
2311 911 3322 963 ſorgung der nach den Wahlopfern vom 19. Juni 1911
2311 962 3324 1006 Hinterbliebenen Waiſenkinder und Witwen ſowie der er⸗
2428 1006 3205 1051 werbsunfähigen Verwundeten in Drohobycz:
2309 1058 3323 1103 Dr. Ladislaus Szajna, Landes⸗ und Gerichtsadvokat,
2673 1104 2954 1147 als Vorſitzender.
2307 1153 3320 1200 Dr. Alexander Bergwerk, Landes⸗ und Gerichts⸗
2311 1198 3324 1242 advokat, und Karl Arvay, Kaufmann, als Stellvertreter
2663 1243 2958 1287 des Vorſitzenden.
2366 1294 3260 1340 Leon Goliger, k. k. Poſtaſſiſtent, als Sekretär.“
2389 1347 3321 1392 Die Adminiſtration unſeres Blattes iſt gerne bereit
2310 1390 3321 1436 zu dem obigen Zweck Spenden entgegenzunehmen und
2308 1435 2520 1478 auszuweiſen.
2326 1512 3305 1559 Die Verhaftung öſterreichiſcher Luftſchiffer in
2731 1558 2894 1599 Italien.
2559 1608 3065 1639 (Telegramm der „Neuen Freien Preſſ“.)
2380 1640 3322 1683 Rom, 30. Juni. Ueber die in der Provinz Udine zwiſchen
2303 1679 3323 1722 Mortegliano und Codroipo gelandeten und verhafteten öſter⸗
2302 1718 3326 1760 reichiſchen Luftſchiffer liegen folgende Nachrichten vor: Die
2302 1757 3325 1800 Oberlieutenante Friedrich Keigl und Eugen Sarlay
2304 1797 3328 1839 (letzterer iſt ein Wiener) erklären, es ſei nicht ihre Ab⸗
2303 1836 3327 1878 ſicht geweſen, über italieniſches. Gebiet zu fliegen, der Wind
2308 1871 3330 1917 hätte ſie aber in ſüdöſtlicher Richtung von ihrem Weſtoſtkurſe
2308 1914 3322 1956 weggetrieben; ihre Landung im Friaul wäre alſo die Folge
2310 1953 3323 1996 eines unglücklichen Zufalls geweſen. Von der italieniſchen
2308 1993 3322 2035 Gendarmerie wird geſagt, die Luftſchiffer hätten einen Mappeur
2308 2033 3322 2076 und einen Photographen bei ſich und in ihren Karten wären
2307 2071 3328 2114 die italieniſchen Befeſtigungen der Alpen⸗ und Tagliamento⸗
2312 2108 3325 2155 linie rot eingezeichnet Die Militärbehörde hat den Ver⸗
2307 2151 3321 2194 hafteten Karten und Photographien abgenommen. Ihre Ent⸗
2311 2187 3324 2231 ſcheidung iſt für die nächſten Stunden zu erwarten. Man
2310 2228 3321 2273 glaubt, ſie werde die Verhafteten freigeben, aber die mit
2308 2269 3043 2310 Beſchlag belegten Gegenſtände zurückbehalten.
2333 2363 3291 2408 Der Flug Hirths von München nach Berlin.
3015 2418 3335 2450 Wien, 30. Juni.
2379 2466 3321 2508 Wir haben bereits über den Aufſehen erregenden Flug
2304 2504 3322 2547 berichtet, den Ingenieur Hirth im Rahmen des Deutſchen
2304 2543 3320 2585 Rundfluges von München nach Berlin ausführte und der
2305 2584 3320 2632 alle bisher auf deutſchem Boden vollführten Leiſtungen in
2306 2622 3321 2664 den Schatten ſtellt. Hirth hat damit den Kathreiner⸗
2304 2661 3332 2702 Preis von 50.000 Mark gewonnen.
2473 2708 3152 2746 Aeußerungen Hirths über ſeinen Flug.
2556 2753 3063 2784 (Telegramm der „Neuen Freien Preſſe“.)
2379 2785 3324 2829 Berlin, 30. Juni. Seine Eindrücke auf dem Fluge von
2307 2826 3323 2868 München nach Berlin ſchilderte Hirth nach ſeinem Eintreffen
2306 2861 3322 2907 auf dem Flugplatze in Johannisthal folgendermaßen: Er
2305 2904 3322 2946 habe zuerſt am Mittwoch abends von Buchheim bei München
2305 2943 3321 2985 aus geſtartet, ſei aber unterwegs in einen Wolkenbruch ge⸗
2303 2983 3318 3023 raten, der ihn zum Umkehren zwang. „Geſtern abends,“ ſo
2304 3020 3321 3066 erzählt Hirth weiter, „flog ich zum zweitenmal von München
2308 3061 3321 3101 ab, und zwar mit meinem Freunde Herrn Dierlamm aus
2307 3097 3323 3140 Stuttgart als Paſſagier. Wir erreichten nach etwa andert⸗
2301 3137 3319 3179 halbſtündigem Fluge Nürnberg. Das Wetter war gerade⸗
2305 3175 3323 3218 zu herrlich, kein Lüftchen regte ſich, und mein Eindecker ſchoß
2306 3217 3322 3265 ſo gleichmäßig dahin, daß ich mir eine Zigarette nach
2305 3256 3323 3296 der anderen anzündete und eine Zeitung zu
2305 3294 3323 3334 leſen anfing. Mit Hilfe der Generalſtabskarte und einer
2305 3328 3323 3374 Spezialkarte, auf der ich mir den Flugweg mit Rotſtift
2305 3371 3342 3412 markiert hatte, fand ich meinen Weg. Endlich tauchte
2304 3411 3321 3451 Nürnberg auf, das ich an der hochragenden, die Stadt
2305 3450 3324 3491 beherrſchenden Hohenzollernburg erkannte.“ Unſchwer fand ich
2305 3489 3321 3531 den Exerzierplatz und begann im Gleitflug niederzugehen.
2304 3527 3321 3568 Zu meinem Schrecken ſah ich jedoch, daß es auf dem weiten
2305 3566 3320 3613 Platze von Menſchen wimmelte, ich überlegte ſchon, ob ich
2306 3606 3323 3648 die Maſchine nicht Hochreißen und weiterfliegen ſollte, da ich
2304 3642 3321 3685 bei einer plötzlichen Landung unzweifelhaft in die
2302 3684 3321 3724 Menſchenmaſſe hineingefahren wäre. Ich machte
2303 3723 3320 3763 deshalb noch einige Proberunden, um dem
2303 3759 3319 3802 Militär Gelegenheit zu geben, den Platz zu
2306 3801 3321 3841 leeren. Das war jedoch faſt unmöglich, und erſt als der
2305 3839 3322 3880 Kommandant Alarm blaſen ließ und alle verfügbaren Mann⸗
2306 3878 3321 3919 ſchaften herangezogen hatte, war es möglich, Platz zu
2304 3913 2427 3963 ſchaffen.
2378 3957 3320 3998 Nach meiner Landung durchbrachen die Menſchenmaſſen
2303 3997 3319 4037 jedoch den dreifachen Truppenkordon und ſtürmten auf den
2303 4036 3318 4076 Apparat zu. Nur der Energie des Platzkommandanten ver⸗
2304 4075 3319 4115 danke ich es, daß meine Maſchine nicht zertrümmert worden
2305 4115 3321 4154 iſt. Die Nacht über ſchliefen wir nicht, ſondern unterzogen die
2303 4153 2906 4194 Maſchine einer gründlichen Reviſion.
2378 4188 3320 4232 Heute morgens um 4 Uhr 27 Minuten überflogen wir
2304 4231 3321 4271 den Kaſernenhof und zogen in nordöſtlicher Richtung davon.
2305 4270 3319 4314 Wir kamen über Bamberg, Burg Lichtenfels, die im
2303 4308 3322 4349 Sonnenſchein einen wundervollen Anblick bot, nach Rudol⸗
2304 4347 3320 4388 ſtadt und überquerten auf unſerer Fahrt das Fichtel⸗
2306 4387 3320 4427 gebirge. Aus 500 bis ###00 Metern Höhe konnten wir
2305 4426 3331 4466 deutlich die einzelnen Täler und Einſchnitte erkennen; wir
2304 4465 3331 4505 nahmen dann über Gera die Richtung nach Leipzig.
2378 4498 3321 4544 In Leipzig mußte ich meinen Motor ſelbſt in Ordnung
2305 4543 3322 4583 bringen, da die Mechaniker, die ich beſtellt hatte, nicht an
2305 4582 3322 4622 Ort und Stelle waren. Der letzte Teil unſerer Fahrt von
2305 4621 3332 4663 Leipzig nach Berlin aber war eine der gefähr⸗
2305 4659 3332 4699 lichſten und aufregendſten, die ich jemals durch⸗
2304 4695 3332 4738 zumachen hatte. Ich ging vom Start aus auf 500 Meter
2304 4735 3335 4777 Höhe, merkte aber bald, daß in dieſer Höhe gefährliche
2304 4771 3323 4815 Windlöcher waren, und ging deshalb auf 300 Meter
2304 4812 3332 4862 herunter. Dort war es aber noch ſchlimmer, Böe folgte auf
2304 4851 3332 4901 Böe, und der Wind war ſo heftig, daß er mir körperliche
2305 4891 3331 4933 Schmerzen verurſachte. Ich wurde auf meinem Sitz hin und
2303 4928 3332 4971 her geſchüttelt und konnte kaum einen Augenblick der Karte
2303 4964 3332 5014 meine Aufmerkſamkeit ſchenken. Schließlich ging ich bis auf
2305 5009 3329 5058 150 Meter Höhe und beobachtete in dieſer Höhenlage eine
2306 5043 3328 5089 eigenartige Erſcheinung. Es folgten ſtets drei ſcharfe
2303 5087 3326 5128 Böen aufeinander, dann trat eine kurze Pauſe
2305 5126 3325 5166 ein, und nun begann das Spiel von neuem.
