3488 5338
117 168 711 207 Redaction, Administration & Druckerei:
209 204 611 229 Kolowrat - Ring, Fichtegasse Nr. 11.
118 227 714 254 Unfrankirte Briefe werden nicht angenommen und
218 252 613 278 Manuscripte nicht zurückgesendet.
209 285 611 315 Ankündigungs-Bureau:
117 310 715 337 Stadt, Wollzeile Nr. 20. Insertionspreis nach Tarif,
118 335 712 358 Inserate übernehmen im Auslande: John F. Jones
116 358 713 383 & Co. in Paris, 31 bis, Rue du Faubourg Mont⸗
117 379 716 404 martre; Agence Havas in Brüssel; Rudolf
120 401 704 424 Mosse in Berlin, Frankfurt a. M., Mün-
118 422 704 448 chen, Leipzig; G. L. Daube & Co. in Frank⸗
117 444 714 469 furt a. M., Berlin, Cöln, Leipzig: Haa⸗
118 466 716 490 sonstein & Vogler in Hamburg. Berlin,
118 487 716 512 Frankfurt. a. M. u. Basel; Annoncen-Expe⸗
116 509 715 534 dition „Invalidendank“ in Berlin; Annoncen-Ex⸗
114 530 714 555 pedition „Invalidendank“ in Chemnitz ; Bernh.
121 552 719 577 Arndt, Ann.-Exp. in Berlin; Heinrich Eisler, Adolf
121 574 715 600 Steiner und Károly & Liebmann, Ann.-Expeditionen
122 596 717 622 in Hamburg; Wilhelm Scheller u. Eduard Schlotte,
121 618 715 643 Ann.-Expeditionen in Bremen; Orell Füssli & Co.
121 638 717 664 in Zürich u.Basel; E. E. Oblieghtin Mailand,
123 661 717 686 Florenz u. Rom; Sam. Deacon & Co., London.
219 695 614 720 Abonnement für Wien:
123 719 719 747 Im Hauptverlage, Wollzeile 20: Ganzjähr. fl. 21.60,
125 741 718 767 monatl. fl. 1.80. Mit Zustellung ins Haus: Viertelj.
287 739 561 789 fl. 6.30, monatl. fl. 2.10.
161 785 683 811 Einzeln: Morgenblatt 6 kr., Abendblatt 8 kr.
1453 173 1910 260 Neue
823 297 2593 638 Freie Presse.
1471 703 1922 794 Morgenblatt.
2736 139 3229 167 Abonnement für das Inland:
2683 168 3277 195 Mit tägl. einmal. Postversendung: Ganzj. fl. 28, halbj.
2684 191 3279 217 fl. 14, viertelj, fl. 7. Mittägl. zweimal. Postvers.: Ganzj.
2796 212 3175 237 fl. 32, halbj. fl. 18, viertelj., fl. 8.
2725 251 3248 280 Abonnement für das Ausland:
2909 282 3063 304 Vierteljährig:
2687 307 3284 332 Bei uns (Kreuzband-Versendung): Deutsch-
2687 329 3284 354 land und Serbien 10 fl., alle übrigen Staaten
2688 349 3284 376 des Weltpostvereinen 11 fl. — Bei den Post-
2689 372 3284 397 ämtern in: Deutschland 11 M. 10 Pf.,
2688 394 3285 417 Schweiz 14 Fr., Rumänien und Serbien
2689 415 3286 441 16 Fr., Bulgarien 14 Fr., Russland 6 Rubel.
2688 436 3286 462 Griechenland und europäische Türkei
2689 459 3285 484 7 fl. 42 kr., asiatische Türkei 8 fl. 20 kr.,
2687 481 3288 507 Egypten 15 Fr. 50 Ct. — Bei den Agenturen
2689 502 3286 527 in Italien: E. E. Oblieght in Mailand, Florenz und
2688 524 3288 549 Rom, Loescher & Co. in Rom 28 Fr. 50 Ct., Henry
2690 546 3289 572 Berger in Mailand. Via Meravigli 10, 28 Fr.: Frank⸗
2691 567 3289 593 reich: Agence Havas in Paris, 29 Fr. 50 Ct.; Eng⸗
2691 588 3286 614 land: A. Sierle, 30 Lime-Street E. C., London,
2692 610 3286 637 24 Sh. daselbst für die englischen Colonien
2691 632 3286 659 mit Portozuschlag; Nordamerika: E. Steiger,
2691 654 3285 680 25 Park - Place, Gustav E. Stechert, 766 Broadway,
2691 675 3287 703 Intern. Publishing Agency. 710 Broadway in Newyork,
2877 700 3103 719 6 Doll. 40 Cts. Gold.
2692 736 3288 762 Für die an Agenten, Austräger oder Verschleisser
2728 758 3256 782 bezahlten Beträge leisten wir keine Garantie.
191 837 631 922 Nr. 11085
1300 837 2095 922 Wien, Samſtag, den 6. Juli
2984 829 3237 891 1895.
459 990 815 1052 Wien, 5. Juli.
209 1062 1153 1115 Das weſentliche Merkmal der Vorgänge, welche ſeit
122 1105 1152 1160 drei Tagen wiederum die Aufmerkſamkeit nach Belgrad
121 1150 1155 1204 lenken, beſteht nicht darin, daß abermals eine Regierungs⸗
122 1192 1151 1247 kriſe eingetreten, ſondern darin, daß die radicale Partei von
125 1233 1153 1287 neuem in den Vordergrund gerückt iſt. Seit anderthalb
123 1277 1152 1332 Jahren hat Serbien nicht weniger als vier Regierungskriſen
125 1320 1154 1376 durchgemacht, von denen eine ſogar mit einem Staatsſtreiche
125 1363 1155 1418 endete, indem ſie die Aufhebung der Verfaſſung vom 22. De⸗
127 1407 1154 1459 cember 1888 und die Octroyirung der Verfaſſung vom
125 1450 1156 1504 29. Juni 1869 zur Folge hatte. All dieſe Kriſen hatten
128 1492 1156 1547 das Gemeinſame, daß die radicale Partei förmlich effacirt
126 1535 1157 1592 ſchien, denn ſowol das liberal⸗fortſchrittliche Coalitions⸗Cabinet
126 1579 1158 1631 Simic wie das fortſchrittliche Cabinet Nikolajevic, dem
129 1623 1158 1678 ſchließlich das neutrale Cabinet Kriſtic folgte, waren
130 1664 1159 1720 nicht blos ohne, ſondern gegen die radicale Partei
128 1708 1160 1764 zu Stande gebracht. Nun ſind plötzlich wieder die
128 1750 1160 1805 Radicalen auf den Schauplatz getreten; es iſt mit
131 1792 1158 1849 ihnen wegen der Bildung eines radical⸗fortſchrittlichen
129 1835 1159 1890 Coalitions⸗Miniſteriums verhandelt worden, und dies
132 1878 1160 1934 iſt das beachtenswertheſte Moment, weil es eine Wandlung
134 1921 1161 1978 der geſammten inneren Situation in Serbien in ſich ſchließt.
133 1962 1162 2018 Ob die vorübergehende Nöthigung der Stunde ein fort⸗
134 2004 1161 2064 ſchrittliches Cabinet Novakovic oder ein fortſchrittlich⸗radicales
135 2051 1161 2103 Coalitions⸗Miniſterium Simic heraufbringt, ob das neutrale
135 2094 1163 2149 Miniſterium Kriſtic mit oder ohne Kriſtic nochmals damit
137 2136 1162 2192 betraut wird, eine Augenblicks⸗Verlegenheit zu überwinden,
137 2179 1163 2235 iſt im Grunde eine Frage zweiter Ordnung. Das Weſent⸗
138 2221 1165 2278 liche iſt, daß den Radicalen wieder die Regierungsfähigkeit
137 2265 1163 2322 zugeſtanden worden, welche den Liberalen ſeit dem Staats⸗
138 2307 1165 2364 ſtreiche vom 21. Mai 1894 definitiv abgeſprochen iſt. Aller⸗
138 2351 1166 2408 dings haben die Radicalen ſchon ſeit dem vorigen Sommer
137 2394 1165 2450 ſich bemüht, die Fühlung mit dem Hofe zu erneuern, aber
139 2436 1165 2491 es war vergebens. Die Berufung des Miniſteriums Kriſtic
139 2479 1165 2534 und die Durchführung des Proceſſes Cebinac waren nicht
139 2522 1165 2580 mißzuverſtehende Abſagen. Jetzt aber iſt die radicale Partei
140 2566 1167 2620 bei der Frage der Cabinetsbildung von neuem in Betracht
141 2609 1166 2665 gezogen worden; ſie bildet wieder eine große Ziffer auch im
138 2651 1167 2705 Konak, der ihr bis zur Ankunft der Mutter des Königs
140 2707 414 2751 verſchloſſen war.
226 2737 1167 2790 Was ergibt ſich aus dieſer Wandlung? Nichts, das
141 2779 1169 2836 nicht ſchon bekannt geweſen wäre, aber etwas, das ſehr ein⸗
143 2822 1168 2880 dringlich ins Gedächtniß zurückgerufen wird. Die Radicalen
142 2865 1168 2922 ſind die weitaus ſtärkſte Partei im Lande; der Verſuch, ohne
144 2908 1169 2964 oder gegen ſie zu regieren, iſt auf die Dauer ausſichtslos.
142 2953 1168 3006 Kommen ſie heute nicht ans Ruder, ſo geſchieht es morgen
144 2995 1169 3049 oder übermorgen, weil ſie den Volkswillen beherrſchen, der
143 3039 1169 3094 ihnen nicht abwendig zu machen iſt. Dieſe Thatſache mag
142 3080 1170 3136 für die ruhige Staatsentwicklung in Serbien verhängnißvoll
143 3120 1170 3180 ſein, aber ſie iſt vorhanden und läßt ſich durch keinen Ukas,
144 3165 1170 3220 durch keinen Staatsſtreich aus der Welt ſchaffen. Mit den
143 3208 1169 3263 Radicalen verglichen, entbehrt jede andere Partei der tieferen
144 3252 1171 3309 Wurzeln in der ſerbiſchen Bevölkerung. Die Krone konnte
145 3294 1171 3351 die ſeit dem Jahre 1888 ins Dunkel zurückgeſtoßene Fort⸗
144 3337 1171 3394 ſchrittspartei wieder an ſich heranziehen, ſie konnte den
145 3381 1172 3434 Liberalen in jener denkwürdigen Aprilnacht, in welcher der
1195 965 2223 1016 junge Monarch ſich aus eigener Machtvollkommenheit mündig
1197 1009 2225 1060 erklärte, auf eine faſt unerhört ſchroffe Weiſe den Laufpaß
1197 1052 2222 1103 geben, ohne heftige Gegenwirkungen befürchten zu müſſen.
1196 1095 2225 1145 Mit den Radicalen iſt ſie immer wieder zu rechnen ge⸗
1197 1138 2226 1189 nöthigt, auch wenn ſie zeitweilig ihnen den Stuhl vor die
1196 1181 2225 1230 Thür ſetzt. Das iſt der Sinn und die Lehre der Verhand⸗
1197 1224 2225 1274 lungen, welche geſtern und heute im Belgrader Konak wegen
1198 1266 2226 1318 eines radical⸗fortſchrittlichen Coalitions⸗Miniſteriums ge⸗
1198 1310 2226 1360 pflogen wurden. Der Moment kann andere Löſungen der
1198 1353 2227 1403 aus beſtimmten Urſachen entſtandenen Kriſe bringen, aber
1198 1396 2225 1447 dauernd iſt an der größten und rührigſten Partei des Landes
1199 1445 1572 1489 nicht vorbeizukommen.
1285 1482 2229 1532 Wenn man ſich dies gegenwärtig hält, ſo gewinnt man
1201 1525 2228 1574 leicht von der Bedeutung aller ephemeren Experimente
1200 1568 2229 1619 die richtige Vorſtellung, und man begreift auch, warum,
1200 1610 2230 1662 ſeitdem die Radicalen zurückgedrängt ſind, die Regierungs⸗
1200 1654 2231 1706 kriſen in betäubender Häufigkeit einander folgen. Simic,
1200 1696 2231 1747 Nikolajevic, Nikola Kriſtic bedeuten in Wahrheit abgenützte
1198 1740 2231 1790 Verſuche, eine Regierungsmethode ausfindig zu machen,
1201 1783 2230 1831 durch welche die Radicalen zurückgedrängt werden könnten.
1202 1826 2231 1876 Aber es gibt eine ſolche Methode ſo wenig, wie es eine
1203 1868 2231 1918 Quadratur des Cirkels gibt. Garaſchanin, Nikolajevic,
1203 1912 2231 1961 Novakovic ſind Zierden ihres Volkes, an dem alten Ivan
1204 1954 2232 2004 Riſtic haftet die nationalgeſchichtliche Tradition eines halben
1204 1998 2234 2048 Jahrhunderts; aber ſie Alle können ſich beiweitem nicht mit
1206 2040 2233 2092 der Popularität meſſen, die ihnen auf radicaler Seite gegen⸗
1207 2084 2232 2132 überſteht. Und darum bleibt trotz aller Momentbilder als
1207 2127 2233 2175 der Weisheit letzter Schluß immer nur der Recurs an die
1206 2170 2233 2219 Radicalen übrig. Augenblicklich handelt es ſich darum, ein
1208 2212 2236 2263 Miniſterium zu finden, welchem die Skupſchtina das Finanz⸗
1207 2256 2235 2306 Arrangement bewilligt. Traut ſich das Miniſterium Kriſtic zu,
1208 2298 2236 2350 dieſe Bewilligung zu erlangen, ſo muß es der Unterſtützung der
1208 2338 2235 2391 Fortſchrittspartei ſicher ſein, welche in der jetzigen neutralen
1207 2384 2236 2434 Skupſchtina über die Majorität verfügt; iſt es dieſer Unter⸗
1209 2428 2237 2477 ſtützung nicht gewiß, ſo wäre es am einfachſten, einem Mini⸗
1209 2470 2237 2521 ſterium der Fortſchrittspartei die Zügel in die Hand zu
1209 2515 2237 2563 geben, aber die Fortſchrittspartei muß, auch wenn ſie ſich
1211 2557 2238 2607 entſchließt, die Verantwortung für das höchſt unpopuläre
1210 2598 2237 2650 Finanz⸗Arrangement zu übernehmen, um in der Majorität
1206 2638 2239 2692 zu bleiben und den Radicalen die Rückkehr zur Herrſchaft
1210 2686 2238 2734 zu verſperren, ſich doch fragen, ob nicht über Nacht ein
1212 2727 2238 2777 conträrer Wind ihr Miniſterium fortfegt und ſie eines
1212 2770 2240 2819 Morgens mit einer erdrückenden Verantwortung, aber ohne
1211 2814 2238 2862 Regierungsmacht erwacht. Sie hat ſolche Kataſtrophen ſchon
1213 2856 2239 2905 erlebt. Und immer wieder waren es die Radicalen, welche
1212 2897 2241 2949 ſich an den leeren Platz ſetzten, weil ſie diejenige Partei
1213 2942 2239 2991 ſind, hinter welcher die weit überwiegende Volksmehrheit
1213 2985 2240 3035 ſteht. Der Gedanke, zwiſchen den Radicalen und der Fort⸗
1214 3028 2239 3079 ſchrittspartei eine Coalition zu Stande zu bringen, kann
1213 3069 2240 3122 deßhalb nur ein Vorwand ſein, um einen tobten Punkt zu
1215 3115 2241 3164 überwinden; er entbehrt jeder realen Vorausſetzung, aber
1214 3153 2241 3209 ſeine ſymptomatiſche Bedeutung iſt nicht zu verkennen. Sie
1215 3200 2240 3249 beſteht darin, daß ſie die in der Volksſtimmung wurzelnde
1215 3242 2189 3293 Macht der Radicalen neuerdings zur Erſcheinung bringt.
1303 3285 2241 3334 Es iſt richtig, daß ein vertrauensvolles Verhältniß
1215 3328 2241 3377 zwiſchen der Krone und der radicalen Partei nach den Er⸗
1216 3367 2241 3422 fahrungen des letzten Jahrzehnts ſchwer zu denken iſt.
2268 958 3294 1008 Wenn man ſich der Antecedentien des radicalen Führers
2268 1001 3295 1052 Nikola Paſic erinnert, wenn man erwägt, daß auf der
2268 1045 3294 1095 radicalen Partei der Verdacht anti⸗dynaſtiſcher Geſinnung
2268 1087 3294 1138 laſtete und daß ſie aus ihren Beſtrebungen, die Macht der
2269 1129 3296 1182 Krone zu Gunſten ihrer Parteiherrſchaft einzuſchränken,
2269 1174 3296 1225 früher kein Hehl machte, wenn man ſich endlich das tur⸗
2271 1216 3297 1268 bulent⸗demagogiſche Verhalten der radicalen Partei gegen⸗
2271 1261 3296 1311 über den anderen Parteien ins Gedächtniß zurückruft, ſo
2270 1302 3298 1353 verſteht man, warum im Konak nur unter ganz beſtimmten
2271 1345 3298 1396 Bedingungen die Wiederheranziehung der Radicalen zur
2270 1388 3299 1440 Regierung als möglich erſcheint. Und iſt dieſe Möglichkeit
2270 1431 3299 1483 jetzt noch nicht vorhanden, ſo wird wol vorerſt die Löſung
2272 1475 3299 1526 platzgreifen, daß das im Amte verbleibende Miniſterium
2272 1516 3299 1569 Kriſtic oder ein Fortſchrittsminiſterium Novakovic morgen
2272 1560 3300 1612 die ad hoc einberufene Skupſchtina begrüßt und
2274 1604 3299 1656 die Bewilligung des Finanz⸗Arrangements von ihr
2274 1647 3300 1699 zu erlangen ſucht. Was nachher kommt, bleibt dahingeſtellt.
2273 1690 3304 1744 Immer aber bleibt, wenn die Sorge des Augenblicks beſeitigt
2273 1733 3301 1783 iſt, die Eventualität der Couliſſenverſchiebung zu Gunſten
2275 1776 3302 1828 der Radicalen beſtehen, und mit ihr bleibt die Frage offen,
2275 1818 3304 1870 ob die Radicalen, ſeitdem ſie nicht regieren, in der Einſicht
2275 1861 3303 1913 fortgeſchritten ſind, daß zur Regierungsfähigkeit auch ein ſehr
2276 1904 3305 1956 ernſtes Gefühl der Verantwortung für die Staatsnothwendig⸗
2275 1947 3304 2000 keiten gehört. An dieſer Frage hängt die Zukunft Serbiens,
2278 1991 3305 2044 ſie reicht weit über die Vorgänge der unmittelbaren Gegen⸗
2276 2034 3304 2086 wart hinaus, denn von ihrer Beantwortung hängt es ab,
2278 2077 3304 2127 ob zwiſchen der Krone und der ſtärkſten Partei des
2278 2120 3305 2173 Landes die Brücke, welche am 22. Januar 1894 ſo jäh
2278 2164 3305 2215 abgebrochen wurde, wiederhergeſtellt werden kann. So lange
2279 2206 3306 2259 dies nicht der Fall iſt, ſind alle Löſungen unſicher und
2278 2255 2503 2298 problematiſch.
2478 2337 3107 2402 Oeſterreichiſcher Reichsrath.
3036 2414 3272 2451 Wien, 5. Juli.
2366 2461 3308 2512 Das Abgeordnetenhaus brachte heute die Be⸗
2280 2504 3308 2556 rathung über den Voranſchlag des Miniſteriums des
2281 2548 3306 2600 Innern zu Ende und trat in die Verhandlung über den
2282 2590 3305 2644 Etat für die Landesvertheidigung ein. Den Hauptgegenſtand
2281 2633 3308 2686 in der Debatte über die Voranſchläge des Staatsbaudienſtes,
2282 2676 3308 2726 des Straßen⸗ und des Waſſerbaues bilden die localen und
2282 2719 3309 2772 provinzialen Wünſche und Beſchwerden. Der Abgeordnete
2281 2761 3310 2814 Rutowski hatte ſchon bei der Verhandlung über die
2283 2804 3311 2858 Central⸗Leitung die Inangriffnahme der Flußregulirungs⸗
2282 2847 3311 2901 Arbeiten in Galizien urgirt; die Abgeordneten Kaftan,
2284 2891 3313 2943 Fořt und Funke forderten die Canaliſirung der Fluß⸗
2284 2934 3312 2986 ſtrecke Prag⸗Auſſig, und der letzterwähnte Abgeordnete
2283 2969 3311 3029 trat auch für den Bau des Donau⸗Moldau⸗Elbe⸗Canals ein,
2284 3020 3310 3069 während der Abgeordnete Morre die Calamität der Stadt
2282 3062 3309 3116 Radkersburg zur Sprache brachte und die baldige Fertigſtellung
2285 3106 3314 3157 der Mur⸗Regulirung verlangte. Der Abgeordnete v. For⸗
2285 3149 3313 3200 cher befürwortete die Incamerirung der Straßenſtrecke
2286 3189 3315 3244 Eiſenerz⸗Steyr. Der Abgeordnete Schorn zeigte ſich in ſeinem
2288 3234 3317 3287 Begehren nicht ſchüchtern. Während die Tiroler Landtags⸗
2286 3278 3315 3329 majorität ſich gegen den Bau von Straßen, die touriſtiſch und
2286 3321 3315 3372 für den Verkehr wichtig ſind, oft genug ablehnend verhalten
2290 3364 3317 3416 hat, verlangte Herr Schorn heute, daß den Kaſſenbeſtänden
490 3499 838 3577 Feuilleton.
259 3612 1058 3666 Adolph Wilbrandt: „Die Oſterinſel“.
235 3674 1175 3723 Nun hat auch Adolph Wilbrandt Stellung zu dem
149 3714 1176 3767 Philoſophen genommen, mit dem ſich nach einem Ausſpruche
149 3760 1177 3812 Alfred v. Berger's die Deutſchen in den nächſten zehn
149 3802 1177 3853 Jahren werden beſchäftigen muſſen, bevor ſie zu einer andern
150 3846 1177 3897 Philoſophie werden gelangen können: zu Friedrich Nietzſche,
152 3889 1177 3939 und zwar in ſeiner eigenartigen Weiſe, indem er ihn in
152 3932 1178 3983 freieſter Nachbildung zum Helden ſeines neueſten Romans:
154 3974 1180 4026 „Die Oſterinſel“*) machte, der Alfred v. Berger ge⸗
152 4017 1179 4067 widmet iſt. Wilbrandt ſchuf damit ein geiſtvoll anregendes
154 4060 1180 4110 Buch und vom künſtleriſchen Standpunkte ſeinen vielleicht
154 4103 1179 4155 beſten Roman, weil er die geſchloſſenſte Compoſition aufweiſt.
238 4146 1182 4195 Auf Nietzſche mußte Wilbrandt aus Gründen innerer
155 4189 1180 4241 geiſtiger Verwandtſchaft und vielfach gleicher Ideale ſtoßen.
154 4232 1182 4280 Wer Wilbrandt nach ſeinen beſten Erzählungen kennt, der
156 4275 1184 4325 weiß, daß er ſich von der Mehrzahl der Dichter ſeiner Gene⸗
156 4318 1182 4368 ration, zumal der begabteſten, wie Gottfried Keller und
158 4360 1183 4413 Paul Heyſe, dadurch unterſcheidet, daß er mit Vorliebe
157 4403 1185 4454 Männer, männliche Männer zeichnet, indeß im Mittelpunkte
157 4446 1184 4496 der neueren Poeſic das Weib und der weibliche Mann ſtehen.
159 4490 1184 4539 Große ſtattliche Geſtalten mit der bekannten männlichen
159 4532 1186 4584 Sprödigkeit im Ausdruck des Gefühles, mit guten, aber
159 4575 1186 4626 nicht allzu weichen Herzen, thatkräftig, entſchloſſen, eigen⸗
159 4618 1186 4670 willig bis zum Eigenſinn, Freunde des freien, kräftigen, un⸗
160 4660 1188 4712 behinderten Sichauslebens, eiferſüchtig auf ihre geiſtige und ma⸗
159 4702 1188 4752 terielle Unabhängigkeit: das ſind Wilbrandt's Lieblinge. Er hat
161 4746 1186 4795 den Mann in den verſchiedenſten Lebensaltern geſchildert:
160 4788 1186 4839 die Knaben und Jünglinge, die aufſtrebenden Berufsmenſchen
161 4832 1188 4883 und reifen Männer auf der Höhe ihres Lebens, die Greiſe,
162 4876 1186 4927 die ſchon entſagten und ſich nur mehr als Zuſchauer zur
162 4918 1187 4971 großen Comödie der Welt fühlen. Kein Dichter hat ſo viele
163 4961 1188 5013 und ſo ſchöne Männerfreundſchaften geſchildert wie Wil⸗
164 4995 1211 5061 brandt, das Verhältniß Gleichaltriger und Wahlverwandter
165 5048 1212 5107 zu einander, das Verhältniß von Vater zu Sohn, von Lehrer
249 5097 1213 5160 *) Stuttgart, Cotta Nachfolger, 1895.
1217 3468 2242 3517 zu Schüler, von Wahlbruder zu Wahlbruder. Im Roman
1222 3510 2244 3560 „Hermann Ifinger“, der wol die intimſten perſönlichen Be⸗
1219 3554 2244 3604 kenntniſſe Wilbrandt's enthält, zu deſſen Helden der Dichter
1220 3596 2245 3647 ſelbſt Modell geſtanden ſein dürfte, tritt dieſer männliche
1220 3639 2245 3690 Charakter des Erzählers beſonders auffallend hervor, aber
1221 3683 2244 3732 auch in „Adam's Söhne“, im „Dornenweg“ und in den
1221 3725 2246 3774 Novellen ſtehen die Männer im Vordergrunde unſeres
1221 3768 2247 3818 Intereſſes, ja ſogar im „Meiſter Amor“ überragt die Ge⸗
1222 3811 2247 3861 ſtalt des alten Hillmann, des großen Lehrmeiſters der
1221 3854 2248 3904 Schauſpielkunſt, die Figur des Wunderkindes Ada, die den
1222 3896 2247 3947 Mittelpunkt der Erzählung bildet, um ein Bedeutendes. Am
1223 3940 2249 3989 Schluſſe des Romans „Adam's Söhne“ nimmt Wilbrandt
1223 3984 2250 4033 ſogar geradezu Stellung gegen einen der edelſten Vertreter
1225 4027 2250 4076 der modernen Poeſie, gegen Iwan Turgenjew, der in der
1225 4070 2250 4119 beſonderen Vorliebe für die Schilderung gebrochener Men⸗
1225 4112 2250 4161 ſchen, willensſchwacher, ewig mit ſich uneiniger Männer der
1225 4155 2250 4204 ſlaviſche Antipode des ſich als eigentlich germaniſch fühlenden
1226 4198 2250 4247 Niederdeutſchen Adolph Wilbrandt iſt. Er läßt da ſeinen
1227 4241 2250 4289 männlichen Wittekind ſagen: „Aber laßt uns heute nichts
1226 4284 2252 4333 von Turgenjew hören! Nein, etwas Erfreuliches, Markiges,
1227 4326 2251 4376 Urmännliches! Mein Junge hat ſich ganz in dieſen
1227 4369 2253 4418 Ruſſen vernarrt; in allen Taſchen trägt er ihn mit
1228 4413 2252 4462 herum, er lebt jetzt förmlich mit dieſen ſlaviſchen,
1228 4455 2251 4504 elegiſchen, zartbeſaiteten, geiſtreich kraftloſen Menſchen.
1227 4499 2254 4548 Ja, ja, ich gebe es zu, das iſt ein Poet, er kennt
1229 4541 2253 4591 das menſchliche Herz, er hat die feinen, beobachtenden
1229 4584 2254 4633 Augen einer Frau, er verſteht zu ſchildern — Manche ſagen,
1230 4627 2253 4676 wie kaum ein Zweiter — ich bin ein Laie und verſtehe das
1230 4670 2254 4719 nicht. Aber man fliegt nicht auf! Man kommt nicht auf den
1230 4712 2253 4762 Berg! Die Luft iſt ſo dick, das Leben wird eine Laſt. Heut'
1231 4755 2252 4804 etwas Shakeſpeare, bitt' ich! und vom Allerbeſten!“
1230 4799 2256 4847 Von den Männern am liebſten hat ein Wilbrandt die
1231 4841 2257 4891 Künſtlernaturen, die geiſtigen Arbeiter, wenigſtens ſchildert
1232 4885 2256 4937 er dieſe am ſchönſten. Die urwüchſige, von allen zimperlichen
1231 4927 2258 4977 Bedenken freie, bilderreiche und grobianiſche Sprache der
1232 4971 2258 5021 Künſtler unter einander in den Ateliers und Kneipen ſpricht
1207 5010 2257 5064 Wilbrandt mit einem Humor, wie kein Zweiter, was auch
1234 5057 2258 5108 die Leſer des „Hermann Ifinger“ oder von „Fridolin's heim⸗
1205 5094 2258 5150 licher Ehe“ beſtätigen werden. Die Pſychologie des genialen
2287 3459 3312 3511 Individuums iſt Wilbrandt am geläufigſten. Die glatten
2289 3503 3316 3554 Formen des Salonverkehrs, hinter denen ſich Gedanken⸗
2290 3548 3314 3599 armuth und Kraftloſigkeit ſo bequem verbergen können, mag
2290 3590 3319 3640 er nicht. Er iſt Mann durch und durch; auch mit ſeiner
2291 3633 3319 3684 anmuthigen Neigung für kleine Mädchen, die er ſo oft
2294 3674 3319 3727 allerliebſt ſchildert, mit ſeinem pädagogiſchen Tic, mit ſeinem
2291 3718 3321 3770 ſich überfliegenden Sinn (den er im Hermann Ifinger ſelbſt⸗
2292 3761 3319 3813 ironiſch parodirte), mit ſeiner Kraft im Haſſen und nicht
2293 3805 3319 3857 am wenigſten mit ſeiner Luſt an Romantik und Phantaſterei,
2294 3849 3155 3899 die er ſich bis auf den heutigen Tag bewahrt hat.
2380 3891 3321 3942 Ein Dichter dieſer Art müßte für Friedrich Nietzſche,
2293 3933 3319 3984 den Verkünder der Philoſophie des Uebermenſchen, den
2294 3976 3322 4028 Gegner des Peſſimismus und der allzu weichmüthigen
2297 4019 3320 4072 „Sklavenmoral“, beſondere Sympathien fühlen. Dieſer
2295 4063 3317 4114 geiſtreiche Philologe und Aeſthetiker, dieſer glänzende Sprach⸗
2295 4106 3320 4155 meiſter, dieſer kühne Freigeiſt, der ſich an die Kritik von
2294 4148 3317 4197 Begriffen wagte, die am meiſten von der Pietät und der
2295 4191 3316 4244 Tradition gehütet werden, dieſer grübleriſche Menſch, der
2296 4235 3318 4286 über den Jammer, kein ſchöpferiſcher Künſtler zu ſein, den
2295 4277 3324 4328 Verſtand verlor: dieſer Friedrich Nietzſche mußte Wilbrandt
2296 4320 3325 4372 aufs lebhafteſte anziehen. Denn auch er iſt ein Bildungs⸗
2297 4364 3323 4415 menſch, der ſich von der höchſten, aber erſchlaffenden Cultur
2296 4407 3325 4458 zur einfachen, aber thatkräftigen Natur hinausſehnt; auch er
2297 4449 3321 4502 ſteht tief, vielleicht zu tief in der Literatur, deren feinſter
2298 4491 3322 4545 Kenner er einer iſt, und auch er iſt ein zerſetzend grübleri⸗
2298 4535 3323 4587 ſcher Kopf, der ſich unabläſſig beobachtet und an den Puls
2298 4578 3324 4630 fühlt, wie ſeine lyriſchen Gedichte verrathen, denn all ſein
2299 4620 3324 4672 Denken und Streben ordnet er ſeinem künſtleriſchen Be⸗
2300 4664 3323 4716 dürfniß unter. Die ganze Welt und ſein ganzes Leben haben
2300 4706 3325 4758 ihm nur ſo viel Werth, als ſie Kunſtobjecte ſind. Das
2299 4749 3326 4801 Liebſte, was er hatte, diente ihm als Modell zu neuen
2303 4792 3328 4843 Geſtalten. Und ganz nahe an Nietzſche rückt Wilbrandt
2300 4835 3323 4890 mit dem Bekenntniſſe Ifinger's zum Individualismus heran,
2302 4878 3325 4932 welches in ſeinem Romane die ſchöne Baronin Pillnitz „die
2301 4921 3327 4975 Poeſie“ mit folgenden Worten ausſpricht : „Wir wollen nur
2302 4965 3325 5019 Menſchen ſein und ſuchen Menſchen! Sie (Ifinger)
2302 5008 3325 5058 haben mir einſt ſo ſchön geſagt, was der Geiſt und Sinn
2302 5052 3325 5106 von dieſer neuen Zeit iſt — die nicht erſt kommen ſoll,
2301 5093 3326 5147 wie die jungen Phantaſten ſagen, ſie hat ſchon begonnen —:
