3488 5345
200 202 385 245 Nr. 11085
946 202 1221 245 Wien, Samstag
158 279 1183 321 Joachim und Eugen d'Albert mitwirken. Am Sonntag,
159 317 1184 359 29., Vormittags Kammermuſik, Nachmittags in der Stadtkirche
160 356 1182 396 die Cantate von Bach, Beethoven's „Missa solemnis“ vom Credo
159 394 1185 437 ab und endlich, zugleich zur Erinnerungsfeier (das Muſikfeſt fällt
159 433 1185 475 in die Zeit der fünfundzwanzigjährigen Wiederkehr der Tage von
161 472 1184 514 Sedan, Straßburg und Metz), Triumphlied von Johannes
158 511 1185 550 Brahms. Johannes Brahms ſelbſt, Eduard Hanslick
159 549 1184 591 und viele andere unſerer erſten Muſiker haben ſchon jetzt ihr Er⸗
157 590 563 630 ſcheinen beſtimmt zugeſagt.
236 634 1185 675 — Aus Stuttgart ſchreibt man uns: Der königliche
158 673 1185 713 Balletmeiſter Auguſt Brühl feierte in der letzten Woche des
158 711 1185 753 Juni das Jubiläum ſeines 25jährigen Wirkens an
159 750 1185 791 unſerer Hofbühne. Aus dieſem Anlaſſe wurden dem verdienten
159 788 1185 830 Künſtler reiche Ehren zu Theil. Der König ſendete ihm zum
158 827 1184 869 Andenken eine Brillantnadel mit Namenszug und Krone, das
158 866 1185 907 Perſonal des Hoftheaters widmete einen ſilbernen Lorbeerkranz
158 904 1184 947 mit goldener Schleife. Das Publicum zeichnete den Jubilar, als
158 943 1184 984 er Abends in der „Puppenfee“ auftrat, durch ſtürmiſche Begrüßung
158 982 1184 1024 und oftmalige Hervorrufe ſowie zahlloſe von Lorbeer⸗ und Blumen⸗
155 1023 345 1062 ſpenden aus.
245 1067 1185 1105 — Aus Franzensbad wird uns geſchrieben: Herr Fer⸗
159 1103 1185 1139 dinand Bonn trat vor Kurzem an mehreren Abenden am hieſigen
158 1137 1186 1174 Stadttheater auf. Er ſpielte unter Anderm den Filippo im „Geigen⸗
157 1171 1185 1208 macher von Cremona“, ferner die Hauptrolle in dem von ihm ver⸗
158 1206 1185 1243 faßten vieractigen Luſtſpiel „Familienbande“, welche ſich, nebenbei
158 1240 1185 1279 bemerkt, eines anſehnlichen Erfolges zu erfreuen hatte, und verab⸗
158 1274 1184 1311 ſchiedete ſich als Reif⸗Reiflingen in Moſer's Luſtſpiel „Krieg im
157 1309 1185 1347 Frieden“. Das Gaſtſpiel erregte ſelbſtverſtändlich das lebhafteſte In⸗
157 1338 1185 1380 tereſſe und der Künſtler wurde an jedem Abende für ſeine gediegenen
155 1379 903 1415 Leiſtungen mit ſtürmiſcheſtem Beifall ausgezeichnet.
243 1420 1185 1456 — Bei der am 2. d. an den hieſigen, vormals Eduard
159 1454 1186 1492 Horak'ſchen Clavier⸗, Orgel⸗ und Geſangſchulen (Director Franz
157 1489 1186 1526 Brixel) ſtattgehabten Preisbewerbung der Ausbildungsſchüler wurde
158 1523 1186 1560 von der Jury zuerkannt: der erſte Preis einſtimmig den Fräulein
160 1558 1186 1595 E. Pommer, A. Bruckmüller, E. Lehmann, J. Kaiſer, E. Fleck,
158 1592 1186 1632 M. Wiedenmann, C. Wolf, A. Horak, M. Guggenberger, Th. Raſch,
159 1626 1188 1668 E. Weithofer, F. Winkler, M. Biewald, A. Fiſcher, St. Kremſer,
160 1661 1186 1699 S. Neſchleha, M. Hanuſch, R. Janiſtyn, L. Obenaus und Herrn
155 1695 1186 1733 L. Steiner, ferner der erſte Preis den Fräulein M. Pigler,
162 1731 1048 1767 M. Bleſſing, J. Smeikal, der zweite Preis Herrn F. Tichy.
242 1772 1186 1809 — In der behördlich conceſſionirten Violinſchule des Profeſſors
158 1807 1187 1845 Adolph Günsberger (Stammgaſſe 15) beginnt am 8. d. M. der
156 1837 412 1890 Ferial⸗Unterricht.
244 1902 1185 1940 — „Aus Oeſterreich. Bagatellen.“ Von Joſé Baronin
158 1937 1185 1975 Schneider⸗Arno. Wien, Verlag von L. W. Seidel & Sohn,
159 1972 1185 2010 1895. Die Enkelin des berühmten „Fähnrichs“ Schneider iſt ſchon
158 2002 1183 2043 durch mehrere Bücher literariſch bekannt geworden. Ihr neueſtes Werk
158 2041 1184 2077 bringt eine Reihe von Erzählungen und Skizzen, deren Anſpruchs⸗
157 2075 1184 2112 loſigkeit der beſcheidene Titel verräth. Dieſe Anſpruchsloſigkeit nimmt
157 2109 1185 2145 für die Verfaſſerin ein und trägt viel zu der freundlichen Aufnahme
157 2144 1186 2180 bei, welche ſie ſtets bei der Kritik gefunden hat und auch diesmal
156 2178 1184 2215 finden wird. Nicht Alles in den „Bagatellen“ iſt gleichwerthig, und
158 2213 1186 2250 Einiges, wie zum Beiſpiel „Die billige Gans“, hätte vielleicht weg⸗
157 2247 1186 2284 bleiben können; jene Novellen aber, die breiter und ſorgfältiger aus⸗
158 2281 1184 2318 gearbeitet ſind, vereinen hübſche Erfindung mit guter Ausführung.
158 2316 1186 2353 Daß etwas gar zu viel Officiere vorgeführt werden, erklärt ſich aus
157 2346 1186 2387 der Abſtammung der Baronin Schneider. Sie kennt das militäriſche
158 2385 1186 2422 Milieu aus Erfahrung und ſchildert es mit Wohlwollen, ohne die
157 2420 1186 2456 Wirklichkeit ganz aus den Augen zu laſſen. Die beſte Erzählung iſt
158 2454 1186 2491 indeß nach unſerer Meinung die erſte, „Auf claſſiſchem Boden“, in
158 2484 1185 2525 welcher kein Officier vorkommt. Der Styl zeigt einen erfreulichen
158 2523 1186 2560 Fortſchritt; die Auſtriacismen ſind ſeltener geworden. Alles in Allem
158 2552 1186 2594 machen die „Bagatellen“ den liebenswürdigſten Eindruck und werden
157 2586 1186 2629 gleich den früheren Schöpfungen der Baronin Joſé Schneider
157 2627 545 2663 zahlreiche Verehrer finden.
243 2664 1187 2701 — „Römiſch⸗rechtliche Bilderbögen.“ Obligationenrecht der
156 2699 1185 2736 Inſtitutionen von Julius Klimont. Manz'ſcher Verlag. Das vor⸗
156 2734 1187 2770 liegende, zierlich ausgeſtattete Büchlein kann wol nur als ein Product
157 2768 1187 2805 echt ſtudentiſchen Ulks gelten. Der Verfaſſer, ein junger Rechts⸗
156 2803 1186 2839 candidat, ſucht ſich und ſeinen Commilitonen über die trockenen
157 2832 1186 2872 Lehren des römiſchen Rechtes mit erfriſchendem Humor und heiterem
157 2866 1187 2908 Frohſinn hinwegzuhelfen, indem er die hehre Wiſſenſchaft der Themis
156 2900 1185 2942 an luſtigen Beiſpielen in witzigen Verſen demonſtrirt. Das Büchlein
158 2940 1185 2977 hat nebſt der Unterhaltung den Vorzug, auch noch zu belehren, und
157 2974 1187 3012 mag beſonders für Prüfungscandidaten eine gleich angenehme wie
158 3010 1187 3046 nützliche Lectüre bilden. Juriſtiſch gebildete Leſer werden ſich an
160 3045 884 3080 Klimont's gelungenem Erſtlingswerke ergötzen.
247 3086 1188 3124 — „Die Zeit.“ Herausgeber Profeſſor J. Singer, Hermann
158 3121 1188 3159 Bahr und Dr. Heinrich Kanner. Redaction und Adminiſtration: Wien,
158 3156 1189 3192 IX/3, Günthergaſſe 1. Nr. 40 bringt folgende Artikel: Bureaukratiſche
158 3190 1187 3227 Ideologie. Von K. — Unſere Verwaltungsjuſtiz. Von Dr. J. Ofner.
158 3225 1189 3261 — Das engliſche Oberhaus. Von Dr. Joſeph Redlich. — Das Eigen⸗
157 3259 1187 3296 thum als ſociales Entwicklungsproduct. Von Profeſſor Dr. Ludwig
159 3293 1187 3330 Stein. — Das deutſche Bankdepotgeſetz. Von Dr. J. Leuthold (Berlin).
158 3328 1187 3365 — Ruſſiſche Malerei. Von Ferry Beraton. — Ola Hanſſon. Von
157 3358 1186 3399 Marie Herzfeld. — Aus der literariſchen Frauenklinik. Von Leo Berg.
157 3397 1184 3438 — Die Woche. — Bücher. — Revue der Revuen. — Verſuchung.
159 3433 414 3465 Von C. Lauckner.
400 3494 945 3550 Aus dem Gerichtsſaale.
243 3559 1184 3598 Wien, 5. Juli. [Orig.⸗Ber.] (Anrede an eine Pro⸗
157 3594 1185 3632 ceſſion.) Als bei dem letzten Frohnleichnams⸗Feſte in Wiener⸗
157 3629 1186 3666 Neudorf die Proceſſion ſich eben dem zweiten Altare näherte, rief
158 3663 1185 3701 der Taglöhner Joſeph Wendl in angeheitertem Zuſtande den Mit⸗
158 3698 1187 3735 gliedern des Zuges, welche eben einen kirchlichen Geſang anſtimmten:
157 3733 970 3770 zu: „Was ſingt's denn? Schaut's, daß hamkommt's!“
243 3766 1187 3804 Wendl wurde ſofort arretirt und befand ſich heute unter der
157 3801 1183 3839 Anklage des Vergehens nach §. 303 (Beleidigung einer geſetzlich an⸗
157 3830 1186 3873 erkannten Kirche) vor Gericht. Er führte durch Zeugen den Nachweis,
158 3870 1186 3908 daß er berauſcht war; da jedoch aus dem Beweisverfahren hervor⸗
158 3905 1187 3942 ging, daß er noch nicht unzurechnungsfähig geweſen ſei, wurde er
158 3934 1186 3976 von dem Gerichtshofe unter Vorſitz des Landesgerichtsrathes Dr.
158 3974 1187 4011 Granichſtädten zu zwei Monaten ſtrengen Arreſts ver⸗
160 4011 272 4045 urtheilt.
244 4042 1188 4080 — (Graf Karl Potocki.) Heute wurde die Unterſuchung
158 4072 1189 4114 gegen den vor einigen Tagen in Haft genommenen Grafen Karl
157 4106 1187 4148 Potocki eingeſtellt und der Beſchuldigte auf freien Fuß geſetzt,
158 4146 1186 4182 nachdem für ſämmtliche Schulden des Grafen Deckung geboten wurde.
245 4188 1188 4226 — (Ein Rede über die Coalition.) Einige Tage vor
159 4218 1188 4260 der Landſtraßer Reichsraths⸗Erſatzwahl fand in Dreher's Saale eine
158 4257 1186 4295 vom Vereine „Pokrok“ einberufene czechiſche Wählerverſammlung ſtatt,
159 4291 1186 4329 da bekanntlich ein czechiſcher Zählcandidat aufgeſtellt worden war.
158 4326 1188 4363 Bei dieſer Verſammlung trat der Brünner Redacteur der Zvornoſt,
159 4360 1188 4399 Joſef Krapka, als Redner auf und äußerte, das Coalitions⸗Mini⸗
161 4395 1188 4432 ſterium und die Coalitions⸗Parteien hätten den guten Willen (bezüglich
160 4429 1189 4466 der Wahlreform), ihr Ehrenwort nicht zu halten. Der Regierungsvertreter
161 4464 1189 4500 relationirte über dieſe Worte und Krapka wurde wegen Beleidigung
160 4498 1188 4535 der damaligen Regierung und des Abgeordnetenhauſes angeklagt. Bei
159 4532 1189 4569 der heutigen Verhandlung vor dem Strafrichter des III. Bezirkes
159 4562 1188 4603 Dr. v. Marquet wies der Angeklagte durch einen Zeugen glaub⸗
159 4596 1186 4639 haft nach, daß er damals nicht ſeine ſubjective Meinung zum Aus⸗
160 4630 1187 4673 drucke gebracht, ſondern nur Stellen aus Reden von Abgeordneten
160 4669 1186 4708 reproducirt habe. Krapka wies auch darauf hin, daß die Redner im
160 4700 1188 4743 Parlamente weit ſchärfere Ausdrücke gebrauchten. Der Richter ging
160 4738 1189 4777 mit einem Freiſpruche vor, da die incrimirte Aeußerung die
161 4768 1189 4812 Reproduction einer Kritik im Abgeordnetenhauſe geweſen ſei. Der
161 4802 1189 4846 ſtaatsanwaltſchaftliche Functionär Dr. Benedict meldete die
161 4845 716 4886 Berufung an.
239 4901 1190 4943 Krakau, 5. Juli. (Entlaſſung aus der Haft.)
162 4940 1190 4981 Der Krakauer Kaufmann Wladislaw Bilewski, der in Odeſſa
162 4972 1190 5022 verhaftet worden war, iſt auf Intervention der öſterreichiſch⸗
166 5015 1190 5061 ungariſchen Botſchaft in Petersburg bereits am 27. April gegen
166 5057 1191 5098 Caution auf freien Fuß geſetzt worden, muß aber gegenwärtig
164 5095 1190 5137 noch warten, bis die Einwilligung zum vollſtändigen Verlaſſen der
167 5126 1191 5176 Stadt Odeſſa von dem kaiſerlich ruſſiſchen Juſtizminiſterium
165 5176 291 5220 einlangt.
1491 203 2064 238 Neue Freie Presse.
1305 276 2254 318 [Telegr. der „N. Fr. Pr.“] Trieſt, 5. Juli. (Ein
1228 316 2254 357 politiſcher Mord.) Wie der in Zara erſcheinende Dal⸗
1229 354 2255 394 mata meldet, wurde in Stretto bei Sebenico ein poli⸗
1228 393 2255 435 tiſcher Mord begangen, indem ein Anhänger des Podeſtà Maz⸗
1228 425 2253 474 zura einen Gegner dieſer Parteirichtung, den Pächter Vlaſſich,
1228 471 2254 511 tödtete. Der Mörder wurde verhaftet und konnte nur mit Mühe
1228 509 2254 551 vor der Wuth des Volkes, welches ihn lynchen wollte, geſchützt
1228 551 1337 582 werden.
1225 629 2252 699 Telegramme des Correſpondenz-Bureau.
1308 710 2255 751 Trieſt, 5. Juli. Der Lloyddampfer „Imperator“ iſt
1230 749 2255 790 am 4. Juli von Brindiſi nach Trieſt, der Lloyddampfer „Pan⸗
1230 781 2256 829 dora“ am 4. Juli von Fiume nach Santos abgegangen. Der
1230 826 2255 867 Lloyddampfer „Marie Valerie“ iſt am 4. Juli auf ſeiner
1228 866 1893 907 Fahrt von Kobe in Hongkong eingetroffen.
1306 916 2255 958 Agram, 5. Juli. Die ehemaligen ſerbiſchen Miniſter Sawa
1228 954 2256 997 Gruic und Dr. Vuic weilten geſtern hier und reiſten mit
1228 993 2256 1035 dem hier domicilirenden ehemaligen Miniſter Tauſchanovic
1227 1035 1492 1074 nach Abbazia ab.
1314 1080 2255 1123 Berlin, 5. Juli. Der „Reichsanzeiger“ meldet die
1229 1123 2254 1166 endgiltige Uebertragung der Stellung eines kaiſerlichen
1227 1166 2255 1209 Landeshauptmannes in Deutſch⸗Südweſt⸗
1228 1211 1863 1253 Afrika an Major Lentwein.
1316 1262 2256 1308 Berlin, 5. Juli. Durch eine aufſtändiſche Be⸗
1229 1307 2255 1352 wegung in den chineſiſchen Kreiſen Kwang⸗tung und
1228 1350 2256 1396 Yün⸗nan ſchienen die dortigen deutſchen Miſ⸗
1229 1394 2254 1437 ſions⸗Stationen bedroht zu ſein. Eine von
1229 1437 2255 1479 hier aus an den deutſchen Vertreter in Swatau gerichtete
1228 1480 2253 1524 Anfrage wurde dahin beantwortet, daß die deutſchen
1228 1524 1931 1566 Miſſionen außer Gefahr ſeien.
1306 1577 2255 1619 München, 5. Juli. Heute Vormittags wurde der dritte
1229 1616 2251 1657 deutſche Elektrotechnikertag eröffnet. Der Miniſter
1229 1653 2254 1696 des Innern begrüßte die Verſammlung namens der bayriſchen
1229 1687 2257 1736 Regierung, Bürgermeiſter Borſcht namens der Stadt. Profeſſor
1230 1732 2255 1774 Slaby aus Berlin führte den Vorſitz. Nach Erledigung des
1231 1763 2254 1813 Geſchäftsberichtes begaben ſich die Theilnehmer vor das Poly⸗
1229 1809 2255 1852 technicum zur Enthüllung des in Lebensgröße ausgeführten
1230 1848 2255 1890 Marmordenkmales des Phyſikers Ohm. Dieſer Feier
1229 1886 2255 1927 wohnten der Miniſter⸗Präſident, der Cultusminiſter und die
1230 1925 2253 1969 Spitzen der Behörden bei. Profeſtor Lommels hielt die Feſt⸗
1228 1964 2254 2005 rede. Nach derſelben hielt der Cultusminiſter eine längere Anſprache
1228 2003 2254 2045 und übernahm ſodann das Denkmal in den Schutz des Staates.
1306 2058 2255 2099 Stockholm, 5. Juli. Nach den vorliegenden Beſtimmungen
1228 2092 2255 2139 wird der König von Schweden und Norwegen den
1228 2135 2254 2178 deutſchen Kaiſer nach ſeiner Ankunft zum Diner ins
1229 2174 2254 2216 Stockholmer Schloß einholen und demſelben ſodann einen Beſuch
1229 2213 2255 2255 an Bord der „Hohenzollern“ abſtatten. Sonntag Vormittags ſoll
1229 2251 2254 2294 ein Ausflug nach dem Schloſſe Gripsholm in Ausſicht ge⸗
1228 2285 2255 2332 nommen ſein und dasſelbe beſichtigt werden; daſelbſt wird das
1229 2329 2254 2372 Déjeuner eingenommen. Sodann iſt ein Ausflug zur See nach
1229 2367 2255 2410 dem Schloſſe Drottningholm feſtgeſetzt, woſelbſt das Diner
1229 2407 2255 2450 eingenommen wird. Montag ſoll ein Ausflug nach Skokloſter
1229 2451 1559 2481 unternommen werden.
1308 2493 2253 2534 Chriſtiania, 5. Juli. In der heutigen Sitzung des
1230 2532 2252 2575 Storthing gab Engelhard (Linke) bei der Berathung des
1229 2571 2253 2613 Budgets der Conſulate und des Miniſteriums
1230 2610 2254 2651 des Aeußern die Erklärung ab, daß eine mit dem
1231 2647 2253 2690 Storthing zuſammenarbeitende Regierung die
1230 2688 2254 2728 Vorausſetzung für die am 7. Juni d. J. angenommene
1230 2724 2254 2767 Tagesordnung, betreffend die Einleitung von Verhandlungen
1229 2764 2254 2806 mit Schweden über die Ordnung der Frage der Conſulate und
1230 2802 2255 2843 des Miniſteriums des Aeußern ſei; eine andere Regierung
1230 2842 2254 2884 ſei nicht zu den Verhandlungen berechtigt, wenn
1231 2880 2254 2922 das Budget für die Conſulate und das Miniſterium des Aeußern
1230 2919 2254 2961 angenommen würde. — Der Staatsminiſter Stang erklärte, die
1229 2957 2254 3000 Ablehnung dieſes Budgets würde es der Regierung unmöglich
1230 2996 2254 3038 machen, die Führung der Geſchäfte weiter fortzuſetzen; er theile
1231 3035 2254 3076 die Auffaſſung Engelhard's und ſtimme der Tages⸗
1231 3074 2255 3116 ordnung zu. — Lindbog (radical) motivirte namens der
1231 3112 2255 3153 Minorität den Antrag, den bisher nicht bewilligten norwegiſchen
1231 3152 2255 3194 Theil des Budgets des Miniſteriums des Aeußern für 1894/95 und
1230 3190 2255 3231 des Conſulats⸗Budgets für die letzte Hälfte des Jahres 1893 jetzt
1230 3228 2255 3270 nachträglich zu bewilligen, im Uebrigen aber die Entſcheidung
1231 3267 2255 3309 über die Bewilligung für 1895/96 zu verſchieben. Das
1232 3306 2255 3347 Storthing nahm mit allen gegen zwei Stimmen den An⸗
1231 3345 2254 3387 trag, die von Schweden für die Diplomatie gemachten Auslagen,
1232 3383 2255 3426 ferner mit allen gegen ſieben Stimmen den Antrag, die Aus⸗
1231 3422 2254 3464 lagen für das Conſulatsweſen nachträglich zu
1232 3460 2256 3502 bewilligen, an. Der Antrag Lindbog, die Ent⸗
1230 3499 2256 3540 ſcheidung über die Bewilligung des norwegiſchen Budgettheiles
1232 3538 2256 3584 für 1895/96 zu verſchieben, wurde mit 76 gegen 38 Stimmen
1231 3577 2256 3619 abgelehnt. Sodann ging das Storthing in die Debatte über
1231 3607 2256 3657 das Budget pro 1895/96 ein und nahm mit 69 gegen 45
1231 3654 2256 3695 Stimmen das Budget für die diplomatiſche Vertre⸗
1230 3693 2256 3735 tung, ferner mit 74 gegen 42 Stimmen das Conſulats⸗
1230 3732 1807 3774 Budget für dieſes Finanzjahr an.
1317 3779 2257 3823 Rom, 5. Juli. Die Meldung der Italie, daß der
1231 3823 2256 3866 derzeitige Botſchafter in Konſtantinopel, Catalani, nach
1230 3866 2257 3908 London verſetzt werden ſoll, iſt falſch. Der Botſchafter
1232 3909 2256 3951 Catalani begab ſich nach einem Beſuche ſeines Sohnes in
1231 3952 2258 3995 Florenz nach Sicilien, um dortſelbſt ſeine Mutter zu be⸗
1231 3995 2256 4038 ſuchen, und wird demnächſt von dort nach Konſtan⸗
1230 4039 1746 4081 tinopel zurückkehren.
1309 4087 2258 4128 Rom, 5. Juli. In der heutigen Sitzung der Kammer
1231 4127 2258 4167 brachte der Deputirte Aprile eine Interpellation über den
1231 4165 2258 4206 Conflict zwiſchen franzöſiſchen und italieniſchen
1231 4204 2258 4238 Arbeitern bei St. Jan⸗Maurienne ein. Die Kammer
1230 4242 2258 4283 trat hierauf in die Berathung der finanziellen Reformen ein.
1310 4289 2258 4329 Rom, 5. Juli. Während der heutigen Kammerſitzung
1231 4328 2258 4369 warf ein gewiſſer Bonis, ein Schloſſer aus Turin, von der
1232 4367 2258 4407 öffentlichen Tribüne vier an Miniſter und Deputirte gerichtete
1232 4406 2258 4445 Briefe in den Saal, in denen er die Bezahlung von
1232 4444 2258 4486 angeblich für einen ſpaniſchen Conſul gelieferten Arbeiten
1231 4482 2258 4524 verlangte. Bonis wurde auf die Quäſtur gebracht, dort einem Ver⸗
1232 4519 2259 4563 höre unterzogen und, nachdem ihm ein Verweis ertheilt worden
1231 4562 1600 4602 war, wieder freigelaſſen.
1308 4606 2258 4647 Neapel, 5. Juli. Der Veſuv befindet ſich heute in voller
1232 4644 2259 4687 Thätigkeit. Zwei neue Ausbruchsſtellen haben ſich geöffnet. Die
1232 4684 2258 4724 Lava fließt reichlich mit großer Geſchwindigkeit in zwei gabel⸗
1232 4723 1842 4764 förmigen Linien gegen Reſina hinunter.
1318 4770 2257 4814 Paris, 5. Juli. Ein Telegramm des Generals
1232 4814 2257 4856 Duchesne vom 4. d. M. ſtellt feſt, daß der zehnte
1232 4857 2258 4899 Theil des Effectivſtandes des Expeditions⸗
1232 4900 2258 4942 corps von Madagascar in Folge von Krank⸗
1232 4944 1749 4986 heit kampfunfähig ſei.
1319 4994 2258 5038 Paris, 5. Juli. Eine an die Agence Havas aus
1232 5038 2257 5081 Majunga vom 1. d. gerichtete Depeſche bringt Details
1234 5081 2256 5123 über die Kämpfe bei Tſaraotra und Beritzoka.
1232 5124 2259 5168 Derſelben zufolge hatten die Howas bei dem Angriffe auf
1234 5167 2258 5212 den Platz Tſaraotra am 29. Juni 31. Todte und zahl⸗
2331 192 2574 237 6. Juli 1895
3143 198 3281 237 Seite 7
2299 275 3325 321 reiche Verwundete, welche ſie fortſchafften. Auf franzöſiſcher
2299 317 3325 364 Seite blieben 1 Lieutenant und 1 Unterofficier todt und
2299 363 3324 406 wurden 5 Mann verwundet. In dem Gefechte bei
2299 403 3327 450 Beritzoka erlitten die Howas einen Verluſt von 200
2300 446 3325 492 Todten. Viele ihre Officiere geriethen in Gefangenſchaft.
2300 489 3324 534 Die Franzoſen hatten an Verwundeten 1 Lieutenant und
2300 532 3325 579 7 Soldaten. General Metzinger ſetzt die Verfolgung fort.
2376 583 3326 626 Briſtol. 5. Juli. Durch den Einſturz einer Brücke
2299 621 3326 664 ſtürzten 600 Menſchen, welche einer Regatta von hier aus zu⸗
2299 659 3324 703 ſahen, aus einer Höhe von 40 Fuß in den Fluß. Vierzig
2299 698 3216 741 Perſonen wurden verletzt, darunter mehrere ſchwer.
2374 749 3326 790 London, 5. Juli. Im Unterhauſe erklärte der Unter⸗
2299 787 3327 832 Secretär des Auswärtigen Amtes, Curzon, der Regierung ſei
2299 826 3327 871 nicht bekannt, daß zwiſchen dem Transvaal und dem König⸗
2299 865 3327 909 reiche Portugal Verhandlungen im Gange ſeien bezüglich des
2299 903 3325 945 Erwerbes der Delagoa⸗Eiſenbahnen. Dies würde der
2299 943 3327 986 von Portugal gegebenen Verſicherung widerſprechen, bis zum
2299 981 3325 1024 Urtheilsſpruche des Schiedsgerichtes keinerlei Schritte bezüglich der
2296 1019 3324 1062 Zukunft der Eiſenbahnen zu unternehmen. Hierauf wurde die
2299 1058 3246 1102 dritte Leſung der Auslieferungs⸗Bill angenommen.
2389 1111 3328 1154 Boſton, 5. Juli. Bei einem Aufzug der anti⸗
2300 1153 3327 1200 katholiſchen Vereinigung kam es geſtern hier zu
2299 1197 3327 1243 einem ernſthaften Zuſammenſtoße; ein Abzeichen
2300 1242 3328 1284 erregte den Zorn der Zuſchauer, welche einen Wagen an⸗
2299 1283 3328 1330 griffen, in welchem Frauen ſaßen. Die Polizei griff helfend
2299 1326 3325 1369 ein. Beide Parteien machten von ihren Revolvern Ge⸗
2300 1370 3328 1414 brauch und bewarfen ſich mit Steinen. Eine Perſon
2299 1412 3328 1457 wurde getödtet und mehrere erlitten Verletzungen.
2383 1467 3328 1513 Konſtantinopel, 5. Juli. Den Meldungen über an⸗
2299 1511 3328 1557 gebliche Gefechte ernſteren Charakters bei Egri⸗Palanka,
2298 1554 3326 1597 Kratovo und anderwärts wird, wie die Agence de
2298 1597 3328 1643 Conſtantinople feſtſtellt, in maßgebenden Kreiſen auf
2299 1641 3326 1685 das beſtimmteſte widerſprochen. Insbeſondere ſei es
2299 1684 3329 1726 ganz unrichtig, daß Köpfungen oder andere Grau⸗
2300 1727 3327 1771 ſamkeiten vorgekommen ſeien und eine Kirche in ein
2300 1770 2886 1812 Spital umgewandelt worden wäre.
2385 1813 3329 1857 Ebenſo iſt die Agence de Conſtantinople ermächtigt, die
2299 1855 3328 1901 Nachricht, daß im Bezirke Apokorona der Inſel
2299 1898 3327 1942 Kreta Unruhen ausgebrochen wären, mit der Ver⸗
2299 1942 3326 1988 ſicherung als unrichtig zu erklären, daß auf der ganzen
2298 1986 2671 2028 Inſel Ruhe herrſche.
2375 2034 3327 2077 Athen, 5. Juli. Die Kammer hält täglich zwei
2300 2073 3328 2114 Sitzungen ab, um das Budget vor Ende des Monats zu er⸗
2298 2112 3328 2155 ledigen. Die Verwerfung der Vorlage über die Zurückhaltung
2299 2151 3327 2193 eines Theiles der Korinthen⸗Ernte erregt in den Provinzen, welche
2300 2189 3327 2231 dieſe Maßregel verlangt hatten, eine gewiſſe Unzufriedenheit. In
2299 2228 3158 2270 Patras wurde ein Proteſtmeeting abgehalten.
2388 2275 3328 2319 Dar⸗es⸗Salaam, 5. Juli. Die Unruhen im
2300 2319 3328 2363 engliſchen Gebiete bei Mombaſa nehmen einen größeren
2299 2363 3328 2407 Umfang an. Das Schiff „See⸗Adler“ hat ſich zur Recog⸗
2300 2406 3328 2449 noscirung nach Moa, nördlich von Tanga, begeben. Ein
2299 2449 3328 2493 Uebergreifen der Unruhen auf deutſches Gebiet
2300 2493 2814 2536 iſt jedoch nicht zu befürchten.
2384 2542 3327 2588 Newyork, 5. Juli. Nach einem Telegramme aus
2298 2585 3327 2629 Havana fand zwiſchen 80 Freiwilligen unter dem
2298 2629 3328 2673 Hauptmanne Loeras und 400 berittenen Aufſtändi⸗
2299 2672 3328 2715 ſchen unter Guerra's Führung ein Gefecht bei
2298 2715 3328 2759 Salmaſalta ſtatt, in dem 17 Freiwillige getödtet
2300 2758 3327 2802 und 19 verwundet, auf Seite der Aufſtändiſchen
2300 2801 3327 2846 hingegen Guerra, zwei Officiere und 60 Mann ge⸗
2300 2846 2595 2879 tödtet wurden.
2297 2922 3329 2993 Telegramme der „Neuen Freien Preſſe“.
2375 3006 3328 3047 Prag, 5. Juli. Nach einer Mittheilung der Narodni
2299 3045 3329 3086 Liſty hat eine Deputation der in Paris lebenden czechi⸗
2299 3083 3328 3124 ſchen Sokoliſten in St. Mandé, wo dieſelbe anläßlich eines
2301 3121 3329 3163 dort ſtattgehabten Turnerfeſtes weilte, auf dem Denkmale der im
2299 3161 3329 3203 Jahre 1870 gefallenen franzöſiſchen Krieger einen Kranz mit
2300 3200 3329 3241 Schleifen in den czechiſchen Nationalfarben niedergelegt. Der
2299 3238 3329 3279 franzöſiſche Colonial⸗Miniſter Chautemps ſprach der Depu⸗
2299 3277 3329 3318 tation hiefür den Dank aus und überreichte derſelben ein Bouquet
2300 3315 3329 3357 mit einer franzöſiſchen Tricolore. Der Miniſter bat die Deputa⸗
2299 3347 3330 3394 tion, den Brüdern in Böhmen ſein freundſchaftliches Ge⸗
2300 3393 3329 3435 denken zu verdolmetſchen ſowie den Sokolen und dem czechiſchen
2300 3433 2867 3473 Volke ſeine Grüße zu übermitteln.
2377 3488 3329 3529 Berlin, 5. Juli. Freiherr v. Hammerſtein erklärt in
2300 3526 3329 3568 der Kreuzzeitung die Meldung des Pariſer Temps, daß er die
2300 3564 3329 3608 Aufforderung des Comités der Kreuzzeitung, ſeine Stellung als
2301 3604 3328 3645 Chef⸗Redacteur niederzulegen, mit der Drohung beantwortet habe,
2301 3643 3328 3684 in ſeinen Händen befindliche Briefe des Freiherrn v. Man⸗
2300 3682 3328 3724 teuffel zu veröffentlichen; welche dieſen in einer reſpectwidrigen
2300 3720 3329 3764 Haltung gegenüber dem Kaiſer erſcheinen ließen, für völlig aus
2302 3759 3329 3801 der Luft gegriffen. Er habe keine derartigen Briefe
2302 3797 3331 3840 des Freiherrn v. Manteuffel in Händen; außer⸗
2302 3836 3329 3880 dem ſei er gar nicht in die Lage gekommen, eine ſolche Drohung
2302 3876 3328 3918 auszuſprechen, auch wenn er einer ſolchen unanſtändigen Handlung
2302 3907 3329 3956 fähig wäre, denn das Comité der Kreuzzeitung habe
2301 3953 3329 3995 von ihm die endgiltige Aufgabe ſeiner Stellung
2302 3991 3328 4033 als Chef⸗Redacteur überhaupt nicht verlangt. Das
2302 4030 3330 4071 Vertragsverhältniß aus dem Jahre 1881 beſtehe vielmehr
2301 4069 3330 4111 nach gegenſeitiger Vereinbarung fort. Gleichzeitig erläßt
2302 4107 3330 4150 Freiherr v. Hammerſtein eine geſchäftsmäßige Erklärung,
2305 4146 3328 4187 worin er erſucht, da er eine Ferienreiſe antrete,
2302 4184 3329 4226 Briefe für die Kreuzzeitung nicht an ihn, ſondern an die
2302 4223 3330 4265 Redaction zu ſenden. Seit heute Früh zeichnet als Redacteur in
2302 4262 3330 4304 Vertretung Dr. Heßter. Dagegen meldet heute Abends die
2302 4301 3330 4343 Volkszeitung, daß der Austritt Hammerſtein's
2303 4340 3329 4382 aus der Redaction der Kreuzzeitung thatſäch⸗
2303 4375 3329 4420 lich vollzogen ſei. Derſelbe ſei ſeit dem 1. Juli ſuspendirt,
2302 4417 3329 4459 wahrſcheinlich aber noch für einige Zeit im Bezuge eines Theiles
2301 4455 3327 4497 ſeines Gehaltes belaſſen. Seit Dienſtag Früh ſei der frühere Mit⸗
2302 4494 3327 4535 redacteur Dr. Kropatſchek wieder in die Redaction ein⸗
2302 4533 3329 4574 getreten, aber nicht als Chef⸗Redacteur, ſo daß er alſo nicht ver⸗
2302 4570 3328 4614 antwortlich zeichne, während ihm andererſeits auch niemand
2302 4609 3329 4652 Anderer als Chef⸗Redacteur vorgeſetzt ſei. Wahrſcheinlich wolle man
2302 4648 3328 4691 wieder einen Adeligen als Chef⸗Redacteur einſetzen. Es muß
2302 4687 3327 4732 abgewartet werden, welche von den beiden Darſtellungen die
2302 4722 2463 4767 richtige iſt.
2377 4772 3328 4816 Bern, 5. Juli. Der Bundesrath hat die Schweizer Geſandt⸗
2301 4810 3328 4856 ſchaft in Rom beauftragt, der italieniſchen Regierung
2301 4849 3328 4891 die möglichſt baldige Eröffnung von diplomatiſchen Verhand⸗
2301 4888 3329 4931 lungen zum Zwecke der Vereinbarung des den Bau und
2301 4927 3328 4971 Betrieb der projectirten Eiſenbahn durch den Simplou
2300 4966 3282 5011 regelnden internationalen Vertrages vorzuſchlagen.
2378 5013 3327 5056 Brüſſel, 5. Juli. In der Kammer brachte der Miniſter
2302 5052 3326 5094 des Innern heute den zweiten Theil des Communalwahlen⸗
2302 5091 3325 5134 Geſetzes ein, deſſen Hauptbeſtimmung die verhältniß⸗
2301 5129 3325 5173 mäßige Vertretung dort einführt, wo Stichwahlen erfor⸗
2301 5168 3325 5212 derlich ſind. Hierauf legte-der Führer der Rechten, Staatsminiſter
