3488 5349
246 167 439 202 Nr. 16830
801 167 1072 202 Wien, Samstag
1536 168 2111 203 Neue Freie Presse.
2567 167 2793 202 1. Juli 1911
3196 160 3337 205 Seite 3
451 243 982 280 Erweiterter Vollzugsausſchuß.
278 284 1231 329 Zum Schluſſe wurde ein erweiterter Vollzugs⸗
203 324 1231 369 ausſchuß eingeſetzt, welchem folgende Abgeordnete ange⸗
204 364 1229 409 hören: Dr. Damm, Dobernig, Baron d’Elvert, Erb,
205 404 1229 452 Dr. Erler, Dr. Groß, Herzmansky, Hummer,
203 444 1228 488 Keſchmann, Luksch, Marckhl, Dr. v. Ober⸗
206 480 1231 535 leithner, Pacher, Dr. Roller, Dr. Schreiner,
205 523 1231 568 Dr. Sommer, Dr. Sylveſter, Dr. Steinwender,
206 563 1195 609 Dr. Stölzel, Dr. Urban, Dr. Waber und Wolf.
446 666 986 725 Das neue Miniſterium.
917 739 1192 778 Wien, 30. Juni.
283 785 1227 835 Morgen vormittags verſammelt ſich die neue Re⸗
202 828 1227 882 gierung zum erſten formellen Miniſterrat.
199 872 1226 923 Einer der Hauptgegenſtände der Beratung wird die Feſt⸗
202 917 1225 970 ſetzung des Termins für die Einberufung des
199 960 1228 1012 Reichsrates bilden. Wie bereits mitgeteilt, dürfte der
201 1004 1226 1056 Miniſterrat zum Beſchluß kommen, dem Kaiſer vorzu⸗
202 1047 1226 1102 ſchlagen, den Reichsrat für Samstag den 15. Juli
202 1100 424 1145 einzuberufen.
282 1133 1225 1186 Auch den heutigen Tag hat Miniſterpräſident Frei⸗
201 1172 1226 1234 herr v. Gautſch mit internen Arbeiten im Miniſterrats⸗
202 1229 543 1276 präſidium verbracht.
283 1265 1227 1318 Die Konferenzen des Miniſterpräſidenten mit den
202 1309 1227 1364 Führern der parlamentariſchen Parteien dürften erſt im
202 1353 1225 1409 Laufe der nächſten Woche ihren Anfang nehmen. Der
203 1396 1227 1449 Miniſterpräſident wartet die Konſtituierung der parla⸗
199 1439 1226 1491 mentariſchen Verbände ab, ehe er die Einladungen zu
200 1484 1037 1535 Konferenzen an die Parteiführer ergehen läßt.
282 1534 1225 1585 Von den parlamentariſchen Verbänden iſt bisher
203 1577 1226 1631 lediglich der einheitliche Czechenklub konſtituiert. Dienstag
202 1620 1226 1673 wird ſich die Chriſtlichſoziale Vereinigung des Ab⸗
204 1664 1226 1720 geordnetenhauſes zur Konſtituierung verſammeln. Die
202 1706 1226 1761 Konſtituierung des Nationalverbandes wurde in einer
202 1751 1227 1807 heute nachmittags abgehaltenen Beſprechung des Exekutiv⸗
203 1794 1226 1847 komitees, an welcher auch eine Reihe anderer Mitglieder
203 1837 1231 1886 des Verbandes teilnahm, für kommenden Freitag an⸗
203 1882 1225 1936 geſetzt. Wann die Konſtituierung der übrigen Verbände
202 1925 1224 1980 stattfindet, iſt noch nicht beſtimmt. Im Polenklub dürfte
203 1970 1226 2022 das Ende der galiziſchen Wahlen, die am 3., beziehungs⸗
202 2009 999 2066 weiſe 6. Juli abſchließen, abgewartet werden.
223 2114 1207 2166 Oberſtlandmarſchall⸗Stellvertreter Dr. Urban.
279 2174 1225 2223 Der Oberſtlandmarſchall⸗Stellvertreter von Böhmen,
202 2217 1226 2273 Abgeordneter Dr. Urban, iſt heute nachmittags zur
202 2260 1226 2315 Sitzung des Exekutivkomitees des Deutſchen National⸗
203 2305 1226 2353 verbandes von Karlsbad in Wien eingetroffen. Doktor
203 2349 1228 2402 Urban tritt morgen früh die Rückreiſe nach Karlsbad an.
283 2393 1223 2448 Abgeordneter Dr. Urban erſucht uns, feſtzuſtellen,
202 2436 1226 2492 daß die vielfach verbreitete Nachricht, er habe eine Ve⸗
201 2481 1227 2536 rufung zum Miniſterpräſidenten Freiherrn v. Gautſch er⸗
202 2523 1226 2581 halten, unrichtig ſei. Er habe keine Einladung von Frei⸗
202 2567 1225 2625 herrn v. Gautſch erhalten und werde während ſeines
202 2611 1226 2668 heutigen kurzen Aufenthaltes in Wien auch keine Be⸗
201 2657 1019 2711 ſprechung mit dem Miniſterpräſidenten haben.
392 2761 1052 2810 Deutſchböhmiſche Vereinigung.
278 2815 1231 2869 Abgeordneter Dr. Kindermann wird bereits im
205 2857 1231 2909 Laufe der nächſten Tage als älteſter deutſchböhmiſcher Abge⸗
207 2898 1232 2944 ordneter die nationalen deutſchen Abgeordneten aus Böhmen
206 2937 1232 2989 zu einer Sitzung einberufen, in welcher, wie im früheren
206 2976 1233 3030 Hauſe, ein engerer Zuſammenſchluß der deutſchböhmiſchen
206 3017 1234 3068 Abgeordneten zum Zwecke einer energiſchen Vertretung der
204 3057 1228 3105 nationalen Intereſsen der Deutſchen in Böhmen er⸗
205 3095 1233 3147 folgen wird. Da zahlreiche deutſchböhmiſche Angelegenheiten
206 3132 1234 3184 ihrer Erledigung harren, wird die Deutſchböhmiſche Ver⸗
207 3174 1231 3225 einigung ſofort beim Zuſammentritte des Abgeordnetenhauſes
205 3214 1232 3265 zu einer Sitzung zur Beratung und Beſchlußfaſſung über
208 3260 829 3304 dieſe Angelegenheiten zuſammentreten.
205 3391 1227 3441 hätte, will ich damit durchaus nicht ſagen; es kommt
203 3431 1229 3484 darauf auch meines Erachtens gar nicht an. Ein Mann
194 3475 1230 3527 wie dieſer darf ſich ſogar ein ganzes Quantum Mißgriffe
202 3518 1227 3571 und Mißerfolge mehr leiſten als ein Mittelmäßiger.
194 3562 1230 3616 Berger zitiert in ſeinem Buche das wunderſchöne Wort
200 3607 1227 3656 Wilbrandts von dem „unſichtbaren Burgtheaterdirektor“.
201 3644 1228 3704 Ich habe dieſen unſichtbaren Burgtheaterdirektor geſehen,
200 3694 1230 3746 jedesmal, wenn ich zur Erſtaufführung eines meiner
202 3737 1228 3787 Stücke in Wien war. Auf den Generalproben habe ich
201 3781 1229 3835 ihn geſehen. Da erſchienen ſie alle im Auditorium: die
201 3827 1228 3876 Sonnenthal, Lewinsky, Baumeiſter, Hartmann und die
200 3870 1229 3921 vielen glänzenden Künſtler jüngeren Alters. Und nun
203 3912 1229 3963 war es wunderbar zu beobachten, wie ſie zuhörten und
201 3957 1229 4010 zuſchauten und wie ſie in den Zwiſchenakten halfen mit
202 3994 1227 4051 Rat und Tat, auch wenn ſie nicht die kleinſte Rolle in
201 4044 1227 4093 dem Stücke hatten. Jede Aufführung des Burgtheaters
192 4086 1228 4137 war eben eine gemeinſame Sache, ihr Gelingen eine
191 4132 1230 4182 gemeinſame Ehrenſache. Ob man da oben ſtand oder hier
203 4173 1227 4225 unten ſaß: man ſtand im Dienſte der Kunſt. So
202 4216 1228 4269 wenigſtens erſchien es mir, und was mir ſo erſchien, das
201 4259 1228 4311 war der unſichtbare Burgtheaterdirektor. Er war in allen
198 4303 1224 4357 zugleich, wie es vom heiligen Pfingſtgeiſt in der Apoſtel⸗
203 4347 1228 4400 geſchichte heißt: „Er war wie Zungen an ihnen zerteilet
201 4391 1228 4449 und ſetzete ſich auf einen jeglichen unter ihnen.“ Ich
202 4435 1229 4486 leugne nicht, daß dieſe Generalproben mir das weitaus
199 4484 852 4530 Schönſte an allen Premieren waren.
280 4529 1228 4578 Etwas von dieſem Geiſte war auch in den General⸗
190 4575 1228 4623 proben des Deutſchen Schauſpielhauſes, denen ich bei⸗
190 4616 1229 4666 wohnen konnte. Es war in ihnen etwas von dem gemein⸗
189 4652 1228 4710 ſamen heiligen Eifer, der ſich über den Wirrwarr der
189 4705 1230 4753 künſtleriſchen Sonderintereſſen erhebt. Eine gewiſſe freudige
189 4749 1229 4796 Wärme war in ihnen, die von einem zentralen Feuer her⸗
194 4793 1231 4840 rührte, und dieſes zentrale Feuer — daran zweifelte nie⸗
194 4836 1228 4883 mand — war Berger. Er war es auch außerhalb des
189 4877 1230 4927 Schauſpielhauſes. Im Geiſtesleben Hamburgs war er
189 4924 1228 4971 einer der wenigen Anreger, die wir beſaßen, war er ein
194 4967 1230 5014 Herd, auf dem das Feuer nicht erloſch. Die Stelle, wo er
189 5009 1228 5057 geſtanden, iſt leer und kalt. Die Zukunft kann größere
189 5053 1228 5100 Männer als ihn nach Hamburg bringen; aber die Lücke,
193 5096 1229 5145 die ſein Fortgang geriſſen, wird bleiben, weil Alfred von
189 5139 789 5188 Berger eben Alfred v. Berger ist.
1336 240 2247 291 Neuerliche Nichtgenehmigung der erhöhten
1490 287 2081 333 böhmiſchen Landesumlagen.
1355 335 2299 384 Der Kaiſer hat dem Beſchluß des böhmiſchen
1278 378 2300 427 Landesausſchuſſes vom 21. d., betreffend die proviſoriſche
1274 421 2301 473 Forteinhebung der Landeszuſchläge zu den direkten landes⸗
1281 466 2298 515 fürſtlichen Steuern mit Ausnahme der Perſonalein⸗
1277 510 2302 558 kommenſteuer für die Zeit vom 1. Juli bis 31. Dezember
1274 553 2299 602 1911, die Genehmigung mit der Einſchränkung
1277 596 2301 645 erteilt, daß dieſe Zuſchläge während des bezeichneten Zeit⸗
1275 640 2300 689 raumes nur im bisherigen Ausmaße von
1275 683 2034 731 55 Prozent eingehoben werden dürfen.
1355 726 2300 774 Die czechiſche Mehrheit des böhmiſchen Landesaus⸗
1275 768 2301 817 ſchuſſes hat bereits zweimal die Erhöhung der Landesum⸗
1276 812 2300 864 lage von 55 Prozent auf 65 Prozent beſchloſſen. Die
1277 854 2300 910 Beſchlüſſe hatten jedoch nicht die kaiſerliche Genehmigung
1276 893 2299 949 erhalten. Das gleiche iſt nun bei dem jüngſten Beſchluſſe
1276 944 1429 989 der Fall.
1356 986 2299 1036 In der heutigen Sitzung des Landesausſchuſſes
1277 1029 2302 1079 wurde die Mitteilung des Statthaltereipräſidiums, daß der
1275 1071 2298 1123 Beſchluß des Landesausſchuſſes vom 21. d., betreffend
1276 1115 2301 1165 die proviſoriſche Forteinhebung von Landesumlagen im
1269 1158 2300 1210 dritten Quartal des laufenden Jahres, die kaiſerliche
1278 1201 2299 1253 Genehmigung mit der Einſchränkung erlangt habe, daß
1276 1239 2302 1297 die Landesumlagen nur im Ausmaße von 55 Prozent
1277 1288 2301 1339 einzuheben ſind, zur Kenntnis genommen. Zugleich wurde
1278 1330 2300 1382 mit Stimmenmehrheit beschlossen, gegen diese Ein⸗
1278 1373 2301 1427 ſchränkung bei der Regierung abermals vorſtellig zu
1278 1419 1405 1454 werden.
1334 1493 2245 1547 Abgeordneter Praſchek aus der czechiſchen
1503 1539 2084 1585 Agrarpartei ausgeſchloſſen.
1532 1592 2054 1623 (Telegramm der „Neuen Freien Preſſe“.)
2004 1628 2270 1664 Prag, 30. Juni.
1353 1662 2304 1710 Wie die „Samoſtatnoſt“ meldet, hat ſich der Exekutiv⸗
1280 1701 2305 1750 ausſchuß der czechiſchen Agrarpartei dahin ausgeſprochen, daß
1280 1740 2304 1789 der Abgeordnete Praſchek nicht in den Verband aufzunehmen ſei,
1280 1780 2304 1829 obwohl eine große Minorität für die Aufnahme war. Doch ſoll
1277 1818 2305 1867 Praſchek eine gewiſſe Friſt eingeräumt werden, nach deren Ab⸗
1276 1856 2301 1907 lauf er, wenn ſein Verhalten zu der Partei ein einwandfreies
1278 1898 1791 1939 war, aufgenommen werden kann.
1574 1982 2013 2029 Aus dem Polenklub.
1533 2032 2054 2066 (Telegramm der „Neuen Freien Presse“.)
1943 2077 2268 2113 Krakau, 30. Juni.
1355 2114 2302 2167 Die Leitung der polniſchen Volkspartei
1277 2157 2302 2211 beſchloß, den Abgeordneten Hofrat Andreas Kendzior
1277 2200 2302 2254 für die Vizeobmannſtelle des Polenklubs, die bisher Ab⸗
1280 2245 2297 2296 geordneter Stapinski innehatte, zu kandidieren.
1282 2287 2304 2340 Hofrat Kendzior gilt als hervorragender Kenner der
1277 2329 1599 2380 Waſſerſtraßenfrage.
1356 2376 2299 2429 Der bisherige Obmann der polniſchen Volkspartei,
1277 2418 2301 2475 Abgeordneter Stapinski, tritt von der Leitung der
1281 2462 2304 2518 Partei zurück und an ſeine Stelle dürfte Abgeordneter
1276 2504 1807 2556 Ladislaus Dlugosz treten.
1547 2569 2029 2608 Die Allpolen im Polenklub.
1530 2614 2041 2648 (Telegramm der „Neuen Freien Preſſe“.)
1914 2651 2268 2690 Lemberg, 30. Juni.
1355 2688 2300 2748 Nach Andeutungen des allpolniſchen Parteiorgans
1277 2732 2300 2786 „Slowo Polskie“ geben ſich die polniſchen Führer gewiſſen
1278 2773 2301 2830 Illuſionen hin, wenn ſie in Anbetracht des verhältnis⸗
1277 2821 2302 2873 mäßig günſtigen Ausfalles der Reichsratswahlen eine
1277 2864 2300 2913 Beſſerung der Verhältniſſe im neuen Polenklub und die
1278 2905 2300 2960 Ausſchaltung bei Fraktionsſtreitigkeiten erwarten. „Slowo
1276 2952 2300 3005 Polskie“ kündigt nämlich an, daß die allpolniſche
1278 2996 2300 3044 Abgeordnetengruppe trotz ihrer Mandats⸗
1276 3040 2300 3091 einbuße unter der Führung des früheren Eiſenbahn⸗
1277 3083 2302 3133 miniſters Dr. Glombinski genug Kraft
1277 3126 2301 3173 haben werde, die Politik der vereinten
1275 3170 2301 3220 übrigen Parteien des Polenklubs zu
1278 3213 2300 3264 durchkreuzen und die Gewährung der von dieſem Block
1278 3258 2301 3305 geplanten nationalen Zugeſtändniſſe zu verhindern. Die
1278 3302 2300 3355 zehn Mandate, welche die Allpolen in einem ſo ſchweren
1276 3346 2300 3400 Wahlkampfe jetzt errungen haben, werden ſicherlich die
1278 3389 2299 3438 nämliche Bedeutung haben, wie die ſechzehn, die früher im
1277 3432 2301 3479 Beſitze der Partei geweſen ſind. Dieſe Fraktion werde
1278 3477 2302 3522 auch von der öffentlichen Meinung des Landes unter⸗
1279 3520 2300 3567 ſtützt werden, welche gar nicht davon erbaut iſt, daß
1277 3564 2302 3610 neun Sozialdemokraten diesmal in Galizien zu Abgeord⸗
1277 3607 2299 3652 neten gewählt ſind, daß ſämtliche Geiſtliche aus dem
1275 3651 2300 3701 Polenklub verdrängt, daß die chriſtlichſoziale Gruppe
1276 3695 2297 3741 dieſes Klubs zerſprengt, daß der frühere Vizepräſident des
1279 3739 2301 3784 Abgeordnetenhauſes Dr. v. Starzynski zu Falle ge⸗
1278 3782 2301 3828 bracht und daß noch andere unerfreuliche Vorkommniſſe
1277 3822 1654 3882 herbeigeführt wurden.
1394 3899 2186 3966 Rücktritt des ſerbiſchen Kabinetts.
1990 3981 2264 4015 Wien, 30. Juni.
1358 4022 2298 4069 Das Kabinett Paſic iſt heute zurückgetreten. Man
1278 4066 2298 4112 wußte wohl, daß in der letzten Zeit die Kämpfe zwiſchen
1278 4106 2297 4156 den Alt⸗ und den Jungradikalen ſich wieder weſentlich
1277 4148 2298 4198 verſchärft hatten, aber die Demiſſion des Kabinetts, zu
1276 4195 2298 4241 der den letzten Anſtoß eine Meinungsverſchiedenheit
1276 4238 2298 4281 zwiſchen dem Handels⸗ und dem Finanzminiſter über eine
1278 4281 2298 4328 Unlehensfrage bildete, kommt deshalb doch völlig un⸗
1278 4325 2297 4371 erwartet und verweiſt wieder auf die ſchroffen inner⸗
1277 4367 2298 4414 politiſchen Gegenſätze, die in Serbien eine ruhige Führung
1277 4410 2297 4458 der inneren Politik ſo außerordentlich erſchweren. Das
1276 4453 2298 4500 Kabinett Paſic iſt ſeit Oktober 1909 am Ruder, und ſein
1277 4496 2297 4543 Zweck war, die Verſöhnung zwiſchen der alt⸗ und der
1276 4539 2294 4589 jungradikalen Partei herbeizuführen. Nikolaus Paſic,
1276 4577 2308 4630 vielleicht augenblicklich der intereſſanteſte ſüdſlaviſche
1276 4625 2296 4671 Politiker, iſt ein außerordentlich geſchickter Mann. Seine
1278 4665 2297 4714 Vergangenheit iſt ſo abenteuerlich, wie das nur auf dem
1277 4711 2296 4756 Balkan möglich iſt. Er begann als Revolutionär, als
1277 4751 2296 4799 Agraranarchiſt im Sinne Bakunins, und hat der
1276 4793 2297 4842 Dynaſtie Obrenovich Verlegenheiten genug bereitet. Er
1276 4838 2297 4885 war es, der König Milan ſtürzte, und mehr als einmal
1275 4881 2296 4928 politiſch aufs ſchärfſte kompromittiert, gelang es dieſem
1278 4925 2295 4972 geiſtvollen und erfahrenen Manne immer wieder, ſich
1277 4964 2294 5014 Anhang zu verſchaffen und Einfluß auf die Regierung
1276 5010 2294 5057 Serbiens zu nehmen. Als ſich nach dem auf ſo furcht⸗
1274 5049 2295 5100 bare Weiſe erfolgten Dynaſtiewechſel die Verhältniſſe zu
1275 5096 2293 5143 konſolidieren begannen, berief ihn König Peter als
1273 5138 2310 5186 Kabinettschef, aber ſein erſtes homogenes jungradikales
2347 240 3377 289 Miniſterium war von ſehr kurzer Dauer und wurde durch
2350 284 3370 331 ein Koalitionskabinett abgelöſt. Erſt im Sommer 1909
2350 326 3369 375 kam die Zeit Paſic’. Er hatte ſich gut vorgearbeitet, eine
2349 370 3367 419 Verſöhnung mit den Altradikalen angebahnt und auch
2350 414 3370 461 eine Anzahl Altradikaler veranlaßt, in das Kabinett ein⸗
2349 458 3371 506 zutreten, das ſich für ſerbiſche Verhältniſſe außerordentlich
2348 502 2878 548 lange am Ruder gehalten hat.
2425 543 3371 590 Man kann dem Kabinett Paſic nur Gutes nachſagen.
2349 583 3371 635 Es hat in ernſter Weiſe verſucht, im Innern Ruhe und
2349 630 3371 679 Ordnung zu ſchaffen, es hat ſchlimme Ereigniſſe über⸗
2351 674 3372 723 dauert, die unter anderen Umſtänden vielleicht der
2350 718 3371 769 Dynaſtie Karageorgievich hätten gefährlich werden können
2349 763 3371 813 und hat mit allem Ernſt auf eine Verſöhnung der beiden
2348 807 3373 856 Parteien hingearbeitet. Der einſtige Sozialrevolutionär
2350 850 3373 900 Paſic iſt ein Mann der Ordnung geworden, von deſſen
2350 896 3373 944 großem perſönlichen Einfluß man in Serbien ſehr viel
2351 940 3374 990 erwartete. Der Haupterfolg des Kabinetts Paſic lag in⸗
2350 983 3374 1033 des auf dem Gebiete der auswärtigen Politik. Milo⸗
2350 1023 3373 1078 vanovic, der ſeit langen Jahren Serbiens äußere Politik
2350 1072 3373 1121 in ruhiger und verſtändiger Art leitet, hat eine Reihe
2351 1117 3374 1165 von Erfolgen zu verzeichnen, die um ſo höher bewertet
2350 1155 3375 1212 werden müſſen, als es gerade Serbien außerordentlich
2350 1205 3374 1254 ſchwer fallen muß, ſich bei den Mächten Gehör zu ver⸗
2350 1248 3374 1299 ſchaffen. Die Belgrader Bluthochzeit iſt noch immer nicht
2351 1294 3373 1342 vergeſſen, wie man weiß. In erſter Linie war die Politik
2349 1337 3374 1387 Milovanovic’ auf eine Annäherung an Oeſterreich⸗Ungarn
2351 1382 3375 1432 gerichtet. Es iſt der ſerbiſchen Regierung trotz der außer⸗
2351 1424 3373 1475 ordentlich großen Schwierigkeiten in Oeſterreich⸗Ungarn
2350 1469 3375 1519 und in Serbien ſelbſt gelungen, mit Oeſterreich⸗Ungarn
2351 1513 3371 1561 einen Handelsvertrag abzuſchließen und die Beziehungen
2351 1557 3373 1606 derart zu geſtalten, daß auch ein Beſuch des Königs
2350 1600 3374 1650 Peter beim Kaiſer Franz Joſef in Ausſicht genommen
2349 1646 3373 1693 werden konnte. Daß dieſer Beſuch verſchoben werden
2351 1686 3374 1737 mußte, iſt bekannt, und auch die Gründe für die Ver⸗
2350 1732 3374 1782 ſchiebung kennt man. Sie lagen darin, daß Kaiſer Franz
2351 1777 3374 1826 Joſef ſich Schonung auferlegen mußte, und ſind in Bel⸗
2352 1822 3374 1870 grad in einer Form amtlich zur Kenntnis gebracht
2350 1865 3375 1915 worden, die für Serbien durchaus ehrend war. Daß ſich
2350 1911 3373 1958 trotzdem in Serbien Politiker fanden, die, wie ſie ſchon
2352 1951 3373 2002 vorher gegen den Beſuch des Königs in Budapeſt die
2350 1997 3379 2048 Volksmeinung aufgepeitſcht hatten, für die Verſchiebung
2347 2042 3373 2090 die Regierung verantwortlich machten und zu diskreditieren
2351 2086 3373 2136 ſuchten, iſt bekannt; man erinnert ſich auch noch, daß
2351 2131 3374 2177 man damals dem Miniſter des Aeußern Milovanovic
2351 2176 2826 2221 Rücktrittsabſichten zuſchrieb.
2428 2222 3374 2266 Das Kabinett hat dieſe Gefahr überdauert, aber es
2348 2264 3374 2311 war ihm nicht mehr möglich, zwei Portefeuilles zu be⸗
2347 2305 3373 2354 ſetzen, die ſchon ſeit längerer Zeit vakant ſind.
2349 2353 3374 2398 Und nun hat Paſic, da aus inneren Gründen ein Zu⸗
2348 2396 3374 2443 ſammenarbeiten im Kabinett nicht mehr möglich ſchien,
2349 2438 3376 2486 die Konſequenzen gezogen. Die Kriſe kommt Serbien im
2349 2484 3375 2530 Augenblick ſehr ungelegen. Der Balkan iſt eben jetzt mehr
2349 2528 3373 2573 als ſeit langer Zeit durch die albaneſiſche Frage be⸗
2348 2572 3374 2617 unruhigt, und ein Kabinettswechſel iſt jetzt deshalb von
2349 2614 3374 2661 ganz beſonderer Bedeutung, weil er unter Umſtänden auch
2347 2659 3373 2704 Einfluß auf die äußere Politik Serbiens haben kann.
2349 2701 3373 2748 Freilich iſt der Anſtoß zur Demiſſion des Kabinetts Paſic
2347 2744 3373 2791 rein innerpolitiſchen Gründen zuzuſchreiben, aber es iſt
2348 2789 3375 2836 die Frage, ob dem neuen Kabinett der bisherige Miniſter
2346 2831 3373 2884 des Aeußern Milovanovic, deſſen Perſönlichkeit eine
2348 2873 3373 2924 Bürgſchaft für die Ruhe und Stetigkeit der auswärtigen
2347 2919 3373 2974 Politik Serbiens war, wieder angehören wird. Man
2347 2962 3372 3011 weiß, daß Dr. Milovanovic, den in der letzten Zeit ein
2347 3007 3373 3055 herber perſönlicher Verluſt getroffen hat, ſchon ſeit längerer
2347 3044 3377 3102 Zeit portefeuillemüde iſt, und daß es deshalb nicht ganz
2348 3094 3372 3143 leicht ſein dürfte, ihn zum Bleiben zu veranlaſſen. Es
2347 3130 3373 3185 liegt aber gerade jetzt im Intereſſe Serbiens und des
2347 3179 3374 3230 Balkanfriedens, daß die äußere Politik in Belgrad keine
2347 3223 3372 3273 Aenderung erfährt. Wie man hört, wird der Präſident der
2346 3265 3371 3318 Skupſchtina Nicolic den Auftrag zur Kabinettsbildung
2348 3312 3372 3361 erhalten. Es dürfte ſich aber bei dieſer Berufung nur um
2347 3352 3373 3406 ein Proviſorium handeln, und die allgemeine Anſicht
2346 3397 3373 3448 iſt wohl die, daß im Herbſt erſt der Verſuch ge⸗
2343 3441 3373 3491 macht wird, ein Kabinett zu bilden, dem man größere
2343 3484 3373 3533 Dauerhaftigkeit zuſchreiben kann. Und es iſt auch durch⸗
2344 3528 3372 3576 aus nicht unwahrſcheinlich, daß Paſic dann wieder auf
2343 3570 3372 3619 der politiſchen Schaubühne erſcheint. Er iſt nun einmal
2343 3614 3373 3660 der Mann, der in Serbien den größten Einfluß beſitzt
2344 3658 3373 3706 und nach dem, was man von ſeinem letzten Kabinett
2343 3700 3374 3749 erlebt hat, erſcheint es auch durchaus wünſchenswert, daß
2344 3745 3372 3792 er die Leitung der ſerbiſchen Politik wieder übernimmt.
2344 3788 3375 3836 Er hat die ſtarke Hand und er beſitzt vor allem Er⸗
2343 3832 3374 3879 fahrung und den guten Willen, mit den Nachbarn im
2344 3875 3371 3922 Frieden zu leben und auch im Innern Frieden und
2343 3919 3373 3966 Ordnung zu ſchaffen. Die wichtigſte Frage iſt aber nicht,
2342 3962 3372 4009 ob Paſic oder ein anderer den Vorſitz im Miniſterrat
2341 4005 3370 4051 führen wird, ſondern wer das Portefeuille des Aeußern
2342 4047 3372 4093 übernimmt. Davon hängt für Serbien und für den
2342 4090 3370 4136 Balkan außerordentlich viel ab, und wenn es nicht mög⸗
2341 4133 3374 4180 lich ſein ſollte, Milovanovic zum Bleiben zu veranlaſſen,
2342 4176 3373 4223 muß man hoffen, daß ſein Nachfolger die äußere Politik
2342 4219 3369 4266 Serbiens im gleichen ruhigen Sinn fortführt, wie ſie die
2341 4263 3372 4310 letzten Jahre geführt wurde. Das iſt auch für Serbien
2341 4306 3373 4353 ſehr weſentlich, denn wenn ſich die Verhältniſſe im Innern
2341 4349 3371 4400 endlich konſolidieren ſollen, ſo iſt die erſte Vorausſetzung
2339 4393 3366 4440 dafür, daß auch eine ruhige, vorſichtige äußere Politik
2340 4435 2582 4491 gemacht wird.
2447 4520 3274 4578 Die Demiſſion des Kabinetts Paſic.
2596 4581 3107 4613 (Telegramm der „Neuen Freien Preſſe“.)
3000 4616 3332 4652 Belgrad, 30. Juni.
2422 4658 3370 4705 Das Kabinett Paſic, deſſen ſeit Herbſt vakante
2344 4702 3369 4750 Portefeuilles des Junern und des Kultus heute definitiv
2343 4747 3366 4792 beſetzt werden ſollten, ſah ſich wegen eines unerwarteter⸗
2342 4791 3368 4842 weiſe entſtandenen Konflikts zwiſchen den Miniſtern
2341 4833 3365 4881 Protic und Prodanovic genötigt, zu demiſſio⸗
2342 4881 2511 4916 nieren.
2420 4922 3368 4967 Der Konflikt wurde durch das ungleiche Verhalten
2341 4965 3367 5011 der beiden Miniſter in der Angelegenheit des An⸗
2341 5009 3364 5054 lehens der „Uprava Fondova“ bei der Banque Rouvier
2340 5053 3366 5108 hervorgerufen. Der Finanzminiſter Protic ſah ſich daher
2336 5093 3364 5143 zum Rücktritt gezwungen. Sein Vorgehen führte zur
2334 5139 3167 5184 Demisſion des Geſamtkabinetts.
