3346 5257
871 22 1146 75 Wien, Samstag
119 17 258 69 Seite 2
2243 24 2485 74 5. Juli 1873
3055 24 3227 75 Nr. 3184
1420 27 2006 82 Neue Freie Presse.
84 105 1115 152 nalen treten nicht nur der Antagonismus betreffs der Donau¬
85 147 1117 195 frage, sondern auch die Propaganda für den Panslavismus offen
81 190 1116 238 hervor. So beschäftigt sieh auch der Golos in zweien seiner
84 234 1116 280 letzten Artikel mit der „slavischen Frage“, sowie mit der
85 277 1115 323 „Lage der Slaven im österreichischen Kaiserreich“. Es ist
81 319 1113 368 tief bedauerlich — aber die deutsche Presse hat die Pflicht,
82 363 1114 410 darüber das Publicum fortlaufend in Kenntniß zu halten —
81 404 1114 452 daß die literarischen Wortführer an der Newa wie an der
80 447 1115 495 Moskwa sich unausgesetzt an die Spitze der gegen den
81 491 1113 539 „Germanismus“ zu Felde ziehenden Propaganda stellen
80 534 1114 581 und auch ihrerseits die Gemüther in der slavischen Welt
70 577 1113 624 beständig in Aufregung erhalten. Wir schweigen hier über
71 618 1112 667 den Artikel, welchen das genannte russische Organ unlängst
79 663 1112 709 über „die Lage der Polen in Preußen“ brachte, halten es aber
82 705 1111 752 nicht für unwerth, den Inhalt der beiden anderen Artikel
79 747 1111 796 zu skizziren, in welchen die Leidenschaftlichkeit gegen Oesterreich
78 792 1110 839 nur noch durch die Gehässigkeit gegen Deutschland übertroffen
77 835 1111 876 wird.“ — So das Breslauer Blatt. Die Artikel des Golos
80 876 1110 924 enthalten bekanntes Gezeter wider Oesterreich. Das Bemer¬
78 920 1110 969 kenswertheste an ihnen ist, daß aus Ex=Minister Schaeffle's
77 963 1109 1011 Schriften Citate veröffentlicht werden, denen zufolge „für die
76 1006 1110 1055 österreichischen Slaven die einzige logische Consequenz der
74 1047 1109 1096 Panslavismus“ sei, und daß die Schlesische Zeitung der Re¬
76 1092 1110 1140 production die Worte anfügt: „Soll man sich wundern,
76 1135 1109 1182 wenn bei solcher Sprache russischer gemäßigter Organe die
77 1178 1110 1225 österreichischen Generalstabs=Officiere sich wissenschaftlich mit
78 1222 1108 1270 dem russisch=österreichischen Kriegsschauplatz vertraut zu machen
77 1264 221 1307 suchen?“
162 1308 1105 1355 Die russische Börsenzeitung antwortet in sehr gereiztem
73 1350 1107 1399 Tone auf die Commentare englischer, Blätter zur russischen
75 1392 1106 1440 Politik in Central=Asien. Nachdem in einem lang¬
76 1436 1107 1484 athmigen Artikel der Nachweis dafür versucht wird, daß
74 1480 1107 1527 England nichts gegen Rußland auszuführen im Stande sei,
73 1522 1107 1570 heißt es schließlich: „Man schreibt England die Absicht zu,
72 1565 1104 1613 Persien zu einem neutralen Staate zu erklären.
72 1607 1106 1656 Würde aber England sich in der Lage befinden, solche Neu¬
72 1651 1107 1698 tralität auch zu vertheidigen? England kennt seine Schwäche
72 1694 1106 1741 sehr wohl, und wir sind dessen gewiß, daß, wenn Frankreich
72 1736 1106 1784 oder Deutschland etwa Belgien angreifen wollte, England,
70 1780 1105 1825 ungeachtet seiner für die Neutralität dieses kleinen Staates
72 1823 1104 1870 übernommenen Garantie, nicht für Belgiens Vertheidigung
72 1865 368 1899 eintreten würde.“
159 1908 1105 1956 Die Nachricht von dem Gelingen der Baker'schen
70 1949 1106 1999 Expedition in Inner=Afrika erregt in England Freude,
73 1992 1105 2041 da zuvor der Tod des Genannten gemeldet worden war.
73 2036 1106 2085 Indessen verursacht es Kopfschütteln, daß gleichzeitig gemel¬
72 2079 1107 2127 det wird, alles afrikanische Territorium bis zum Aequator
70 2121 1106 2169 sei im Namen des Vicekönigs von Egypten annectirt,
71 2165 1105 2212 der Weg nach Zanzibar stehe offen und die Unterdrückung
72 2207 1106 2254 des Sklavenhandels sei eine ausgemachte Sache. Bei aller
70 2251 1104 2298 Achtung vor der Wahrheitsliebe des kühnen Reisenden und
69 2293 1105 2344 Eroberers können sich englische Blätter nicht des Zweifels
70 2335 1104 2384 enthalten, daß ihr Landsmann, der von 3000 mitgenomme¬
68 2378 1105 2428 nen Soldaten nur 300 lebendig zurückbrachte, in der That
70 2421 883 2469 solche erstaunliche Resultate erzielt haben sollte.
206 2501 979 2564 Das amerikanische Fest in Wien.
148 2567 1107 2619 Die gestern gehaltenen Festreden dehnten sich bis zu später
69 2606 1107 2650 Stunde aus. Wir heben aus den Toastreden des amerikanischen
62 2644 1106 2691 Gesandten Mr. Jay und des Colonel Knox einige Haupt¬
69 2682 1105 2730 sätze hervor: Mr. Jay's Rede, an den Toast auf den Präsi¬
66 2721 1106 2771 denten der Vereinigten Staaten anknüpfend, galt zugleich der
71 2760 1105 2808 Bedentung des Tages in Verbindung mit der Wiener Welt¬
68 2800 1105 2847 ausstellung; Colonel Knox beantwortete den Toast auf
68 2837 572 2882 die Presse. Mr. Jay sagte:
157 2887 1106 2929 Die bedeutungsvollste Antwort auf den Toast, den zu erwidern
71 2919 1107 2964 ich berufen bin, ist bereits durch Ihre Cheers ertheilt worden, und
72 2956 1105 2996 amerikanische Cheers sind nie mehr amerikanisch in ihrem be¬
70 2989 1107 3032 geisternden Klange, als wenn sie auf fremdem Boden abgegeben
70 3025 1107 3066 werden, um die Gesundheit des Präsidenten zu feiern, der, indem er
70 3058 1107 3100 den Sitz Washington's einnimmt, die Länge und Breite, die Einheit
69 3091 647 3128 und Würde unserer Republik vertritt.
156 3127 1106 3169 Es brückt unserer Zusammenkunft in dieser glänzenden Hauptstadt
68 3159 1106 3203 einen charakteristischen Stempel auf, daß sich in Ihre Beifallsrufe
69 3195 1107 3238 die Stimmen der verschiedenen Nationalitäten gemischt haben, deren
1161 111 2190 150 ausgezeichnete Vertreter uns mit ihrer Gegenwart beehren; und es
1160 147 2191 185 ist interessant, dabei zu denken, wie viel thatsächliche Ueberein¬
1159 177 2190 219 stimmung zwischen dieser republikanischen Feier und der kaiserlichen
1159 211 2190 254 Industrie= und Kunstausstellung waltet, welche den jüngsten, den
1160 250 2121 289 weisesten und besten der Wiener historischen Kongresse darstellt.
1244 284 2191 322 Die Vereinigten Staaten waren mit unter den ersten der
1158 317 2190 357 Mächte, welche den großartigen Plan des Baron Schwarz=Senborn
1157 352 2190 391 freudig begrüßten; und im Januar 1872 drückte mir Se. Excellenz
1159 387 2188 425 Graf Andrassy seine große Befriedigung darüber aus, daß er durch
1159 421 2189 460 die österreichisch=ungarische Gesandtschaft in Erfahrung gebracht, ein
1158 455 2190 494 wie freundliches Interesse von unserer Regierung der patriotischen
1158 490 2189 528 Absicht der leitenden Staatsmänner Oesterreichs entgegengebracht
1159 525 2188 564 werde. Der Präsident erklärte hierauf, und seine Worte wurden
1159 557 2188 600 durch den Telegraphen in jeder Sprache Europas weitergetragen,
1157 592 2187 631 daß die Tendenz dieses Unternehmens in der Richtung einer vor¬
1157 626 2187 665 geschrittenen Civilisation liege, in der Hebung von Industrie und
1156 661 2187 700 Arbeit und in der Beförderung der Zunahme menschlicher Glück¬
1157 695 2187 734 seligkeit sowol, als des größeren Verkehres und guten Einverneh¬
1155 729 2187 767 mens unter den Nationen. In derselben Botschaft gedachte er
1155 759 2186 802 unserer kommenden hundertsten Jahresfeier, deren Herannahen uns
1156 797 2186 836 ein erhöhtes Interesse an dem Wirken dieser Ausstellung verlieh,
1155 831 2185 870 indem es ein Jahrhundert beispiellosen Fortschrittes bezeichnet und
1158 867 2053 905 dazu dient, herzliche internationale Beziehungen zu sichern.
1240 900 2184 940 In dieser großherzigen Nebenbuhlerschaft geben Oesterreich=
1154 933 2185 974 Ungarn und Amerika Hand in Hand; und die Mission einiger un¬
1155 969 2185 1008 serer erfahrenen Landsleute, welche ich heute Abend hier erblicke,
1154 1001 2185 1043 ist es, unserer jungen Republik bei der Vollendung ihres ersten
1155 1035 2185 1076 Jahrhunderts in dem Versuche der Wettbewerbung bei dem Feste der
1154 1069 2186 1110 Industrie beizustehen, diesem erhabenen Triumphe, verwirklicht von
1155 1103 2185 1145 dem Kaiser, dessen Vorfahren sechs Jahrhunderte hindurch den Thron
1155 1142 2184 1180 dieses alten Reiches eingenommen und auf dessen Einladung die
1154 1175 2183 1215 Nationen der Welt ihren edelsten Tribut an die Cultur des Zeit¬
1154 1209 1677 1245 alters nach Wien entrichtet haben.
1241 1244 2184 1283 Eines der hervorstechendsten Merkmale der Ausstellung, wel¬
1153 1277 2184 1322 ches, wie die „Neue Freie Presse“ dies ausgesprochen, das schönste
1153 1309 2182 1352 und bleibendste' derselben zu werden verspricht, wird der internatio¬
1152 1348 2183 1387 nale Patentschutz=Congreß sein, der theilweise einer Anregung des
1150 1381 2184 1420 Präsidenten zu verdanken ist. Zu diesem Congreß hat unsere Re¬
1152 1413 2183 1455 gierung einen der erfahrensten Herren unseres Privilegien=Amtes
1152 1450 2184 1489 abgeordnet. Wenn unsere erfindungsreichen Landsleute und deren
1152 1485 2184 1524 Mitarbeiter in England und auf dem Continent zu einer glücklichen
1152 1519 2184 1558 Uebereinstimmung über die einzuschlagende Politik gelangen können,
1153 1552 2183 1592 so ist ihnen hier eine seltene Gelegenheit zu ihrem gemeinsamen
1152 1587 1424 1624 Vortheile geboten.
1238 1622 2183 1661 In Einer Hinsicht mag Amerika weniger denn irgend ein
1153 1656 2182 1695 anderes Land an der Aufstellung eines internationalen Patent¬
1153 1687 2183 1729 systems interessirt erscheinen; denn die Verweigerung von Patent¬
1152 1721 2182 1764 schutz in was immer für einem Lande hat zumeist die Wirkung, daß
1151 1761 2183 1798 die erfinderischen Geister sich unseren Ufern zuwenden, wie unsere
1149 1794 2182 1833 Patentamts=Register zeigen. Wenn aber ein allgemein giltiges System
1151 1829 2183 1868 auf dem bevorstehenden Congresse aufgestellt werden kann, wonach
1151 1861 2182 1901 ein in Washington, in London, Paris, Berlin oder Wien verliehe¬
1150 1897 2182 1936 nes Patent durch ganz Europa und Amerika hindurch respectirt
1149 1931 2183 1970 werden würde, selbst wenn es geeignet sein sollte, den großen, mit
1153 1965 2183 2004 den Elementen des Rational=Reichthums befrachteten Geistesstrom,
1150 2000 2184 2038 der jetzt seinen Weg westlich über den atlantischen Ocean nimmt,
1151 2033 2182 2073 aufzuhalten, wird es nicht ein neues Band schaffen zwischen den
1150 2068 2183 2106 Nationen und neue Stärke verleihen der internationalen Freundschaft?
1228 2108 2182 2153 In Beantwortung eines Toastes auf die Presse legte
1151 2147 2181 2193 Colonel Knox dagegen Verwahrung ein, nach den Ausschreitun¬
1152 2186 2181 2230 gen einzelner amerikanischer Blätter, welche nicht als echte Ver¬
1151 2225 2182 2269 treter der Presse gelten könnten, den Ton und die Gesinnung der
1150 2264 1967 2307 amerikanischen Presse zu beurtheilen, und fuhr fort:
1235 2311 2181 2351 Ich möchte behaupten, daß die Presse ein wirksames, ja das
1151 2348 2179 2385 wirksamste Mittel ist, die Völker des Erdballes mit einander be¬
1150 2381 2178 2419 kannt zu machen und sie zur Einheit der Gedanken und Zwecke zu
1149 2411 2178 2455 bringen. Vor hundert Jahren gab es noch wenige Zeitungen; es
1149 2449 2180 2487 gab keinen Telegraphen, keine Eisenbahnen, keine Mittel für raschen
1149 2482 2179 2520 Verkehr. Von einem großen Ereigniß sprach man nur in einem Um¬
1149 2513 2179 2553 kreise von fünfzig oder hundert Meilen, am nächsten Tage in einem
1151 2547 2182 2587 weiteren Kreise von fünfzig oder hundert Meilen, und so Tag um
1152 2579 2181 2622 Tag fort in Kreisen, die häufig in dem Grade, als sie an Umfang
1152 2614 2181 2655 gewannen, unkenntlicher wurden. Wie aber finden wir es jetzt?
1151 2651 2180 2691 Mit Hilfe des Blitze versendenden Telegraphen und der Blitze ver¬
1151 2685 2179 2726 sendenden Presse wird ein großes Ereigniß, das sich heute
1152 2723 2178 2760 begibt, von einem Ende der Erde zum anderen verkündet, und
1151 2757 2179 2795 die Bewohner von Wien und Newyork, St. Petersburg und
1151 2791 2179 2831 San Francisco, London und Melbourne, Montreal, Shanghai und
1150 2826 2180 2864 Yokohama lesen in dem gleichen Augenblicke die Depesche, welche
1151 2855 2179 2898 das Ereigniß meldet, und besprechen in dem nämlichen Momente
1152 2894 2181 2933 seine Rückwirkungen auf Handel und Civilisation in der ganzen
1150 2927 2183 2967 Welt. Ohne Selbstüberhebung kann die Presse einen wichtigen Platz
1151 2960 2181 3007 unter den Förderungsmitteln beanspruchen, welche zur Brüderlich¬
1151 2993 2179 3035 keit der Völker hinleiten, und ihre Freunde müssen insgesammt er¬
1152 3027 2182 3070 freut sein über die hervorragende Stelle, welche der Druckerpresse
1151 3062 2181 3104 in der Ausstellung der industriellen Fortschritte der Welt, welche zu
1152 3097 2180 3138 beschauen so Viele von uns hiehergekommen sind, zu Theil gewor¬
1154 3129 2181 3173 den ist. In der That, die Freunde und Verehrer der Presse heißen
1153 3166 2182 3207 die Weltausstellung als ein grobes Mittel willkommen, Harmo¬
1153 3201 2181 3242 nie und Freundschaft unter den Völkern zu fördern; wie
2234 111 3261 151 in jedem folgenden Jahre die Presse größer und mächtiger denn
2235 146 3262 188 zuvor wird, so hat jede spätere Ausstellung der Welt=Industrie ihre
2234 178 3260 220 Vorgänger übertroffen. Nationen, die früher sich abseits hielten,
2234 216 3259 255 kommen nun hervor und fordern einen Platz, und wir dürfen ver¬
2234 250 3259 289 trauensvoll uns der Erwartung hingeben, daß, ehe noch das gegen¬
2235 284 3260 324 wärtige Jahrhundert zur Neige geht, Wien eine zweite Ausstellung
2234 318 3260 358 veranstalten wird, gegen welche die jetzige als eine zwerghafte er¬
2235 348 3260 391 scheinen und in Unbedeutendheit versinken wird. Wir haben heute
2233 386 3260 426 die größte industrielle Entfaltung vor uns, welche die Welt je ge¬
2234 420 3260 461 sehen; welches Schauspiel wird sich uns in fünfundzwanzig Jahren
2234 452 3261 494 von heute ab darbieten? Noch vor wenigen Jahren waren China
2233 486 3260 529 und Japan der Außenwelt beinahe, unbekannte Länder; heute
2233 523 3260 564 ragen sie unter den Nationen hervor. In fünfundzwanzig Jahren
2234 557 3259 597 von heute an werden die Vertreter der bis nun der Welt verschlos¬
2232 592 3260 631 senen Länder von Central=Asien kommen; vom Stillen Ocean wer¬
2232 626 3259 666 den die Tribut=Ueberbringer mit den Erzeugnissen jener herrlichen
2231 661 3258 701 Inseln der See erscheinen; der eisige und unwirthliche Norden,
2231 695 3257 735 wenngleich kalt dem Klima nach, wird es nicht länger dem Blute
2231 729 3257 769 nach sein, und auch das Land, aus welchem das Unternehmen einer
2233 760 3257 804 amerikanischen Zeitung Kunde gebracht hat von den Mühen und
2232 797 3256 840 Erforschungen jenes heldenmüthigen Missionärs David Livingstone,
2234 831 3258 872 auch Afrika wird mit seinem Elfenbein, seinem Gold und seinen
2234 866 3259 906 Specereien erscheinen, und Aethiopien, aus barbarischer Finsterniß
2232 900 3259 941 zum Lichte der Civilisation emporgetaucht — Aethiopien wird seine
2230 937 2656 973 Hände zu Gott emporheben.
2306 976 3258 1020 In dem vorletzten Toaste auf das „Vaterland in Amerika“,
2232 1014 3258 1060 wobei zu bemerken, daß unter dem Ausdruck „Fatherland“ in
2230 1053 3259 1099 England wie in Amerika das deutsche Vaterland verstanden zu
2230 1093 3257 1138 werden pflegt, sagte Mr. Lewis Seasongood (von der ame¬
2229 1132 2822 1172 rikanischen Ausstellungs=Commission):
2308 1169 3255 1213 „Mögen freiere Ideen und politische Stimmungen in Ame¬
2229 1208 3255 1251 rika die schönen Sitten des deutschen Vaterlandes und dessen Ge¬
2229 1246 3256 1292 müthlichkeit nie verschwinden machen Möge der Deutsche unter
2230 1285 3258 1329 allen Verhältnissen und in allen Theilen der Welt immer das
2229 1323 3258 1369 Muster des wahren Fortschrittes bleiben und in seinem Adoptiv=
2229 1361 3259 1405 Vaterlande dem alten Vaterlande nur Achtung und Ehre be¬
2229 1403 2339 1434 reiten.“
2470 1483 3020 1542 Aus dem Gerichtssaale.
2314 1558 3257 1600 Wien, 5. Juli. [Orig.=Ber.] (Betrugsproceß gegen
2230 1590 3256 1632 den Central=Bauverein. — Fortsetzung.) Zu Beginn des heu¬
2229 1624 3256 1669 tigen Verhandlungtages, welcher der Fortsetzung des Zeugenver¬
2230 1661 3255 1701 höres gewidmet war, bat Dr. Mandl für seinen Clienten Alois
2228 1696 3256 1736 Weiner um die Erlaubniß, jenem Theile der Verhandlungen, der
2231 1730 3255 1771 nicht auf ihn Bezug hat, fern zu bleiben. Der Gerichtshof wird
2231 1763 3258 1805 über diesen Antrag, gegen welchen sich Staatsanwalt Graf Lame¬
2230 1801 2812 1837 zan aussprach, später schlüssig werden.
2313 1831 3257 1874 Heinrich Zuckert, Schwager des Joachim Weintraub, der
2229 1864 3257 1907 für gestern als Zeuge vorgeladen war und erst für heute durch einen
2229 1901 3255 1941 Detective gestellt werden mußte, wird zunächst über den Aufent¬
2232 1936 3256 1974 halt seines Schwagers Weintraub vernommen. Er erklärt, von
2230 1969 3258 2009 demselben seit sechs Monaten nichts gehört zu haben. Eine Note
2228 2003 3258 2042 der Polizei theilt mit, daß Weintraub vor etwa vierzehn Tagen
2231 2036 3150 2075 aus seiner bisherigen Wohnung nach Rußland abgereist sei.
2295 2067 3260 2110 Zuckert's Mitwirkung bei den von Weintraub für den Central=
2226 2105 3259 2143 Bauverein abgeschlossenen Geschäften, über welche er einvernommen
2226 2138 3260 2178 wird, bestand darin, daß er von Weintraub bei jenen Geschäften,
2227 2170 3260 2213 in welchen dieser selbst wegen seiner Stellung als Bevollmächtigter
2226 2209 3258 2247 des Vereines nickt eine Provision von der Gegenpartei begehren
2226 2240 3259 2282 konnte, vorgeschoben wurde. Sein Vortheil bei diesem Geschäfte be¬
2225 2276 3260 2319 stand in 5500 fl. in Antheilscheinen, wovon er 30 Stück zu 46 fl.,
2224 2313 3055 2351 40 Stück zu 25 fl. verkaufte und den Rest noch besitzt.
2310 2346 3257 2387 Präs.: Weintraub soll noch während der Unterhandlungen
2227 2378 3256 2421 um einen Hauskauf von Grünsfeld in Hernals eine Provision in
2225 2412 3255 2454 Antheilscheinen erhalten haben, welche Scheine er nicht zurückstellte,
2225 2446 3250 2488 nachdem der Kauf nicht perfect wurde. — Zuckert: Das ist richtig
2311 2483 3255 2519 Präs.: Was war die Ursache des Verkaufs der Dornbache###
2227 2514 3256 2553 Gründe Weintraub's an den Verein? — Zuckert: Sie wurden
2226 2547 3260 2587 ihm vom Verein abgekauft als Entschädigung für den Entgang der
2226 2578 3121 2619 Starhemberg'schen Häuser, die ihm früher zugesagt waren.
2311 2615 2790 2653 Zeuge wird unbeeidet entlassen.
2311 2647 3258 2691 Zeuge Katzmayer trat im September 1872 in den Ver¬
2226 2682 3257 2726 waltungsrath ein, doch erlaubten ihm seine anderweitigen Beschäf¬
2226 2718 3258 2763 tigungen nicht, irgend welchen Antheil an den Geschäften des
2226 2755 3258 2797 Vereines zu nehmen und irgend einen genaueren Einblick in den
2226 2789 3257 2831 Stand des Unternehmens zu gewinnen. In der General=Ver¬
2225 2825 3256 2870 sammlung vom 6. October wurde er zu seinem Schrecken aus den
2226 2858 3255 2898 von Dr. Schweinburg erhobenen Angriffen inne, in welche Gesell¬
2226 2888 3257 2932 schaft### er gerathen sei, und legte sofort am nächsten Tage seine Stelle
2227 2920 3258 2962 nieder. Zur „Prüfung“ der Bilanz am 20. September war er
2227 2956 3259 2998 einige Tage früher aufgefordert worden, und hatte seinen Dispo¬
2226 2992 3255 3032 nenten mit dieser Aufgabe betraut, dem man eben nur die Bilanz
2227 3026 3256 3068 vorwies und die Uebereinstimmung der einzelnen Posten mit den
2228 3062 2752 3100 in den Büchern enthaltenen zeigte.
2313 3097 3257 3136 Später, am 24 October, als man einen fünften Verwaltungs¬
2227 3130 3257 3173 rath zum Abschluß des Brigittenauer Verkaufes benöthigte, wurde
2227 3164 3258 3206 Katzmayer von Vasquez aufgesucht und gebeten, nochmals, wenn
2228 3198 3257 3241 auch nur für kurze Zeit, in den Verwaltungsrath einzutreten.
149 3279 1103 3330 [Selbstmorde.] Der 44 Jahre alte Paul Holzmann,
67 3317 1106 3368 Kupferdrucker in der Nationalbank, hat sich heute Morgens in
69 3357 1105 3405 seiner Wohnung, Josephstadt, Stolzenthalergasse Nr. 8, erschossen.
70 3396 1105 3443 Ein schweres körperliches Leiden war das Motiv der That. —
68 3429 1104 3481 Aus Brody wird uns unterm 3. Juli berichtet: Isaak Pa¬
68 3472 1105 3520 pernik, einer der geachtetsten Bürger Brodys, ließ sich von
67 3511 1107 3562 seinem Sohne und Schwiegersohne — Ersterer war Arrangeur
69 3550 1106 3601 an der Wiener Börse — verleiten, an der Börse zu specu¬
71 3588 1107 3637 liren. Durch den plötzlich hereingebrochenen „Krach“ verlor er
70 3627 1106 3675 picht nur sein eigenes Geld, sondern auch viele fremde bei ihm
68 3665 1107 3716 deponirte Gelder und blieb schließlich noch gegen vierzigtausend
71 3704 1107 3753 Gulden schuldig. Von den Gläubigern gedrängt, das drohende
71 3738 1107 3791 Gespenst des Gerichtes wegen des Angreifens deponirter Gelder
72 3781 1105 3830 vor sich erblickend, blieb ihm nichts Anderes übrig, als sich den
70 3819 1105 3869 Tod zu geben. Heute Früh gegen 4 Uhr schrieb er an seine Fa¬
70 3858 1108 3908 milie einige Briese, in denen er sie um Verzeihung bat, daß er
69 3896 1105 3947 ihr so vielen Schmerz bereite, bedauerte, daß er die Hochzeit sei¬
69 3935 1107 3984 nes Sohnes, die demnächst stattfinden sollte, nicht erleben könne,
69 3974 1107 4023 nahm Abschied von seinen Verwandten und bezeichnete den Ort,
69 4013 1106 4061 wo er sich den Tod zu geben beabsichtigte. Der Brief war von
69 4047 1104 4101 Thränen, die er beim Schreiben vergossen hatte, ganz durchnäßt.
70 4090 1106 4139 Hierauf ging Papernik zum Brunnen, der in seinem Hofe sich
69 4129 1104 4181 befand, entledigte sich seiner Oberkleider, setzte sich in den Wasser-
72 4168 1106 4215 schöpfer und ließ sich in den Brunnen hinunter, wobei er durch
71 4207 1106 4253 Befestigung des Eimers Sorge trug, daß man ihn im Falle der
73 4245 1105 4292 Entdeckung nicht so leicht hinaufziehen könne. Es scheint, daß die
68 4282 1105 4330 Familie etwas von dem Vorhaben geahnt hatte, denn als sie Mor¬
68 4323 1105 4369 gens die Abwesenheit des Familien=Oberhauptes wahrnahm, schlu¬
69 4361 1106 4409 gen die Leute Lärm und begannen ihn zu suchen, jedoch verge¬
68 4399 1105 4449 bens. Erst als man Papernik's Briefe las, eilte man zum Brun¬
71 4440 741 4485 nen und zog ihn als Leiche aus der Tiefe.
150 4496 1105 4544 [Egyptische Augenkrankheit.] Die in der k. k.
69 4533 1106 4585 Waisenanstalt zu Judena### wegen des Vorkommens der egyptischen
67 4572 1106 4621 Augenkrankheit, wie seinerzeit gemeldet wurde, getroffenen Maß¬
70 4612 1106 4662 regeln, als Absonderung der Erkrankten, Einführung von
68 4650 1107 4699 Parallelelassen, bessere Versorgung mit frischem Wasser u. s. w.,
69 4688 1107 4735 haben bereits zu einer Besserung geführt, indem nach der am
70 4727 1106 4775 29. Juni d. J. von dem Primarius des Rudolphs=Spitals,
68 4766 1107 4814 Dr. Koller, dort vorgenommenen Untersuchung die Zahl der in
70 4805 1106 4852 höherem und minderem Grade leidenden Kinder, namentlich in
70 4844 1107 4893 Folge der abgesonderten Unterbringung eines Theiles der Kinder
72 4878 1108 4928 in dem neu erbauten Gebäudetheile, von 93 auf 68 gesunken ist
71 4921 1108 4969 und somit die Erwartung, daß der erwähnten Augenkrankheit
68 4958 888 5006 endlich Einhalt gethan werde, gerechtfertigt erscheint
1229 3287 2182 3333 [Ein Intermezzo bei der Fahrt des Kron¬
1151 3324 2182 3371 prinzen.] Man schreibt uns aus Prevali, am 3. Juli:
1151 3364 2183 3409 Heute passirte der Kronprinz auf seiner Durchreise nach Klagen¬
1152 3397 2183 3453 furt die Station Prevali, wo der Hofzug einige Minuten Aufent¬
1152 3441 2183 3487 halt hatte. Obgleich der hiesige Gemeinde=Ausschuß beabsichtigt hatte,
1152 3482 2182 3524 in corpore auf dem Perron zu erscheinen, so mußte er es unter¬
1151 3518 2182 3564 lassen, weil jeder officielle Empfang untersagt war, wie dem Bür¬
1152 3557 2183 3603 germeister von der Bezirkshauptmannschaft auf seine persönliche
1151 3596 2181 3643 Anfrage hin mitgetheilt wurde, wobei Ersterem noch aufgetragen
1152 3635 2183 3681 wurde, die hiesige Bahnverwaltung zu benachrichtigen, daß der
1152 3673 2184 3719 Perron Privaten sowol als Corporationen verschlossen bleiben
1153 3712 2183 3758 solle. Der Bürgermeister begab sich selbst auf den Bahnhof, um
1153 3751 2183 3797 bei der Hand zu sein, falls während des Aufenthaltes irgend ein
1152 3791 2183 3836 Wunsch geäußert werden sollte. Zu seinem nicht geringen Erstaunen
1151 3823 2184 3873 sah er jedoch, daß die Geistlichkeit von Prevali und Umgebung in
1153 3868 2184 3912 corpore erschien und Einlaßkarten auf den Perron vom Stations=
1153 3906 2183 3950 Chef erhielt. Auf das hin stellte der Bürgermeister den Letzteren
1152 3944 2186 3989 zur Rede, der jedoch die Aufträge der politischen Behörde zu igno¬
1152 3983 2182 4028 riren sich berechtigt glaubte, indem er behauptete, als Stations=
1151 4021 2185 4067 Chef allein Herr im Hause zu sein. Als nun die Geistlichkeit
1152 4055 2184 4105 sich auf den Perron verfügte, ging auch der Bürgermeister auf
1151 4098 2184 4143 denselben, wurde aber von dem Stations=Chef abgewiesen, und
1149 4133 2185 4184 zwar in ganz feierlicher Weise, indem Letzterer vor zwei beigezo¬
1151 4176 2184 4225 genen Zeugen den betreffenden Paragraph der Dienstordnung vor¬
1151 4214 2184 4260 las und den Bürgermeister aufforderte, sich zu entfernen, welchem
1150 4252 2185 4298 Ansinnen derselbe auch sofort Folge leistete. Dies zur Aufklärung,
1150 4291 2184 4332 warum in der liberalen Industrie=Gemeinde Prevali mit circa
1152 4330 2185 4372 6000 Einwohnern und einem Gemeinde=Ausschusse von 18 Mit¬
1150 4369 2185 4415 gliedern blos die Geistlichkeit zum Empfange des Kronprinzen
1150 4408 2185 4456 auf dem Bahnhofe anwesend war. Es entsteht nun vor Allem die
1150 4445 2185 4491 Frage, von wem hatte der Stations=Chef den Auftrag, die Geist¬
1152 4485 1935 4530 lichkeit und nur diese zum Empfange zuzulassen?
1229 4542 2185 4587 [Das Erdbeben vom 29. Juni.] Das Erdbeben
1151 4582 2185 4626 vom letzten Sonntag ist allen Berichten nach am heftigsten und
1151 4620 2186 4665 verheerendsten in der Umgebung von Belluno ausgetreten. Die
1151 4658 2186 4707 Erderschütterungen dauerten in jener Gegend auch noch am 30.
1151 4696 2187 4741 Juni und 1. Juli in schwächerer Weise fort. Bei Alpago war
1151 4736 2188 4780 am 1. der Boden in fortwährender Bewegung. Die Brunnen
1150 4774 2188 4818 von Belluno zeigten auffallende Erscheinungen; ihr Wasser ver¬
1152 4812 2187 4862 siegte mehrere Stunden lang und brach dann wieder ungleich¬
1151 4850 2191 4894 mäßig hervor. Dasselbe wird auch aus anderen Orten berichtet,
1150 4889 2188 4932 z. B. aus Lavine di Chies. Der Schaden an Gebäuden, be¬
1151 4928 2188 4973 richtet der Syndicus von Belluno, stellt sich immer größer heraus
1152 4966 2188 5011 und übersteigt alle Mittel der Abhilfe. Es sind inzwischen
2227 3282 3258 3332 Pionniere und Geniesoldaten nach Belluno beordert worden. Unter
2228 3321 3258 3371 den unbewohnbar gewordenen Gebäuden steht die Präfectur obenan.
2228 3358 3258 3410 Das ganze Amt hat ausziehen müssen; das Lyceal=Gymnasium
2230 3398 3259 3449 ist noch zum Theil bewohnbar, die Normalschule aber in ge¬
2229 3437 3259 3488 fahrdrohendem Zustand. Mit sehr vielen Privathäusern verhält
2228 3476 3257 3523 es sich ebenso. Die Bevölkerung campirt größtentheils im
2227 3515 3257 3564 Freien. Erschlagen wurden in Folge des Erdbebens in Belluno
2228 3553 3260 3602 selber nur vier Personen, außerdem mehrere verwundet; um so
2228 3593 3260 3642 ärger ist der Verlust an Menschenleben in Dörfern, und zwar
2228 3629 3258 3681 zumeist in Folge des Einsturzes von Kirchen, denn die Kirche
2228 3670 3257 3718 von S. Pietro di Feletto ist nicht die einzige, welche eingestürzt
2229 3707 3257 3758 ist. In Cusighe stürzte die Kuppel des Kirchthurmes ein, erschlug
2228 3744 3257 3794 eine Person und verwundete mehrere; in Rogarè fiel die Kuppel
2228 3785 3257 3833 des Thurmes auf die Kirche und zerstörte sie theilweise; in Cor¬
2227 3821 3257 3871 dignano stürzte die halbe Kirche ein, doch war zum Glück gerade
2229 3859 3259 3910 Niemand in derselben anwesend. In Capella, wo eine Seite der
2229 3897 3259 3949 Kirche einstürzte, ist wieder ein Verwundeter gestorben, in San
2229 3936 3261 3989 Pietro di Feletto zwei, in Samese ebenfalls zwei. Die Zahl der
2228 3974 3259 4028 Verwundeten betrug dort 41, darunter zwei Drittel schwer ver¬
2229 4012 3259 4064 letzt, zumeist durch den Einsturz des Giebels der Kirche. Die
2229 4052 3259 4104 Gemeinde Pieve di Alzago ist großentheils zerstört; am 30. be¬
2229 4091 3258 4143 grub man daselbst 11 erschlagene Personen, viele Verwundete
2228 4130 3259 4182 waren in Zelten untergebracht. In Puos d'Alpago zählte man
2232 4169 3262 4215 10 Todte und viele Verwundete; auch diese Ortschaft ist fast
2229 4217 2441 4259 ganz zerstört.
2306 4260 3262 4311 [Defraudation bei der Ungarischen Nord¬
2230 4297 3258 4353 ostbahn.] Pester Blätter bringen die von der General=Direction
2230 4333 3261 4387 der Ungarischen Nordostbahn herrührende gleichlautende Mit¬
2232 4376 3263 4427 theilung, der Hauptcassier der Gesellschaft habe mit Hinterlassung
2230 4415 3263 4462 eines Kassendeficits von 25,000 fl. das Weite gesucht. Wie uns
2232 4458 3260 4504 aus Pest berichtet wird, soll außerdem ein bedeutender Abgang
2232 4492 3262 4546 an Depotpapieren, welche in der Hauptkasse der Gesellschaft ver¬
2232 4530 3263 4582 wahrt wurden, constatirt worden sein. Der hiedurch verursachte
2231 4566 3261 4622 Schaden dürfte sich auf weit mehr als das Doppelte der oben
2230 4612 2701 4658 angegebenen Summe belaufen.
2309 4662 3259 4714 [Frau Lucca.] Englischen Blättern wird aus Newyork
2233 4698 3259 4754 geschrieben: Der Ehescheidungs=Proceß der Künstlerin Pauline
2230 4738 3260 4791 Lucca ist in der Supreme Court von Richter Fancher gu Ende
2231 4777 3260 4831 geführt worden, und hat der Richter, nachdem genügende Beweis¬
2232 4816 3259 4870 gründe aus Berlin für eine Scheidung herbeigeschafft worden
2232 4854 3261 4908 waren, die Scheidung der genannten Dame von ihrem Gemal,
2232 4892 3265 4948 dem Baron v. Nahden, decretirt. Frau Lucca hält sich gegen###
2232 4941 2608 4987 wärtig in Kingston auf.
