3168 4834
303 104 686 159 Seite 18. Nr. 148.
1376 118 1908 161 Innsbrucker Nachrichten
2450 124 2979 173 Samstag den l. Juli 1911.
260 199 1160 247 den Eheleuten Alois und Maria Lamprecht gehörigen
257 234 1157 281 Liegenſchaften ſtatt. Dieſe ſind auf 20.000 Kronen
257 269 1154 315 bewertet. Das geringſte Gebot beträgt 10.020 Kronen.
496 305 915 348 Nr. 140 vom 21. Juni.
2153 408 2651 465 Klösterle
2693 292 2948 343 Natürlicher
2646 347 2982 397 Sauerbrunn
2656 412 2981 463 Lithion-Quelle.
294 343 1156 386 (Stellen ⸗ Ausſchreibung.) Bei der Evidenz⸗
257 379 1156 422 haltung des Grundſteuerkataſters in Tirol und Vor⸗
392 415 1154 456 arlberg mit dem Standorte in Lienz event. in einem
400 451 1157 493 anderen Standorte dieſes Verwaltungsgebietes iſt die
286 486 1156 529 Stelle eines Evidenzhaltungsgeometers zweiter Klaſſe
257 522 439 558 zu beſetzen.
495 560 912 598 Nr. 141 vom 22. Juni.
291 601 1156 644 (Lehrſtellen ⸗ Ausſchreibungen.) An den
255 634 1154 680 öffentlichen Volksſchulen des Bezirkes Bregenz gelangen
256 673 1154 715 mit Beginn des Winterhalbjahres 1911/12 18 Stellen
256 708 1154 750 für Schulleiter, 6 für Lehrer und 11 für Lehrerinnen
254 743 882 784 zur Beſetzung. Geſuche bis 23. Juli.
2231 749 2474 800 NIEDERLAGEN:
2280 784 2427 835 • WIEN •
2237 817 2468 867 • BUDAPEST •
2266 846 2437 896 • TRIEST •
2265 874 2440 926 • PARIS •
2241 907 2465 958 CHRISTIANIA
2260 940 2450 991 • TORONTO •
2484 751 2661 802 FABRINEN:
2493 784 2642 834 • PRAG •
2482 818 2658 870 WINTERBERG
2483 849 2649 900 • KLATTAU •
2481 878 2596 929 NEUERN
2218 794 2971 1241 LÖWENMARKE
2424 918 2849 1181 IN ALLEN CULTURSTAATEN REGISTRIERT.
2556 1131 2895 1186 FÜR HERRENWÄSCHE.
2474 1174 2973 1229 • M • JOSS & LÖWENSTEIN •
2439 1202 2935 1257 K·U·K·HOFLIEFERANTEN·PRAG •
290 777 1150 824 (Im Konkurſe) über das Nachlaßvermögen nach
254 806 1153 856 Franziska Wtw. Guis geb. Gſchnell in Kaltern hat
254 850 1152 892 Nachträglich Bartl Datz, Holzhändler in Mitterdorf⸗
253 883 1153 927 Kaltern eine Anmeldung wegen einer Forderung von
254 920 1151 963 100 Kronen überreicht. Zur Liquidierung wird auf
250 952 1150 1033 den 30. Juni beim Bezirksgerichte Kaltern Termin
252 978 401 1028 beſtimmt.
489 1029 909 1067 Nr. 142 vom 23. Juni.
287 1071 1140 1113 (Tagſatzung.) Im Konkurſe des Gaſtwirtes W.
250 1107 1140 1149 Beck in Innsbruck wurde auf 30. Juni beim Landes⸗
250 1140 986 1183 gerichte Innsbruck Tagſatzung anberaumt.
285 1176 1145 1220 (Stellenausſchreibung.) Am Staatsgymna⸗
273 1213 1147 1255 ſium in Innsbruck iſt mit Beginn des Schuljahres
273 1245 1147 1292 1911/12 die Direktorſtelle zu beſetzen. Geſuche bis
324 1280 1148 1327 15. Juli. — Am Staatsgymnaſium (italieniſche Ab⸗
262 1321 1147 1363 teilung in Trient iſt mit Beginn des Schuljahres
271 1350 1145 1398 1911/12 eine definitive Lehrſtelle für Latein und
332 1388 1145 1436 Griechiſch als Hauptfächer zu beſetzen. Geſuche bis
288 1426 1145 1470 15. Juli. — Bei der Statthalterei für Tirol und
247 1459 1147 1504 Vorarlberg ſowie an der Lehrerbildungsanſtalt in
247 1498 1143 1540 Innsbruck kommt je eine Dienerſtelle zur Beſetzung.
247 1528 1145 1576 Geſuche bis 31. bezw. 20. Juli. — Die Poſtmeiſter⸗
246 1567 1145 1611 ſtelle in Ellmau iſt frei. Bewerbungstermin zwei
245 1603 371 1644 Wochen.
281 1638 1142 1682 (Kuratel) wurde verhängt über: Leopold Wild
246 1674 1127 1718 in Telfs wegen Blödſinns, über Joſef Pichler, Tag⸗
245 1710 1142 1759 löhner in Karneid, Andrä Koch, Beſitzer in Ainet,
289 1747 1145 1788 Theres Pescoſta, Dienſtmagd in Corvara, wegen
340 1772 1065 1831 ſinns, über Joſef Blaas, Schuhmacher
343 1812 1142 1859 Burgets, und Veronika Witwe Sojer in Hopfgarten
331 1851 608 1891 wegen Verſchwendung.
308 1884 1141 1934 (Aufgehobene Kuratel.) Die über Gertraud
390 1924 1139 1967 Senfter in Innervillgraten wegen .gerichtlich erhobe⸗
240 1954 1141 2110 nen Wahnsinns und über Gottfried Gürtler von Ratz
351 1992 1138 2044 wegen Blödſinns Verhängte Kuratel wurde aufgehoben.
347 2030 1141 2073 (Verſteigerung.) Am 10. Juli findet beim
340 2066 1129 2112 Bezirksgerichte Kitzbühel die Verſteigerung des Wohn⸗
299 2101 1138 2145 hauses Nr. 49 in Kitzbühel ⸗ Stadt, ferner eines
561 2140 1139 2180 Schlachthauſes mit Wieſe und Garten, ſowie Zubehör,
575 2176 1123 2215 beſtehend aus Einrichtung der Ausſchrottung, Aus⸗
234 2194 1140 2252 kocherei und Maſchinen ſtatt. Die Liegenſchaften ſind
232 2230 1141 2288 auf 60.100 Kronen, das Zubehör auf 10.076 Kronen
232 2265 1138 2323 bewertet. Das geringſte Gebot beträgt 30.550 Kronen.
480 2340 893 2378 Nr. 143 vom 24. Juni.
282 2382 1137 2427 (Skarten⸗ und Holz⸗Verſteigerung.) Bei
236 2417 1136 2462 der Tabakfabrik in Sacco befinden ſich verſchiedene
333 2455 1135 2497 Quantitäten und Qualitäten an Skarten und ge⸗
338 2490 1135 2533 brauchten Utenſilien, über welche die öffentliche Ver⸗
454 2524 1133 2569 äußerung ausgeſchrieben wird. Offerte bis 4. Juli.
459 2561 1134 2604 Die Fällung, Aufarbeitung und Lieferung der im
476 2600 1136 2639 Jahre 1911 zur Nutzung beantragten Holzmengen
471 2634 1133 2675 in den Staatsforſten Spitzwald, Nederamtswald wird
467 2669 1133 2714 Montag den 3. Juli, 10 Uhr vormittags, im Amts⸗
475 2704 1134 2745 lokale der k. k. Forſt⸗ und Domänen ⸗ Direktion in
380 2738 764 2779 Innsbruck öffentlich verſteigert.
2196 2541 2877 2617 CERESIT
2305 2625 2889 2680 macht nasse Keller feuchte
2197 2667 2919 2726 Wohnungen garantiert staubtrocken
2118 2703 2954 2765 I REFERENZEN ÖSTERR. WIEN PROSPEKTE GRATIS
2125 2779 2957 2834 Oesterr. Ceresit-Gesellschaft m.b.H. Wien, XVIII/1
2125 2809 2945 2869 Martins-Strasse 71 Telefon 22288
313 2775 1133 2820 (Konkurrenz ⸗ Ausſchreibung.) Die Lotto⸗
310 2809 1132 2853 kollektur in Hohenems, in welcher für die Ziehungen
310 2845 1131 2893 in Tirol (Innsbruck, Bozen, Trient), für die Zieh⸗
310 2878 1130 2923 ungen in Wien und Linz Spiele geſammelt werden,
231 2904 1129 2962 kommt im Wege der öffentlichen Konkurrenz zur Be⸗
228 2938 763 2993 ſetzung. Offerte bis 15. Juli.
267 2984 1129 3032 (Kuratel wurde verhängt über Maria Lambacher,
295 3024 953 3068 Taglöhnerin in Villnöß, wegen Wahnſinns.
294 3061 1125 3104 (Einleitung des Verſteigerungs ⸗ Ver⸗
294 3096 1125 3144 fahrens) Dasſelbe wurde bewilligt bezüglich der
481 3134 1128 3175 Liegenſchaften der Roſina Kraler in Gſchwent: An⸗
501 3165 1036 3209 ſprüche bis 11. Juli ans Bezirksgericht Sillian.
469 3201 1128 3246 (Verſteigerungen) Am 19. Juli findet an
517 3241 1125 3282 Ort und Stelle, Haus Nr. 459 in St. Johann i. T.
501 3275 1128 3353 bis Verſteigerungen von Liegenſchaften in zwei Partien
589 3310 928 3351 ſtatt u. zw. des Wohnhauſes Nr. 459 und des Wohn⸗
564 3349 1114 3389 hauſes Nr. 431. Die Liegenſchaften ſind u. zw. die
564 3385 1112 3425 erſte Partie auf 53.422 Kronen, die zweite Partie
541 3421 1125 3461 auf 9350 Kronen bewertet. Das geringſte Gebot be⸗
535 3454 1126 3496 trägt für die erſte Partie 26.782 Kronen, für die
535 3484 1127 3537 zweite Partie 4700 Kronen. — Am 29. Juli findet
535 3528 1124 3569 heim Bezirksgerichte Meran in zwei Partien die Ver⸗
535 3563 1123 3603 ſteigerung des materiellen Anteiles am Hauſe Nr. 27
534 3594 1125 3638 in Untermais, und des ideellen Achtelanteiles an
538 3634 1122 3674 der Spitalegg in Mais ſtatt. Die Liegenſchaft iſt, und
538 3668 1123 3710 ###war der Hausanteil auf 5538 Kronen und der Anteil
386 3701 1122 3745 an der Spitalegg auf 100 Kronen bewertet. Das
223 3739 1028 3781 geringſte Gebot beträgt 2769 und 66 Kronen.
462 3789 880 3827 Nr. 144 vom 26. Juni.
259 3833 1119 3883 (Aus dem Genoſſenſchafts⸗ und Fir⸗
222 3869 1118 3911 men ⸗ Regiſter.) Eingetragen wurde: Firma
224 3905 1122 3947 „Hotelbauverein Kitzbühel, Geſellſchaft mit beſchränk⸗
217 3940 1118 3983 ter Haftung in Kitzbühel“. Geſchäftsführer: Dr. A.
222 3972 1119 4019 Kofler, kaiſ. Rat und Handelskammerſekretär in Inns⸗
221 4004 1118 4060 bruck; 2. Karl Landſee, Hotelier in Innsbruck; 3. Otto
221 4044 1120 4092 Schmid, Architekt in Innsbruck; 4. Franz Reiſch, Han⸗
220 4083 1118 4126 delsmann in Kitzbühel; 5. Dr. Hans Thaler, Advokat
220 4115 1119 4162 in Kitzbühel; als Erſatzmänner: Franz Stitz, Handels⸗
275 4154 1118 4200 mann in Kitzbühel, Karl Cathrein, k. k. Notar in
551 4188 1116 4233 Innsbruck, Hugo Hofer, Kaufmann in Innsbruck.
558 4228 1118 4269 Im Spar⸗ und Darlehenskaſſenverein für die
424 4259 1116 4304 Pfarrgemeinde Patſch, reg. Gen. m. unbeſchr. Haft.,
424 4299 1117 4341 wurde Franz Reitmeir als Obmann, und Vinzenz
647 4330 1121 4377 Knoflach als Vorſtandsmitglied in den Vorſtand ge⸗
215 4354 326 4406 ###
1224 211 2088 254 (Stipendium ⸗ Ausſchreibung.) Der im
1186 247 2088 289 Jahre 1848 verſtorbene Kaplan Andreas Pöhl hat
1186 278 2087 324 in ſeinem Teſtamente ein Studien ⸗ Stipendium mit
1184 317 2088 360 einer Jahresrente von 100 Kronen 56 Heller für einen
1186 352 2086 395 Knaben aus ſeiner Verwandſchaft geſtiftet. Bewerber
1187 388 2086 430 um dieſes Stipendium, welches für das Schuljahr
1187 423 2086 466 1910/11 zur Verleihung ausgeſchrieben wird, finden
1185 457 1765 498 Näheres hierüber im Amtsblatte.
1427 516 1840 556 Nr. 145 vom 27. Juni.
1221 556 2086 600 (Konkurſe.) Das Landesgericht Innsbruck hat
1182 590 2084 635 die Eröffnung des Konkurſes über das Vermögen des
1184 624 2084 673 Karl Mayr, Manufakturwarenhandlung in Innsbruck,
1184 661 2082 706 Kiebachgaſſe 10, bewilligt. Oberlandesgerichtsrat A.
1184 698 2084 741 Tarter wurde zum Konkurskommiſſär, Dr. Johann
1183 734 2084 777 Praxmarer, Advokat in Innsbruck, zum einſtweiligen
1182 766 2083 811 Maſſeverwalter beſtellt. — Im Konkurſe über das
1184 800 2083 848 Nachlaßvermögen des verſt. Franz Spechlik, Konfek⸗
1182 840 2083 884 tionsgeſchäftsinhabers in Innsbruck, hat der Masſe⸗
1183 876 2082 918 verwalter Dr. Eduard Erler die Schlußrechnung, ſeine
1182 911 2081 953 Koſtennote, ſowie einen Entwurf zur Verteilung der
1181 946 2065 990 Maſſe überreicht. Anmeldungen bis 30. Juni; Tag⸗
1180 982 1896 1034 ſatzung 3. Juli.
1465 1047 1775 1113 Eingeſandt.
1345 1131 2042 1172 Geſchäftszahl Vr. VII 289/10/71.
1222 1182 1950 1225 Im Namen Seiner Majeſtät des Kaiſers!
1215 1221 2081 1280 Das k. k. Kreisgericht in Wels hat unter dem Vor⸗
1189 1272 1360 1336 ſitze des k. k. Landesgerichtsrates Dr. F. Kraſſel im
1216 1306 1376 1342 Beisein der k. k. Landesgerichtsräte Valentini, vs.
1178 1342 2049 1385 Schmaus, Dr. Thon als Richter und des Auskul⸗
1177 1375 2077 1421 tanten Dr. Teufel als Schriftführer über die Anklage
1175 1411 2077 1461 der. Protokoll. Firma P. Ladſtätter & Söhne
1174 1444 2074 1492 als Privatankläger vom 4, November 1910, G.⸗⸗Zl.
1177 1484 1748 1525 Vr. VII 289/10/58 gegen Johann Hintner senior,
1175 1516 2074 1562 geboren am 25. November 1847 in St. Veit in Tirol,
1174 1556 2075 1599 dahin zuſtändig, kath., verheiratet, nicht protokol⸗
1174 1588 2075 1636 lierter Huthändler in Wels, Obere Ringſtraße Nr. 3
1175 1624 2073 1672 und Nr. 7 a, unbeſcholten, wegen Vergehens nach
1174 1663 2072 1705 §§ 23 und 25 des Geſetzes vom 6. Jänner 1890, Nr.
1175 1690 2074 1740 19 R.⸗G.⸗Bl., welcher Anklage vom k. k. Oberlandes⸗
1173 1734 2073 1774 gerichte Wien mit Erkenntnis vom 22. November 1910
1174 1768 2071 1813 G.⸗Z. Nr. 289/10/68 Folge gegeben wurde, heute nach
1172 1800 2072 1847 der in Folge Verfügung vom 29. November 1910,
1173 1839 2070 1886 G.⸗Z. Vr. IX 289/10/35 in Anweſenheit des Dr.
1173 1875 2072 1917 Viktor Engländer, als Vertreter des Privatklägers,
1171 1909 2071 1958 des auf freiem Fuße befindlichen, Angeklagten Joh.
1172 1942 1718 1987 Hintner ſenior, des Verteidigers Dr. Salzmann am
1170 1980 1757 2022 9. Dezember 1910 vorgenommenen Hauptverhandlung
1169 2017 1513 2056 auf Grund des vom Ankläger geſtellten Antrages auf
1215 2054 1940 2105 Schuldſpruch und Beſtrafung des Angeklagten im
1199 2090 2070 2133 Sinne der erhobenen Privatanklage zu Recht
1171 2123 1302 2160 erkannt:
1212 2161 2069 2205 Johann Hintner iſt ſchuldig, daß er in den
1168 2197 2069 2240 Jahren 1900 bis 1910 in ſeinem Geſchäfte in Wels
1167 2233 2068 2282 Waren, nämlich Strohhüte und andere Hüte,
1167 2269 2069 2311 die mit einer Marke unbefugt bezeichnet waren, welche
1167 2298 2068 2346 die für die Firma P. Ladſtätter & Söhne ge⸗
1296 2341 1580 2378 ſetzlich geſchützte Marke, urſprüngliche Zahl 11.981,
1194 2373 2067 2417 Erneuerungszahl 40.637, mit ſo geringen Abänderun⸗
1187 2408 2065 2453 en und in ſo undeutlicher Weiſe wiedergaben, daß
1165 2442 2066 2489 der Unterſchied von dem gewöhnlichen Käufer der
1166 2482 2068 2524 betreffenden Waren nur durch Anwendung beſonderer
1167 2518 2065 2560 Aufmerkſamkeit hätte wahrgenommen werden können,
1166 2553 2064 2596 wiſſentlich in Verkehr geſetzt und feilgehalten hat,
1166 2584 2064 2631 ferner, daß er zu dieſem Zwecke wiſſentlich die ob⸗
1167 2624 2066 2666 erwähnte Markeder Firma P. Ladſtätter & Söhne
1165 2660 1469 2697 hat machen laſſen;
1207 2695 2062 2738 er hat hiedurch das Vergehen nach § 23 und 25 des
1164 2727 2063 2772 Geſetzes vom 6. Jänner 1890 Nr. 19 R.⸗G.⸗Bl. be⸗
1163 2766 2063 2809 gangen und wird gemäß § 23 dieſes Geſetzes unter
1164 2799 1669 2842 Anwendung des § 266 St.⸗G.
1206 2832 2060 2887 zu einer Geldſtrafe von 300 (dreihundert) Kro⸗
1162 2868 2061 2916 nen, im Nichteinbringungsfalle zu 30 (dreißig) Tagen
1162 2909 2061 2952 Arreſt, ſowie gemäß § 389 St.⸗P.⸗O. zum Straf⸗
1161 2941 1529 2984 koſtenerſatze verurteilt.
1203 2980 2058 3023 Gleichzeitig wird gemäß 8 27 Abſatz 2 des Geſetzes
1160 3016 2059 3059 vom 6. Jänner 1890 Nr. 19 R.-G.-Bl. der klägeriſchen
1160 3052 2060 3095 Firma die Ermächtigung erteilt, obiges Urteil ohne
1160 3084 2058 3131 Gründe in den Zeitungen: „Neue Freie Preſſe“,
1160 3123 2058 3170 „Öſterreichiſche Hutmacher ⸗ Zeitung“, „Linzer Tages⸗
1158 3154 2057 3201 poſt“, „Salzburger Volksblatt“ und „Innsbrucker
1158 3195 2058 3237 Nachrichten“ auf Koſten des Beklagten veröffentlichen
1158 3230 2019 3272 zu laſſen. 339
1198 3275 1715 3313 Wels, am 9. Dezember 1910.
1225 3329 1984 3372 Dr. Kraſſel m. p. Dr. Teufel m. p.
1307 3373 1932 3415 Vorſitzender. Schriftführer.
1200 3427 1962 3469 Stimmt mit dem Original wörtlich überein.
1199 3479 2053 3523 K. k. Kreisgericht Wels, Kanzlei ⸗ Abt. VII, am 22.
1156 3515 1424 3553 Dezember 1910.
1198 3559 2017 3603 L. S. Lutz m. p.
1160 3614 1999 3656 Vorſtehendes Urteil iſt in Rechtskraft erwachſen.
1198 3667 2051 3709 K. k. Kreisgericht Wels Abt. VII, am 21. Juni 1911.
1197 3711 1999 3755 L. S. Kraſſel m. p.
2177 232 2961 278 Hervorragendes Kur- und Tafelwasser
2148 474 2983 514 im täglichen Gebrauch der Herren Professoren
2468 523 2664 553 und Aerzte.
2152 564 2981 607 Überall zu haben. Hauptdepot für Innsbruck:
2153 601 2983 644 Alois Flora, Andreas Hoferſtraße 42; Haupt⸗
2151 631 2982 678 depot für Schwaz: Ferd. Rainer, Getreide⸗
2504 670 2979 713 Geſchäft. 535
2157 1340 2970 1438 Im Rivalitätskampf
2216 1446 2962 1491 auf dem Weltmarkt marschie-
2484 1484 2966 1524 ren unsere Originalmarken pho⸗
2486 1520 2963 1559 tographischer Kameras, deren
2178 1545 2963 1603 Ruf wohl erworben und ge⸗
2185 1581 2962 1639 festigt ist, an der Spitze, denn
2480 1627 2964 1668 jede Kamera ist das Ergebnis
2483 1662 2962 1694 subtiler Feinarbeit und bildet
2146 1697 2962 1738 durch praktische Bauart, wie durch musterhafte
2147 1732 2963 1774 Ausführung aller Einzelheiten eine Klasse für sich.
2169 1766 2943 1809 Bei Angabe des Artikels Katalog 50 kostenfrei.
2146 1822 2960 1920 Stöckig & Co., Bodenbach i. B.
2441 1923 2657 1952 Hoflieferanten.
2146 2039 2728 2104 Marienbader
2152 2110 2876 2162 Kreuzbrunnen, Ferdinandsbrunnen oder
2283 2174 2859 2217 das Brunnensalz verhindern
2152 2232 2988 2288 am erfolgreichsten die Stahlverstopfung
2193 2296 2944 2347 ohne Magen- und Darmbeschwerden.
2159 2868 2916 2913 Niederlage: Hofer & Erhart, Innsbruck,
2127 2914 2696 2947 52—8 Bozen und Meran. 880
2147 3032 2928 3147 Unleugbare Tatsache
2085 3149 2987 3192 ist es, dass selbst der beste Bohnenkaffee ohne ein gutes
2084 3184 2988 3227 Kaffeesurrogat schal und leer schmeckt. Wir empfehlen
2084 3221 2986 3264 den geehrten Hausfrauen deshalb die Verwendung des
2349 3258 2722 3295 anerkannt vorzüglichen
2107 3302 2962 3364 Kaiserkaffee - Zusatzes
2084 3373 2984 3413 von Adolf J. Titze in Linz, welcher dem Kaffee
2082 3404 2984 3449 einen feinen, aromatischen Geschmack, sowie eine pracht-
2082 3443 2869 3486 volle Farbe gibt und dabei ungemein ausgiebig, daher
2348 3476 2984 3522 billig im Gebrauch ist. 824—8•5
1268 3859 2012 3929 Auf Güte, Preis und Gewicht
1687 3932 1963 3961 Ist beim Einkaufe
1709 3972 1944 4004 und Vergleiche
1722 4009 1931 4036 von Seife zu
1709 4050 1941 4076 achten. Keine
1685 4085 1960 4115 Seife der Welt er⸗
1685 4119 1961 4153 reicht Schichtseife
1714 4165 1934 4191 in allen ihren
1720 4203 1929 4235 guten Eigen⸗
1698 4242 1944 4270 schaffen, Rein-
1683 4280 1958 4310 heit, Waschkraft,
1772 4296 1872 4348 Müde
1700 4336 1939 4388 und Billigkeit
2224 3639 2853 3787 Serravalló
2162 3840 2901 3897 China- Wein mit Eisen
2159 3888 2899 3936 Hygien. Ausstellung Wien 1906: Staatspreis
2194 3926 2845 3971 und Ehrendiplom, zur goldenen Medaille.
2160 3962 2880 4008 Hygienische Ausstellung Wien, 1906.
2354 3999 2899 4041 Höchste Auszeichnung. 223—25ſ15
2159 4044 2898 4087 Kräftigungsmittel für Schwächliche, Blutarme
2160 4078 2890 4120 und Rekonvaleszenten. — Appetitanregendes,
2195 4114 2854 4156 nervenstärkendes, blutverbesserndes Mittel.
2158 4157 2890 4201 Vorzügl. Geschmack. Ueber 7000 ärztl. Gutachten
2157 4202 2889 4244 J. Serravallo, k. u. k. Hofl., Trieste-Barcola.
2157 4246 2886 4289 Käuflich in den Apotheken in Flaschen zu ½
2191 4282 2851 4318 Liter à K 2.60 und zu 1 Liter à K 4.80.
