3346 5257
1400 129 1871 183 Neue
755 498 2568 569 Freie Presse.
1426 652 1883 703 Morgenblatt
41 68 666 123 Redaction, Administration & Druckerei:
149 89 566 146 Kolowrat-Ring, Fichtegasse Nr. 11.
81 112 639 171 Unfrau### Briefe werden nicht angenommen.
144 151 560 209 Ankündigungs-Bureau:
236 177 471 230 Stadt, Wellzelle ###.
113 203 597 258 Insertionspreis nach aufliegendem Tarif.
49 229 667 284 Inserate übernehmen i. Auslande: Havas Laffite, Bul¬
48 252 667 307 ### & Co. in Paris: Herm.Ch.Panzer ### London-Wall,
50 278 667 328 in London; li###stein & Vogler in Hamburg,
50 298 668 354 Berlin. Frankf.a.M. u. Basel: Südd.Annon¬
50 321 668 376 ###.Nur. in Stuttgart; G.L. Daube & Co. in Ham¬
53 344 668 397 burg u. Frankf.a.M.; Jäger'sche Buchh. c. Chr¬
53 367 671 419 ###mann'sche Buchh. in Frankf.a.M.: ###chüss¬
50 389 671 442 teria Hannover; Stahel's Annone.-flur. i. Würz¬
50 410 667 465 burg; Eugen Fort u. H. Engler in Leipzig; P. W.
48 433 670 487 ### in Dresden; Jenke in Breslau: A. ###ete¬
52 455 668 507 wager's Central-Annoncen-Bur. und Rudolf M### in
130 478 592 533 Berlin; E. E. Oblieght in Florenz.
155 516 564 570 Abonnement für Wien:
49 537 668 591 Im Hauptverlage, Wallzelle 20, u. bei allen Zeitungs¬
56 560 670 614 verschleissern: Ganzjähr. fl. 18, monatl. fl. 1.50. Mit
55 583 671 636 ###stellung in's Haus: Viertelj. fl. 5.40, monatl. fl. 1.80.
94 606 631 659 Einzeln: Morgenblatt 6 kr., Abendblatt 3 kr.
111 643 619 696 Abonnement für das Inland:
55 665 669 717 Mit tägl. einmal. Portversendung Ganzj. 6.34, halbj.
57 688 670 740 fl. 13, viertelj. fl. 6. Mit ###lich zweimal Postver¬
84 708 642 761 sendung Ganzj. 6 ### 14. viertelj. ###. ###.
126 796 518 857 Nr. 3184.
1220 787 2058 860 • Wien, Samstag, den 5. Juli
2735 52 3204 103 Abonnement für das Ausland:
2665 75 3280 129 Viertelj.: Für Preussen b. nächsten Postamte 4 Thlr.
2662 96 3279 151 ###Sgr.###Pf., b.uns m.direct.Kreuzbandiendg.ohne preu###
2662 118 3280 172 ###tempelzuschlag 10 fl. Oe. W.; f. Orte d., nordd.
2663 142 3282 195 Postbezirkes, exel.Preussen.d.nächsten Post¬
2664 161 3281 217 amte; 3 Thlr. 18 Sgr. (6 fl. 19 kr. 8. W.), b. uns 10 fl.; f.d.
2665 186 3283 240 Donaufürstenthünmer d. nächsten Postamte
2664 208 3284 263 ###fl. 20 kr., b. uns 10 fl.; f. Italien b. uns 10 fl. Oe. W.;
2662 230 3283 284 v. G. Edhard in Venedig, F. Münster in Verona u. E. E.
2664 253 3282 306 Oblieght i.Florenz & Fres.; b.S.Liechtl, Chef d.Zeitungs¬
2664 277 3282 331 bur. i. Born, 26 Fres.; f. Frankreich: b. uns ###.,
2664 298 3282 353 b. Postamte Köln 8 Thlr. 26 Sgr., b. Auguste Ammel,
2661 322 3283 374 Nachfolger von G. A. Alexandre in Paris u. Stressburg
2664 344 3281 397 u. b. Ch. u. A. Havas i. Paris: 30 Fres.; f. d. Schweiz###
2664 366 3282 420 b. d. Postämtern 18 Fres. 30 Cent., b. uns 10 fl.; f. Spa¬
2666 390 3284 442 nien & Portugal: b. uns 21 fl., b. Postamte Köln
2662 412 3285 463 9 Thlr. 18 Sgr., b. S. Liechtl, Chef d. Zeitungsbur. in
2666 432 3284 487 Born, 41 Fres.; f. England: b. uns 15 fl., b. Post¬
2665 454 3283 509 amte Köln 8 Thlr. 2### Sgr. 9 Pf., b. H. C. Panzer, 91. London-
2669 478 3285 531 Wall, B. C., u. A. Siegle, 110 Lendenhall-Street E. C., Lon¬
2668 528 3284 552 don: 80 Sb. 4 P., daselbst auch f. d. engl. Colonien
2668 552 3283 576 m. Zuschlag d. engl. Portos; f. Nordamerika: b.
2668 574 3284 597 uns 21 fl., b. Postamte Köln 6 Thlr. 25 Sgr., b. E. Steiger,
2669 596 3284 619 22 and 24 Frankfort Street in Newyork, 12 Doll. 1 Cent###.
2669 618 3285 644 (per German closed Mail); f. Brasilienos-
2670 641 3285 664 Ayres u. Mexico 11 Thlr. 17 Sgr. u. f. alle anderen
2670 664 3286 686 überseeischen Sianien: b. Postamte Köln 14
2670 685 3285 709 Thlr. 11 Sgr.; für die Türkei. Griechenlands
2703 707 3256 731 Egypten: b. Postamte in Wien: 5 fl. 20 kr. Süd.
2935 776 3171 835 1873.
402 921 749 982 Wien, 4. Juli.
143 998 1085 1043 Die nordamerikanische Union feiert heute den sieben¬
59 1041 1085 1089 undneunzigsten Jahrestag ihrer Unabhängigkeits=Erklärung.
58 1085 1087 1131 Drei Menschenalter sind seit dem kühnen Schritte vergangen,
60 1128 1086 1174 der England den größten Theil seiner amerikanischen Colo¬
58 1169 1086 1216 nien für immer entriß und das bis dahin abhängige Volk
57 1213 1085 1260 in den gefährlichen Nebenbuhler Albions verwandelte. Das
58 1257 1085 1301 Banner mit den Sternen und Streifen hat seitdem in
58 1300 1087 1346 mancher Schlacht, bei manchem Wagniß den Söhnen der
57 1343 1086 1388 großen Republik vorangeflattert, hat sich zur See mit dem
58 1387 1087 1433 britischen ehrenvoll gemessen, ist siegreich nach Mexico ge¬
58 1430 1086 1474 tragen worden und aus dem größten, blutigsten Bürger¬
57 1473 1087 1517 kriege, den die neuere Geschichte kennt, unbefleckt hervorge¬
41 1515 1086 1560 gangen. Und wenn die Nordamerikaner bei ihrer jungen
59 1559 1087 1604 Geschichte an Kriegsruhm nicht mit alten Völkern und Staaten
58 1602 1087 1647 wetteifern können, so bieten sie diesen Schach in manchen
57 1644 1088 1690 Künsten des Friedens, im raschen, beflügelten Fortschritt ihrer
57 1687 1088 1735 Industrie, in verwegenem, alle Hindernisse und Schwierig¬
58 1731 1086 1776 keiten überwindendem Unternehmungsgeist. Die Vereinigten
58 1774 1087 1819 Staaten verdienen es, daß man ihres Ehrentages, ihres
59 1816 1086 1862 Wiegenfestes in einigen Worten gedenkt, denn dieser hoch
57 1860 1087 1904 und breit gewachsene Benjamin der internationalen Familie
58 1903 1087 1947 hat seiner Mutter Europa schon manche nützliche Lehren ge¬
59 1947 828 1991 geben, für die wir ihm dankbar sein können.
143 1997 1088 2041 Von der praktischen Nutzanwendung, die man aus der
58 2039 1087 2085 Existenz der Bereinigten Staaten an sich ziehen kann, wollen
57 2083 1086 2127 wir dabei gar nicht reden. Gewiß ist es nicht gleichgiltig,
58 2124 1087 2170 daß das hergebrachte Schlagwort der zünftigen Diplomatie,
59 2166 1086 2211 die Republik sei nur in kleinen, nicht aber in großen Staa¬
56 2210 1085 2254 ten möglich, durch die Union so augenscheinlich widerlegt
57 2252 1085 2294 wird. Aber das ist schon so oft gesagt worden, daß eine
59 2292 1084 2336 nochmalige Wiederholung kaum der Mühe lohnt. Nur müssen
57 2334 1083 2378 wir unwillkürlich an die Zeit des großen Bürgerkrieges
57 2378 1084 2422 zurückdenken und uns lächelnd jener Unglücks=Prophezeiungen
58 2421 1083 2464 erinnern, welche nach dem Falle des Forts Sumter von den
58 2464 1082 2511 verschiedenen officiellen Dreifüßen ertönten. „Jetzt sieht man,“
57 2507 1085 2554 hieß es demals, „wie unmöglich der Bestand eines großen
57 2553 1085 2599 republikanischen Staatswesens ist; jetzt fällt der ganze stolze
58 2591 1085 2642 Bau in Trümmer, den ihr Phantasten bewundert habt.“
58 2632 1085 2683 Aber die Herren irrten; der Sturm tobte vergeblich gegen
59 2677 1084 2721 die Grundfesten der Union, kein Stern des Banners verlosch.
60 2718 1085 2763 Eines Tages empfing Louis Napoleon mit Schmerz die
58 2759 1085 2804 Trauerkunde, daß Richmond gefallen und damit seine aben¬
58 2802 1084 2847 teuerliche Schachpartie in Mexico verloren sei. Da standen
59 2845 1085 2893 die weisen Propheten und schnitten lange Gesichter, denn sie
58 2890 1085 2939 hatten verkündet, was sie gewünscht und gehofft, und sie
60 2936 1087 2984 ärgerten sich nicht wenig, daß ihre Weisheit zu Schanden
59 2981 216 3020 geworden.
145 3022 1087 3070 Damit hängt gleich ein anderes Vorurtheil zusammen,
61 3063 1086 3111 das in Europa noch vielfach verbreitet ist. Man glaubt in
61 3106 1087 3155 der alten Welt eigentlich noch immer, ein Staatsmann müsse,
60 3152 1086 3198 wenn schon nicht von vornehmer Geburt, doch aller bureau¬
60 3191 1087 3243 kratischen Geheimnisse und Handgriffe kundig sein. Die Wahr¬
399 3303 747 3376 Feuilleton.
292 3410 853 3456 Römische Inbeljahre.
147 3468 1086 3515 Man kann es oft aussprechen hören, daß die Eisen¬
62 3505 1085 3558 bahnen und Dampsschiffe das Reisen demokratisirt haben.
60 3548 1087 3600 Der Satz ist zum Gemeinplatz geworden und hat daher die
61 3597 1086 3643 vorzügliche Eigenschaft, daß er eine Seite der Wahrheit in
62 3637 1087 3686 ausschließlicher Einseitigkeit zum Verständnisse bringt. An
62 3678 1087 3728 der thatsächlich gegebenen Demokratisirung des Reisens als
59 3720 1088 3772 Vergnügen und Bildungsmittel zweifeln wollen, hieße vor
62 3763 1086 3814 der Evidenz die Augen schließen oder die Weltausstellung
63 3811 1086 3857 verträumen. Die Massen sind im unbestrittenen Besitze des
61 3847 1088 3901 Rechtes, aus aller Herren Ländern zusammenzuströmen auf
63 3891 1087 3945 den Einen Punkt, der ihnen gerade Interesse bietet, und sie
61 3932 1087 3987 wissen von diesem Rechte Gebrauch zu machen. Sie neh¬
62 3979 1087 4028 men sich so heraus, was ihre Ur=Urväter in nicht minder
64 4018 1087 4072 großartigem Maßstabe, hoch zu Roß oder in endlos langen
64 4060 1088 4114 Zügen einen Fuß vor den anderen setzend, sich herausge¬
63 4105 1088 4157 nommen hatten. Das Reisen en masse ist durch die Erfin¬
64 4146 1087 4202 dungen der Neuzeit erleichtert worden; da es aber noth¬
64 4190 1087 4246 wendig ist wir des Baumes Frucht oder wie der Heerden¬
62 4232 1088 4289 flug der Zugvögel und wandernden Heuschrecken, sehen wir
64 4276 1088 4330 es mit Naturgewalt hervorbrechen durch die lange Flucht
63 4320 1087 4373 der Jahrhunderte, welche für den geistigen Fortschritt so
63 4362 1090 4416 unendlich viel und für die Durchschnittsrichtung unserer
65 4406 1087 4458 ewig sich gleich bleibenden, uns ewig gleich bewegenden Lei¬
65 4448 1014 4500 denschaften und Neigungen so unendlich wenig bedeuten.
148 4489 1087 4544 Wenn ehedem die Massen auf Reisen gingen, war es
65 4535 1087 4586 die Schaulust oder das Interesse oder ein unbewußt drän¬
64 4577 1088 4631 gender Bildungstrieb, was sie in Bewegung setzte, ganz wie
64 4619 1087 4671 es heutzutage auch nicht anders der Fall ist. Nur wollte
62 4665 1086 4716 man ehedem Anderes schauen, interessirte sich für Anderes
62 4705 1086 4759 und wollte sich für Zwecke bilden, für die es gegenwärtig
63 4748 1087 4801 nur sporadisch und bei einem beschränkten Theile des Publi¬
63 4793 1089 4843 cums einige Empfänglichkeit gibt. Was sich nicht geändert
62 4835 1088 4887 hat, ist die Stimmung für das Wunderbare, die angeregt
62 4878 1087 4927 sein muß, wenn die Massen in Bewegung kommen sollen:
63 4921 1087 4967 das Wunderbare in der Natur, wie es Tausende an die
60 4963 1087 5012 Niagarafälle oder an den Rheinfall lockt, das Wunderbare
59 5005 1086 5055 in der Kunst und Industrie, wie es in voller Pracht und
58 5046 1086 5099 Herrlichkeit dem Besucher der Weltausstellung entgegentritt,
1129 906 2160 952 heit, daß die praktische Politik eine Kunst ist, deren tech¬
1129 949 2161 995 nische Seite zwar Jeder erlernen kann, deren gewandte oder
1130 992 2160 1038 gar meisterhafte Ausübung aber nur angebornes Talent er¬
1130 1035 2158 1081 möglicht, kommt bei uns nur sehr langsam zum Durchbruch.
1130 1078 2161 1121 Die Nordamerikaner lehren uns seit Jahrzehnten, daß der
1129 1121 2160 1166 Politiker geboren wird — natürlich nicht als Cavalier —
1130 1163 2159 1208 und daß man nicht in Amtsstuben ergraut sein müsse, um
1131 1207 2160 1252 die Interessen seines Vaterlandes mit Geschick zu verthei¬
1131 1249 2159 1296 digen. Wie kläglich ist nicht die englische Diplomatie wäh¬
1130 1291 2159 1339 rend der Verhandlungen über die „Alabama“=Frage, speciell
1130 1334 2160 1381 bei dem Abschlusse des Washingtoner Vertrages, von der
1131 1377 2158 1425 amerikanischen überlistet und genarrt worden! Wahrlich, das
1130 1422 2159 1468 Duell am grünen Tische bewies den Unterlegenen schlagend,
1131 1463 2159 1510 daß ein vornehmer Name und die Routine des Dienstes die
1131 1509 1875 1555 staatsmännische Begabung nicht ausmachen.
1215 1551 2159 1593 Eine andere Lehre, die uns die Nordamerikaner geben,
1130 1594 2159 1641 bezieht sich auf den Föderalismus. Das Wort hat schon
1132 1637 2158 1684 viel Unheil in der Welt angerichtet. Seit Alexis de Tocque¬
1132 1679 2160 1728 ville so scharf und gründlich bewiesen, daß der Födera¬
1131 1722 2159 1769 lismus die Wurzel aller Freiheit sei und die Republik in
1131 1766 2160 1812 Frankreich stets an dem unausrottbaren Centralismus der
1131 1809 2159 1856 Franzosen und dem ungebührlichen Uebergewicht der Haupt¬
1131 1852 2160 1900 stadt zu Grunde gegangen sei — seitdem schreit jedes inter¬
1131 1895 2160 1941 essante Natiönchen, das in den hochgehenden Wogen einer
1132 1938 2160 1984 großen Culturbewegung zu ersaufen fürchtet, nach der föde¬
1129 1981 2160 2027 ralistischen Wünschelruthe und hält seinen kleinen Egoismus
1131 2024 2161 2070 für edlen Freiheitsdrang. In den Vereinigten Staaten ist
1130 2067 2161 2112 nun allerdings das föderalistische System verwirklicht, aber
1131 2108 2162 2155 die Befugnisse der Centralgewalt sind so ausgedehnt, daß
1130 2152 2161 2199 die Staatseinheit nie zu kurz kommen kann. Auch geht seit
1128 2194 2160 2240 fünfundzwanzig Jahren ein leiser centralistischer Zug durch
1129 2237 2160 2284 die nordamerikanische Gesetzgebung, der sich seit dem letzten
1128 2280 2161 2328 Bürgerkriege bedeutend verstärkt hat und darauf hinarbei¬
1128 2322 2160 2373 tet, die Machtsphäre des Weißen Hauses zu erweitern. Die
1126 2365 2155 2413 Yankees wissen aus Erfahrung, wohin die Consequenzen des
1127 2408 2155 2456 Föderalismus führen, und sie bauen für die Zukunft vor.
1214 2458 2159 2507 Noch Manches könnten wir anführen, worin uns die
1129 2503 2162 2551 Bewohner der Vereinigten Staaten ein nützliches Beispiel,
1130 2548 2162 2595 eine gute Lehre geben. Aber wir wollen uns darauf be¬
1130 2591 2163 2639 schränken, nur noch Eines hervorzuh###n. Gewiß sind die
1129 2633 2162 2679 Nordamerikaner kluge, nüchterne Leute, frei von Träumerei
1128 2676 2163 2722 und Romantik, und man sagt ihnen wol nicht mit Unrecht
1128 2716 2162 2764 nach, daß sie den Dollar über Gebühr schätzen. Dennoch
1128 2758 2163 2806 sind sie eines starken politischen Idealismus fähig, einer
1128 2801 2162 2850 Begeisterung für große Zwecke, welche kein Opfer scheut.
1128 2845 2162 2892 Als die Sklavenstaaten sich von der Union losreißen und
1130 2890 2163 2935 eine selbstständige Republik bilden wollten, da rechnete der
1130 2933 2163 2979 kalte, kaufmännische Norden nicht, sondern er griff zu den
1130 2977 2163 3023 Waffen und warf ungezählte Millionen, Hunderttausende
1130 3020 2164 3066 seiner rüstigen Männer in die blutige Wagschale des Krieges
1129 3064 2164 3106 — um den Enkeln das Sternenbanner unverstümmelt zu
1130 3107 2163 3153 hinterlassen. All die Corruption, die in der amerikanischen
1130 3151 2164 3196 Verwaltung herrscht, alle Sünden des gewinn= und specu¬
1130 3194 2165 3238 lationslüsternen Neu=Englands macht dieser heroische Auf¬
1130 3289 2164 3334 für das Wunder der eigenen Phantasie endlich, dem sich ge¬
1130 3333 2165 3377 fangen zu geben Hunderttausende in längst entschwundenen
1130 3375 2164 3420 Tagen die beschwerlichsten Fahrten unternommen haben. Die
1132 3419 2164 3462 besondere Gattung dieser Fahrten, von der hier die Rede
1131 3462 2171 3506 sein soll, ist sowol was die Großartigkeit der Anlage, als
1132 3505 2164 3549 die Bestimmung zu eminent friedlichen Zwecken betrifft, mit
1133 3549 2164 3593 den Weltausstellungen des neunzehnten Jahrhunderts in eine
1131 3592 2164 3635 Parallele zu setzen. Als unvergleichlich höher entwickelt wird
1131 3635 2164 3678 sich uns nur das System der fiscalischen Benützung heraus¬
1132 3677 2162 3723 stellen, welches bei derartigen Zügen und Unternehmun¬
1132 3719 2163 3765 gen im Mittelalter doch lediglich Nebensache war, sich aber
1131 3763 2163 3808 so glänzend rentirte, als wenn es die Hauptsache ge¬
1132 3807 1334 3849 wesen wäre.
1216 3855 2157 3900 Die Feier des Jubeljahres, die während der letzten
1130 3899 2162 3944 zweihundert Jahre des Mittelalters ganze Schwärme von
1131 3942 2164 3988 Rompilgern nach Italien führte, ist zuerst im Jahre 1300
1132 3985 2162 4030 festlich begangen worden. Man hat sie, wol mit Unrecht,
1132 4028 2161 4073 aus den Säcularspielen des heidnischen Rom herleiten wol¬
1133 4070 2162 4115 len; der Gedanke, den Wechsel des Jahrhunderts mit Er¬
1132 4113 2159 4159 schließung des ganzen Gnadenschatzes kirchlicher Indulgenzen
1132 4157 2159 4201 pomphaft zu begehen, mochte einem Papste, der Geld und
1132 4200 2161 4245 Glanz über Alles liebte, ohne heidnische Reminiscenzen ge¬
1131 4242 2159 4287 kommen sein. Bonifaz VIII. verkündigte einen General=
1130 4285 2156 4330 Ablaß für Alle, so im Laufe des Jubeljahres die Basiliken
1133 4328 2160 4374 von St. Peter und St. Paul, die Römer durch dreißig,
1131 4370 2161 4418 Fremde durch fünfzehn Tage, besuchen würden. Den from¬
1131 4414 2160 4459 men Büßern sollte Schuld und Strafe ihrer Sünden aus¬
1132 4456 2159 4504 nahmslos nachgelassen sein. Der Zudrang von Nah wie
1132 4500 2160 4544 Fern war ein außerordentlicher. In die Mauern der Leo¬
1132 4542 2158 4589 stadt mußte, damit die Massen das Ufer entlang ziehen
1131 4586 2158 4630 könnten, eine Oeffnung gebrochen werden, und wenn am
1132 4629 2159 4674 Freitag und an Festtagen das Schweißtuch der Veronica
1131 4671 2158 4718 mit des Heilands Bildniß der Menge in St. Peter gezeigt
1131 4715 2157 4760 wurde, ging diese feierliche Ausstellung nicht immer ohne
1130 4758 2157 4802 Niedertreten von Frauen und Männern im Gedränge ab.
1131 4800 2157 4845 Die Zahl der Pilger, die jeder Tag des Jubeljahres nach
1131 4844 2157 4886 Rom brachte, setzt der sonst verläßliche Giovanni Villani
1131 4886 2158 4930 mit der unglaublichen Ziffer von 200,000 an, und er fügt
1130 4929 2157 4973 hinzu: „Alle konnten sich mit den nöthigen Lebensbedürf¬
1131 4972 2157 5016 nissen genügend versehen, so Pferde als Menschen, und Alles
1131 5013 2156 5059 lief mit großer Geduld, ohne Lärm oder Streit ab. Ich,
1131 5055 2155 5103 der ich dabei war und es gesehen habe, kann's bezeugen.
2205 897 3236 945 schwung wett, der ein leuchtendes Beispiel für die ganze
2204 947 2425 987 Welt lieferte.
2289 984 3235 1030 Die Wurzel, welcher er entsprang, brauchen wir nicht
2204 1028 3245 1073 in falscher Bescheidenheit zu verschweigen. Der germanische.
2205 1071 3235 1117 Geist ist es, der unverwüstliche germanische Idealismus, der
2203 1115 3236 1161 zu solchen Thaten treibt. Unter den Angelsachsen hat er
2204 1157 3234 1203 seinen krankhaften, sentimentalen Beigeschmack verloren und
2206 1200 3236 1244 auf dem Boden der neuen Welt den Mann beseelt, dessen
2206 1242 3236 1288 man gedenken muß, wo und wann immer von den Kinder¬
2203 1285 3236 1331 tagen der nordamerikanischen Republik geredet wird. George
2202 1329 3236 1374 Washington war einer jener Auserwählten, die wir praktische
2202 1373 3234 1418 Idealisten nennen möchten: einer der Wenigen, die es ver¬
2204 1415 3235 1460 stehen, das Große mit edlen Mitteln zu verwirklichen. Nur
2203 1459 3234 1502 unter einem Volke germanischer Race konnte ein Mann ge¬
2204 1501 3236 1547 boren werden, wie dieser schlichte Held, dessen sittliche Hoheit
2204 1544 3299 1595 an die erhabensten Gestalten des Alterthums erinnert. Nicht
2206 1587 3235 1631 Frankreich, nicht Spanien werden je einen Washington
2204 1631 3235 1676 schauen und vergebens des Messias harren, der sie zur
2204 1672 3235 1718 Freiheit und Größe führt und dann die Stille des Privat¬
2204 1717 3236 1761 lebens aufsucht. Der Union ward dieses Glück zu theil, und
2203 1758 3236 1803 wenn wir heute ihres Geburtstages gedenken, so dürfen
2203 1803 3237 1847 wir es nicht unterlassen, zugleich dem ehernen Manne mit
2204 1846 3237 1893 dem goldreinen Herzen, dem großen Feldherrn und größeren
2202 1892 2887 1937 Bürger unsere Huldigung darzubringen.
2387 1991 3054 2044 Nationale und Ultramontane.
2964 2060 3203 2098 Wien, 4. Juli.
2289 2111 3236 2157 Die Feudalen haben bisher ihre Kraft aus der engen
2204 2154 3234 2201 Allianz mit den nationalen Parteien geschöpft. Trotz der
2205 2199 3234 2245 hervorragenden socialen Stellung ihrer Häupter und trotz
2205 2242 3235 2286 des Einflusses auf einzelne bäuerliche Kreise wären sie
2204 2285 3237 2329 längst vom politischen Schauplatze weggefegt, wenn sie nicht
2205 2326 3236 2372 durch den Bund mit den Nationalen eine Verstärkung aus¬
2203 2369 3238 2416 giebiger Art erfahren hätten. Die moderne Zeit braucht
2205 2410 3237 2458 die Masse. Jede politische Partei, welche nach Einfluß
2204 2453 3239 2511 strebt, sucht sich einer gewissen volksthümlichen Grundlage
2204 2498 3239 2547 zu versichern. In der Blüthezeit für die Herrschaft der
2206 2544 3238 2590 Feudalen genügten die wenigen hervorragenden Häupter, die
2205 2586 3239 2631 Mohnköpfe; wer diese abschlug, hatte die ganze Partei ver¬
2207 2628 3240 2674 nichtet. Heute senden die Feudalen ihre frommen Mis¬
2206 2672 3238 2718 sionäre aus, um die Bauernschaft für sich zu gewinnen und
2205 2714 3239 2761 für die aristokratische Pyramide. die plebejische Basis zu
2206 2757 3239 2803 finden. Die Kraft jeder Partei ruht in der Zahl. Da nun
2207 2800 3240 2845 die Bauernschaften an und für sich nicht so geneigt sind, den
2207 2840 3236 2890 ehemaligen Zehentherren in Rothfrack und Stola zu folgen,
2207 2886 3240 2933 um ihnen als Material erneuter Herrschaft zu dienen, so
2207 2928 3240 2975 mußte die nationale Triebfeder, welche in unseren Tagen
2208 2972 3240 3018 mächtiger ist, als die religiöse, angespannt werden, um für
2209 3015 3239 3062 die Feudalen die fehlende ungezählte Masse, die Armee für
2209 3059 3240 3104 die Führer zu werben. Die Nationalen, insbesondere die
2210 3103 3241 3148 Czechen und Slovenen, ließen sich diese Bundesgenossen¬
2210 3147 3240 3192 schaft gefallen, weil sie zwar über das nöthige Massenauf¬
2210 3186 3240 3235 gebot verfügen, aber gerade das entbehren, was für die
2209 3285 3239 3329 Und durch die Opfergaben der Pilger wuchs der Schatz der
2208 3329 3240 3373 Kirche, und die Römer haben sich bereichert.“ Wir erfahren
2207 3372 3239 3423 denn auch, daß in St. Peter wie in St. Paul Tag und
2207 3415 3241 3460 Nacht zwei Cleriker am Altar standen, die mit Rechen in
2210 3457 3241 3504 der Hand das Gold zusammenscharrten. Wie viel diese geist¬
2208 3501 3241 3549 lichen Herren Croupiers wol zusammengeschaufelt haben?—
2209 3544 3240 3589 Wir können uns eine Vorstellung von der Summe nur
2208 3587 3239 3632 durch Induction machen. Die einzige auf uns gekommene gleich¬
2208 3630 3239 3677 zeitige Angabe, 80,000 Goldgulden (der Florin ist mit ungefähr
2209 3674 3240 3720 drei Thalern Metallwerth zu berechnen), findet selbst der
2207 3717 3241 3763 papstfreundliche Geschichtschreiber der Stadt Rom, Herr
2209 3759 3240 3805 v. Reumont, viel zu niedrig. Es ist vielleicht ein Wagniß,
2208 3802 3240 3848 aber es dürfte uns jedenfalls der Wahrheit etwas näher
2207 3846 3241 3891 führen, wenn wir behufs Correctur dieser Angabe auf die
2206 3889 3240 3934 Mittheilungen Gewicht legen, die Ferdinand Gregorovius
2206 3931 3241 3978 aus dem Archiv der Familie Gaetani=Sermoneta beizubrin¬
2207 3974 3239 4021 gen in der Lage war. Der Nepot des Papstes, Peter Gae¬
2206 4018 3240 4063 tani Graf v. Caserta, hat sich nämlich im Laufe des acht¬
2206 4060 3238 4107 jährigen Pontificats seines Oheims um 320,000 Goldgul¬
2208 4104 3239 4150 den liegende Güter gekauft, und man dürfte schwerlich fehl¬
2205 4148 3246 4193 gehen, wenn man etwa die Hälfte des Betrages aus dem.
2203 4191 3234 4236 Product der Opfergaben während des Jubeljahres her¬
2204 4235 3237 4280 schreibt. Die Versicherung, daß die Peterspfennige von
2205 4276 3246 4323 dazumal nur dem Kirchengut der Basiliken von St. Peter
2205 4321 3245 4367 und Paul zugetheilt wurden, ist eine ganz allgemein gehal¬
2203 4362 3241 4410 tene; die Thatsache der plötzlichen Bereicherung des Nepoten¬
2203 4405 3238 4453 hauses Gaetani dagegen eine, wie man sieht, ins Detail
2204 4448 3237 4497 festgestellte. Dem gegenüber wäre es sicher ein sehr unkri¬
2203 4490 3239 4540 tisches Verfahren, wenn man die stattlichen finanzallen Er¬
2204 4533 3238 4583 gebnisse des Jubeljahres 1300 — und sie repräsentirten
2204 4578 3240 4626 dem Tauschwerth des Geldes nach heute vielleicht fünf Mil¬
2204 4621 3239 4668 lionen Thaler — zum größeren Theile im Haben der Kirche,
2203 4665 3237 4710 als in dem Papst Bonifaz' VIII. und der Seinigen buchen
2202 4708 3239 4754 wollte. Zum Zoll der historischen Wahrheit muß auch ver¬
2201 4751 3238 4797 zeichnet werden, daß die Ghibellinen schon damals den
2201 4794 3238 4839 Glauben verbreiteten, der Papst habe nur um des Geldes
2201 4837 3238 4883 willen das Jubeljahr ausgeschrieben. Bonifaz VIII. wußte
2201 4880 3239 4928 sich als praktischer Mann zu helfen und excommunicirte sie
2201 4925 2380 4965 schlechtweg.
2286 4971 3235 5017 Das erste Jubeljahr war also befriedigend ausgefallen.
2198 5013 3234 5059 Das zweite hätte der ursprünglichen Festsetzung zufolge erst
2199 5056 3235 5104 nach Ablauf eines weiteren Jahrhunderts gefeiert werden
