3488 5345
96 249 685 286 Redaction, Administration & Druckerei:
187 287 583 308 Kolowrat-Ring, Fichtegasse Nr. 11.
95 309 686 333 Unfrankirte Briefe werden nicht angenommen und
193 334 585 356 Manuscripte nicht zurückgesendet.
188 360 586 387 Ankündigungs-Bureau:
97 389 686 412 Stadt, Wollzeile Nr. 20. Insertionspreis nach Tarif.
95 415 684 434 Inserate übernehmen im Auslande: John F. Jones
96 438 684 459 & Co. in Paris, 31 bis, Rue du Faubourg Mont⸗
95 459 687 479 martre: Agence Havas in Brüssel; Rudolf
95 480 684 498 Mosse in Berlin. Frankfurt a. M.. Mün-
98 500 684 523 ehen. Leipzig: G. L. Daube & Co. in Frank⸗
95 522 685 544 furt a. M., Berlin, Cöln, Leipzig; Has⸗
95 544 686 565 senstein & Vogler in Hamburg, Berlin,
95 565 685 588 Frankfurt a. M. u. Basel: Annoncen-Expe⸗
96 587 685 606 dition „Invalidendank“ in Berlin: Annoncen-Ex⸗
96 604 684 630 pedition „Invalidendank“ in Chemnitz; Bernh.
94 630 689 651 Arndt, Ann.-Exp. in Berlin; Heinrich Eisler, Adolf
93 651 684 673 Steiner und Károly & Liebmann, Ann.-Expeditionen
93 672 685 695 in Hamburg: Wilhelm Scheller u. Eduard Schlotte,
93 694 682 714 Ann.-Expeditionen u Bremen; Orell Füssli & Co.
94 716 683 738 in Zürich u. Basel: E. E. Oblieghtin Mailand,
94 736 684 758 Florenz u. Rom: Sam. Deacon & Co., London.
191 769 583 791 Abonnement für Wien:
93 791 683 816 Im Hauptverlage, Wollzeile 20: Ganzjähr. fl. 21.60,
93 816 684 839 monatl. fl. 1.80. Mit Zustellung ins Haus: Viertelj.
258 808 516 860 fl. 6.30, monatl. fl. 2.10
127 858 646 879 Einzeln: Morgenblatt 6 kr., Abendblatt 8 kr.
1423 261 1877 347 Neue
786 652 2555 710 Freie Presse.
1471 787 1869 855 Abendblatt.
2699 232 3189 257 Abonnement für das Inland:
2644 261 3238 286 Mittägl. einmal. Postversendung: Ganzj. d. 28, halbj.
2647 282 3240 309 fl. 14, viertelj. fl. 7. Mittägl. zweimal. Poſtvers.: Ganzj.
2760 306 3135 328 fl. 22, halbj. fl. 16, viertelj. fl. 8.
2689 342 3209 370 Abonnement für das Ausland:
2872 374 3025 395 Vierteljährig:
2650 397 3247 421 Bei uns (Kreuzband-Versendung): Deutsch-
2649 419 3246 443 land und Serbien 10 fl., alle übrigen Staaten
2652 441 3247 466 des Weltpostvereines 11 fl. — Bei den Post-
2652 462 3246 484 ämtern in: Deutschland 11 M. 10 Pf.,
2650 483 3248 506 Schweiz 14 Fr., Rumänien und Serbien
2651 505 3247 530 16 Fr., Bulgarien 14 Fr., Russland 6 Rubel,
2652 526 3250 549 Griechenland und europäische Türkei
2652 518 3249 574 7 fl. 42 kr., asiatische Türkei 8 fl. 20 kr.,
2652 571 3248 594 Egypten 15 Fr. 50 Ct. - Bei den Agenturen
2652 591 3250 614 in Italien: E. E. Oblieght in Mailand, Florenz und
2652 613 3251 636 Rom, Loescher & Co. in Rom 28 Fr. 50 Ct., Henry
2653 635 3252 659 Berger in Mailand. Via Moravigli 10, 28 Fr.; Frank⸗
2655 656 3251 696 reich : Agence Havas in Paris, 20 Fr. 50 Ct.: Eng⸗
2653 650 3252 704 land: A. Siegle, 30 Lime-Street E. C., London,
2656 699 3250 722 24 Sh. daselbst für die englischen Colonien
2655 721 3250 742 mit Portozuschlag; Nordamerika: R. Steiger,
2655 715 3250 767 25 Park - Place, Gustav E. Stechert, 768 Broadway,
2654 765 3251 787 Intern. Publishing Agency, 710 Broadway in Newyork,
2842 788 3067 806 6 Doll. 40 Cts. Gold.
2650 797 3255 853 Für die Agenten, Austräger oder Verschleisser
2692 818 3223 871 bezahlten Beträge leisten wir keine Garantie.
163 927 597 984 Nr. 11085.
1275 923 2058 994 Wien, Samſtag, den 6. Juli
2944 915 3197 975 1895.
376 1047 834 1106 Politiſche Ueberſicht.
837 1103 1081 1142 Wien, 6. Juli.
178 1152 1115 1193 Das Abgeordnetenhaus ſetzt die Debatte über
94 1194 1115 1237 den Voranſchlag des Landesvertheidigungs⸗Mini⸗
92 1237 1114 1279 ſteriums fort und wird dieſelbe im Laufe der heutigen
92 1280 1114 1321 Sitzung beendigen. Nach den Abgeordneten Pergelt und
91 1321 1115 1364 Purghart hat der Landesvertheidigungs⸗Miniſter Graf
91 1365 1114 1409 Welſersheimb das Wort ergriffen und die Discuſſion
91 1408 1115 1451 zum Anlaß genommen, um eine Reihe von Interpellationen,
92 1450 1115 1492 die Angelegenheiten der Armee und der Landwehr betreffen,
91 1492 1115 1536 zu beantworten. Die erſte Hälfte der nächſten Woche wird
92 1536 1115 1577 von der Verhandlung über das Unterrichts⸗Budget in An⸗
92 1578 1116 1620 ſpruch genommen werden. Speciell der Mittwoch iſt für
93 1620 1115 1661 die Berathung des Etats der Mittelſchulen beſtimmt und
93 1663 1116 1705 da wird die Schlacht über das Eillier Gymnaſium geſchlagen
92 1709 213 1740 werden.
178 1748 1118 1790 Die ſerbiſche Miniſterkriſe wird, wie es
93 1791 1119 1833 ſcheint, auch heute noch nicht ihre Löſung finden. Verhand⸗
92 1835 1119 1876 lungen ſchweben gegenwärtig nur mit dem Fortſchritts⸗
94 1877 1120 1919 führer Novakovic, dem die Bildung eines rein fortſchritt⸗
94 1920 1118 1960 lichen Miniſteriums unter der Bedingung übertragen werden
94 1963 1118 2004 ſoll, daß die fortſchrittliche Majorität in der Skupſchtina
95 2005 1116 2047 ſich zur Bewilligung des Finanz⸗Arrangements verpflichtet.
93 2045 1118 2088 Damit erſcheint die Zahl der Möglichkeiten, die Kriſe zur
93 2091 1118 2131 Löſung zu bringen, auf den Punkt reducirt, von dem die
94 2133 1117 2174 Kriſe ausging. Die Frage iſt jetzt, ob die Fortſchrittspartei
94 2176 1117 2217 ſich entſchließen wird, das Finanz⸗Arrangement zu acceptiren.
94 2219 1118 2260 Da dieſe Frage heute Vormittags noch nicht entſchieden
95 2262 1118 2303 war, ſo wurde die Skupſchtina durch das demiſſionirte
96 2305 1119 2345 Cabinet Kriſtic formell mittelſt der Verleſung des könig⸗
95 2348 1118 2389 lichen Einberufungsſchreibens eröffnet, worauf ſie ſich bis
97 2390 810 2432 zur endgiltigen Löſung der Kriſe vertagte.
180 2433 1118 2473 Kühl und gelaſſen hat geſtern der preußiſche
94 2475 1118 2515 Cultusminiſter im Abgeordnetenhauſe einen neuen cleri⸗
95 2519 1118 2558 calen Vorſtoß abgewehrt. Es handelte ſich um eine
94 2560 1118 2601 Interpellation des famoſen Abgeordneten Rintelen, deſſen
94 2603 1118 2644 man ſich von ſeinen Anträgen in der Umſturz⸗Commiſſion
96 2646 1119 2687 erinnert, wegen des katholiſchen Religions⸗
95 2689 1120 2729 unterrichtes in den Volksſchulen. Der Inter⸗
95 2732 1119 2772 pellant forderte die Aufhebung des berühmten Falk'ſchen
97 2774 1120 2814 Erlaſſes vom 18. Februar 1876, der auf dem Grundſatze
96 2817 1120 2857 beruht, daß der Religionsunterricht ebenſo wie jeder andere
98 2860 1121 2899 Unterricht im Auftrage des Staates ertheilt werde,
97 2902 1120 2943 und reclamirte für die Kirche die alleinige Leitung
98 2945 1121 2985 des Religionsunterrichtes. Der Cultusminiſter lehnte die
100 2987 1121 3027 Erörterung principieller Gegenſätze ab, verneinte aber die
89 3030 1121 3071 Frage, ob die Aufhebung des Falk'ſchen Erlaſſes zu erwarten
97 3073 1121 3115 ſei. Darauf echauffirten ſich noch einige andere Centrums⸗
96 3116 1121 3157 redner, um das auf die Wähler berechnete Culturkampf⸗
98 3159 1120 3200 Feuerwerk nicht ganz verpuffen zu laſſen, aber es war doch
97 3201 1121 3243 nur ein halb geordneter Rückzug, den ſie nehmen mußten,
97 3245 1120 3287 und ihre Hoffnung, noch in den letzten Tagen der Seſſion
99 3286 1121 3328 eine große kirchenpolitiſche Discuſſion zu inſceniren, war
97 3330 1036 3371 durch die Kaltblütigkeit des Miniſters geſchickt vereitelt.
1244 1043 2183 1086 Die engliſchen Parlamentswahlen
1159 1086 2183 1127 werden vorausſichtlich am 13. Juli in London und den
1160 1129 2183 1171 übrigen Städten beginnen. Zur Beſeitigung der bisherigen
1158 1172 2183 1214 liberalen Mehrheit haben die Unioniſten nur vierzehn Sitze
1159 1214 2183 1256 zu gewinnen. Sie rechnen bekanntlich auf mindeſtens fünfzig.
1158 1258 2184 1299 Während man das in Ausſicht geſtellte Wahlmanifeſt Lord
1158 1300 2184 1342 Salisbury's mit allgemeiner Spannung erwartet, wird jetzt
1159 1344 2183 1385 durch den Daily Chronicle ein politiſches Programm
1159 1386 2184 1427 der neuen Regierung bekannt, welches gleich
1159 1429 2184 1470 den bis jetzt bekannt gewordenen Wahlkundgebungen
1158 1472 2186 1515 Balfour's, Chamberlain's, Hicks⸗Beach's mit wirthſchaftlich⸗
1160 1514 2185 1555 ſocialen Verheißungen für die unteren Wählerſchichten
1160 1557 2186 1597 nicht kargt. Das obengenannte radicale Blatt will in der
1160 1600 2185 1641 Lage ſein, dieſes Regierungsprogramm in nachfolgenden
1159 1642 2186 1683 Umriſſen mitzutheilen: Voran ſteht eine kräftige, durch eine
1160 1685 2186 1726 ſtarke Marine unterſtützte Reichspolitik; die afrikaniſch⸗
1161 1728 2185 1769 engliſchen Intereſſen ſollen gefördert und für Erleichte⸗
1160 1771 2186 1812 rungen im Verkehre zwiſchen Mutterland und Colonien ge⸗
1160 1814 2187 1854 ſorgt werden. Reich beſetzt iſt das conſervativ⸗unioniſtiſche
1161 1856 2185 1898 Programm mit Heilmitteln in der ſocialen Frage, nämlich:
1161 1899 2185 1941 Reform der Armenpflege, Altersverſorgung, billige und leichte
1161 1942 2185 1982 Uebertragung des Bodenbeſitzes, Verbeſſerung der Armenwoh⸗
1163 1985 2186 2025 nungen, Einſchränkung der mittelloſen Einwanderung, ſowie der
1163 2027 2186 2069 Einfuhr der Gefängniß⸗Fabricate, Ergänzung des Haftpflicht⸗
1162 2071 2186 2110 geſetzes für die Arbeitgeber; auch fiscaliſche Reformen werden
1162 2113 2186 2154 in Ausſicht geſtellt; die Löſung der Agrarfrage endlich trägt
1163 2156 2187 2197 den Stempel Salisbury's: Vermehrung der Kleingehöfte,
1163 2198 2187 2239 genaue Prüfung des Berichtes der parlamentariſchen Com⸗
1163 2243 2188 2282 miſſion, welche die gedrückte Lage der Landwirthſchaft unter⸗
1163 2285 2188 2326 ſucht und Maßregeln zur Erleichterung der Bodenlaſten vor⸗
1163 2317 2189 2368 geſchlagen hat; endlich wünſcht das Agrarprogramm Noth⸗
1164 2370 2189 2410 bauten für die ſchottiſche Weſtküſte. Man ſieht, die neue
1162 2413 2189 2455 Regierung verſpricht viel; bleibt abzuwarten, wie viel davon
1164 2457 1425 2496 ſie halten kann.
1363 2533 1989 2590 Oeſterreichiſcher Reichsrath.
1919 2589 2156 2624 Wien, 6. Juli.
1249 2632 2190 2666 Abgeordnetenhaus. (407. Sitzung.) Beginn der Sitzung
1164 2666 2189 2701 10 Uhr. Vorſitzender: Präſident Freiherr v. Chlumecky. Auf
1164 2701 1740 2734 der Miniſterbank: Welſersheimb.
1250 2743 2191 2778 Nach Mittheilung der eingelaufenen Petitionen geht das Haus
1164 2777 1516 2811 zur Tagesordnung über.
1251 2816 2190 2851 Gegenſtand derſelben iſt die Fortſetzung der Debatte über den
1165 2850 2095 2884 Etat des Landesvertheidigungs⸗Miniſteriums.
1251 2892 2192 2927 Abg. Dr. Pergelt conſtatirt mit Genugthuung und aufrichtiger
1164 2927 2191 2960 Befriedigung, daß der heutige Zuſtand unſerer Landwehr, was ihre
1165 2961 2191 2995 Ausbildung und Haltung anlangt, ein ganz ausgezeichneter genannt
1164 2996 2192 3029 werden muß. Die Ausbildung muß aber eine ſehr intenſive ſein,
1165 3030 2192 3064 und die Folge iſt eine große Anſtrengung der Landwehrmann⸗
1165 3058 2193 3097 ſchaft. Es iſt daher die Bitte berechtigt, daß insbeſondere dem
1164 3098 2193 3133 phyſiſch ſchwächeren Theile der Mannſchaft in der Ausübung
1166 3133 2194 3167 des ſo ſchweren Dienſtes Erleichterungen gewährt werden. Redner
1166 3167 2193 3202 beſpricht die Verhältniſſe der Einjährig⸗Freiwilligen bei der Landwehr
1165 3196 2193 3237 und drückt den Wunſch aus, daß bei der Zutheilung der Freiwilligen
1165 3236 2194 3270 zu den einzelnen Ausbildungsſchulen auf die Vorbildung entſprechend
1166 3270 2195 3305 Rückſicht genommen werde, damit Freiwillige, welche oft den Doctor⸗
1165 3303 2196 3339 grad ſchon erreicht haben, nicht mit Officiers⸗Aſpiranten zuſammen⸗
1166 3340 2195 3374 kommen, die ihrer ganzen Vorbildung und ihrem Lebenslaufe nach
2226 1037 3256 1074 ihnen nicht gleichwerthig ſind. Er verweiſt weiter auf die ſchweren materiellen
2225 1071 3250 1110 Opfer, welche den Cadet⸗Officiers⸗Stellvertretern durch Einberufung
2227 1106 3255 1144 zu den Waffenübungen auferlegt werden, da ſie einerſeits in ihrem
2228 1138 3258 1177 ganzen Auftreten den Officieren gleichſtehen ſollen, aber nur die
2227 1174 3257 1212 Gage eines Feldwebels beziehen. Endlich unterzieht Redner
2227 1209 3255 1247 die Frage der Waffenübungen der Landwehr einer näheren
2227 1244 3255 1281 Kritik. Mit Rückſicht darauf, daß die Präſenzdienſtzeit
2229 1278 3254 1315 beim Heere zwar nominell drei Jahre beträgt, aft aber
2228 1312 3255 1350 nur zwei Jahre dauert, könne es vorkommen, daß die Dienſtzeit eines
2228 1346 3256 1383 zur Landwehr Aſſentirten einſchließlich der Waffenübungen 29 Monate,
2229 1378 3255 1417 die Dienſtzeit eines zur Linie Aſſentirten einſchließlich der Waffen⸗
2228 1415 3255 1451 übungen nur 26 ½ Monate dauere. Ebenſo dienen die Erſatzreſerviſten
2229 1449 3255 1485 der Landwehr im Ganzen 7 Monate, während die Erſatzreſerviſten
2229 1483 3256 1520 der Linie nur eine Dienſtzeit von 5 Monaten haben. Dieſe Incon⸗
2229 1518 3254 1554 gruenz möge im Wege der Geſetzgebung beſeitigt werden. Unter Hin⸗
2229 1551 3257 1587 weis auf die Nachtheile und Beſchwerniſſe, welche für ältere Männer
2229 1582 3255 1622 in beſſerer ſocialer Stellung, welche oft ſchon einen Hausſtand be⸗
2230 1620 3257 1656 gründet haben, mit der Einberufung zur Waffenübung verbunden
2230 1650 3258 1690 ſind, gibt Redner dem Wunſche Ausdruck, daß die Einberufung der
2229 1688 3259 1726 Landwehr zu den periodiſchen Waffenübungen in der Art vertheilt
2230 1723 3258 1759 werde, daß zu denſelben die Mannſchaft zumeiſt in den jüngeren
2230 1758 3261 1795 Jahren herangezogen werde. Er empfiehlt dem Hauſe die Annahme
2231 1793 2993 1829 einer diesbezüglichen Reſolution. (Lebhafter Beifall.)
2318 1826 3262 1864 Abg. Purghart erklärt, er wolle zeigen, daß er kein enfant
2230 1860 3260 1896 terrible ſei, wie viele Blätter ihn zu benennen beliebt haben, ſondern
2233 1895 3260 1931 daß er als geſetzter Mann die Dinge reiflich überlege; dann aber ſei
2233 1929 3261 1966 er verpflichtet, alles dasjenige vorzubringen, was er zur Wahrung
2233 1963 3261 2000 der Intereſſen derjenigen für nöthig erachtet, die er zu vertreten hat.
2234 1997 3258 2033 Er beklagt ſich darüber, daß Leute, die längſt ausgedient haben, ihren
2233 2032 3260 2069 Abſchied nicht bekommen, ſo daß ſie im Kriegsfalle nicht in den Land⸗
2234 2066 3259 2103 ſturm, ſondern in die Landwehr eingetheilt zu werden beſorgen müſſen.
2232 2096 3262 2137 In der Landſturm⸗Evidenz herrſche große Unordnung. Es werde kein
2233 2135 3264 2171 Unterſchied zwiſchen den Leuten gemacht, welche in die erſte, und den⸗
2232 2170 3262 2206 jenigen, welche in die zweite Abtheilung gehören. Redner beſpricht die
2234 2204 3264 2241 Frage der Verköſtigung der Soldaten; für die einrückenden Bauernſöhne
2235 2238 3260 2274 wäre eine Uebergangskoſt zu empfehlen, da die Leute an Fleiſchkoſt nicht
2235 2274 3266 2308 gewohnt ſind. Auch möge man den Soldaten nicht die ganze Mittags⸗
2236 2308 3265 2342 koſt in Eine Schale geben, ſo daß die Knochen ſich in die harten
2234 2336 3264 2376 Knödel ſpießen. Es wäre auch gut, wenn die Knochen vorher ein
2236 2376 3266 2411 bischen beſſer abgewaſchen würden. Bei großer Hitze ſollen die
2236 2411 3264 2444 Soldaten zum Baden geführt werden oder Branntwein zum Ein⸗
2235 2445 3265 2480 reiben der Füße erhalten; allerdings müßte das Letztere unter Auf⸗
2236 2479 3264 2514 ſicht geſchehen, damit der Branntwein nicht anders verwendet werde.
2235 2513 3264 2549 (Heiterkeit.) Im Allgemeinen aber möge man den Leuten mit
2235 2547 3265 2584 Humanität entgegenkommen. Man möge auch darauf achten, daß
2236 2581 3265 2616 die Chargen die Leute nicht ausnützen. Wenn ein reicher Bauernſohn
2235 2616 3266 2650 zur Uebung kommt, wird er oft von der Charge ſekkirt, bis er Geld
2235 2646 3267 2686 hergibt; gibt er es her, dann wird er erſt recht ſekkirt, damit er mehr
2237 2685 3267 2720 hergibt. Bei der Einberufung von Bauernſöhnen möge auf die Ernte⸗
2236 2721 3124 2755 zeit Rückſicht genommen werden.
2322 2753 3266 2789 Landesvertheidigungs⸗Miniſter Feldzeugmeiſter Graf Welters⸗
2237 2788 3266 2822 heimb will zunächſt einige an ihn gerichtete Interpellationen beant⸗
2237 2822 3269 2857 worten. Bezüglich einer Interpellation des Abg. Dr. March et über
2238 2857 3266 2891 Beurlaubungen zum Zwecke der Theilnahme an Rebveredlungen
2238 2891 3267 2926 bemerkt der Miniſter, daß die Heeresleitung aus unerläßlichen Dienſtes⸗
2237 2925 3268 2960 und Standesrückſichten nicht in der Lage ſei, allgemeine Verfügungen
2238 2960 3266 2995 zu treffen. Einzelne Fälle können nach Befürwortung der berufenen
2238 2994 3267 3029 Behörden nach Thunlichkeit behandelt werdeu, wie dies auch ſchon
2238 3029 3268 3064 wiederholt der Fall war. Er werde eine Verordnung erlaſſen, wonach
2239 3063 3268 3096 bei Beurlaubungen jene Soldaten in erſter Linie zu berückſichtigen
2238 3097 3266 3131 ſind, welche eine Ackerbauſchule abſolvirt haben und ſich der
2239 3126 3266 3166 eigenen Wirthſchaft thatſächlich widmen oder vor ihrer Einreihung
2240 3166 3268 3200 als landwirthſchaftliche Arbeiter thätig waren. Bei unſerer beſchränkten
2240 3196 3268 3236 Dienſtzeit ſei es nothwendig, die Zeit für die Ausbildung ſehr ſtrenge
2240 3236 3268 3270 auszunützen, um das Ziel zu erreichen. Es ſei ausgeſchloſſen, jeden
2240 3270 3269 3303 einzelnen Mann nach ſeinem ſpeciellen Intereſſe zu behandeln. Wir
2240 3304 3268 3338 haben thatſächlich nur einen halb ſo großen Präſenzſtand als Mächte
2241 3339 3266 3373 von annähernd gleicher Größe und Bevölkerungszahl, ſo daß die Ent⸗
389 3425 800 3492 Kleine Chronik.
845 3494 1090 3528 Wien, 6. Juli.
178 3540 1128 3583 [Perſonal⸗Nachrichten.] Der Statthalter von Ober⸗
102 3580 1127 3620 öſterreich, Baron Puthon, iſt in Iſchl angekommen und im
104 3619 1127 3660 „Hotel Eliſabeth“ abgeſtiegen. — Herrenhausmitglied Dr. Ignaz
100 3658 1126 3698 Edler v. Plener hat ſich heute zum Sommeraufenthalte nach
99 3697 1127 3735 Windiſchgarſten begeben. — Der Kaiſer hat den mit dem Titel
101 3735 1127 3774 und Charakter eines Hof⸗ und Miniſterialrathes bekleideten
103 3774 1127 3814 Sectionsrath Karl Ritter Schultes v. Felzdorf und
101 3812 1125 3852 Tzimitz zum Hof⸗ und Miniſterialrathe ernannt und dem mit
101 3850 1128 3891 dem Titel und Charakter eines Regierungsrathes bekleideten erſten
103 3883 1129 3930 Cuſtos der Hofbibliothek, Wenzel Hartl, in Anerkennung ſeiner
102 3928 1129 3966 vieljährigen erſprießlichen Dienſtleiſtung den Orden der Eiſernen
103 3966 1129 4007 Krone dritter Claſſe verliehen. — Geſtern Nachmittags iſt in
104 4005 1128 4043 Döbling, Heiligenſtädterſtraße Nr. 37, der Repräſentant des
103 4043 1129 4084 Bürgerlichen Brauhauſes in Pilſen, Herr Eduard Bürger, im
104 4082 496 4120 54. Lebensjahre geſtorben.
183 4137 1130 4178 [Slatin Paſcha.] Wie aus Trieſt gemeldet wird, iſt
104 4177 1129 4215 Slatin Paſcha geſtern Abends dort um 9 Uhr an Bord des
108 4215 1006 4255 Lloyddampfers „Imperator“ aus Alexandrien eingetroffen.
183 4269 1129 4310 [Der Ruhetag im Gaſtwirthe⸗Gewerbe.] Im
106 4308 1130 4348 Saale des „Hotel Zillinger“ hielten heute Nachts die Hotel⸗
106 4347 1130 4386 gehilfen ihre General⸗Verſammlung ab, welcher Gremial⸗Präſes
106 4385 1130 4423 Seiler, Hotelier Zillinger, der Vertreter der Gewerbe⸗
106 4423 1129 4463 Behörde, Dr. Ripka, der Director der Gremial⸗Fachſchule, Pro⸗
108 4462 1129 4501 feſſor Heß, und Gremial⸗Secretär Zahna beiwohnten. Nach
108 4501 1129 4541 Erſtattung des Berichtes über die letztjährige Thätigkeit des Ge⸗
107 4539 1129 4578 hilfenausſchuſſes und über die Gebahrung der Krankenkaſſe, welche
106 4578 1128 4617 beide beifällig zur Kenntniß genommen wurden, ſprach Gremial⸗
106 4616 1130 4657 vorſtand Hotelier Seiler über die Gründung einer
108 4655 1130 4694 Stellenvermittlung für Hotelier⸗Gehilfen. Der Redner ſchil⸗
108 4693 1131 4734 derte die heutigen Mißſtände im Stellenvermittlungsweſen
109 4732 1130 4771 und regte die Einrichtung einer ganz Cisleithanien umfaſſenden
110 4771 1130 4810 Stellenvermittlung an, welcher alle Hoteliers und auch die Gehilfen⸗
108 4809 1130 4850 ſchaften Oeſterreichs beitreten ſollen. Herr Seiler erklärte, daß er
108 4848 1131 4889 ſein Project eheſtens im Detail ausarbeiten und die Genehmigung
109 4886 1130 4925 der Regierung für dasſelbe einholen werde? Gehilfenobmann
111 4924 1131 4964 Slovaczek begrüßte dieſes Project als einen neuerlichen Beweis
111 4963 1131 5002 der Fürſorge der Principale und ſtattete unter ſtürmiſchem
111 5001 1131 5042 Beifalle denſelben den Dank ab. Die Verſammlung beſchloß
111 5039 1131 5081 ſodann, ebenfalls in Folge einer Anregung des Herrn
114 5079 1131 5117 Seiler, die Gründung eines vom Wiener Kellnerbund
113 5117 1131 5155 bereits projectirten Oeſterreichiſchen Kellnerbun⸗
113 5153 1132 5197 des und übertrug dem Gehilfenausſchuſſe die Berathung
102 5194 1133 5231 und Einleitung der diesbezüglich erforderlichen Schritte. Der
1173 3426 2198 3465 Gehilſenobmann beſprach ſodann die Frage des gewerblichen Ruhe⸗
1171 3464 2198 3504 tages. Das Kellnergewerbe ſei in Bezug auf die Sonntagsruhe
1172 3503 2197 3542 mit den anderen Productiv⸗Gewerben zuſammengeworfen worden,
1174 3541 2199 3580 bei denen ganz andere Bedingungen beſtehen. Das Geſetz ſchreibe
1173 3579 2197 3620 die Sonntagsruhe oder, wo dieſe dem Betriebe nach nicht zuläſſig,
1172 3619 2199 3658 eine zweimal wöchentlich: ſechsſtündige Ruhepauſe vor. Durch die
1173 3657 2199 3697 Sonntagsruhe ſeien die Principale geſchädigt, eine ſechsſtündige
1173 3696 2198 3734 Ruhepauſe dagegen ſei für die Gehilfenſchaft keine Wohlfahrt. Die
1172 3734 2198 3773 Verſammlung beſchloß hierauf, einverſtändlich mit dem Gremium,
1173 3773 2199 3812 an die Regierung um Feſtſetzung eines zwölfſtündigen
1172 3811 2199 3852 Ruhetages heranzutreten. Erſt nach 3 Uhr Morgens ſchloß
1172 3849 1446 3889 die Verſammlung.
1252 3900 2198 3941 [Diſtanzfahrt Graz⸗Wien.] Morgen den 7. d.
1172 3939 2200 3978 gelangt ein 200⸗Kilometer⸗Straßenrennen zur Entſcheidung. Dies⸗
1172 3978 2199 4017 mal iſt Graz der Ausgangspunkt und in Wien, Kilometerſtein 5
1173 4016 2199 4062 der Oedenburger Reichsſtraße (Fortſetzung der Laxenburgerſtraße
1173 4055 2207 4094 im X. Bezirke) das Ziel. Fahrer, die um 6 Uhr Früh in Graz⸗
1173 4093 2199 4133 ſtarten, dürften vorausſichtlich zwiſchen 2 und 3 Uhr Nachmittags
1174 4132 1464 4169 in Wien einlaufen.
1253 4183 2199 4222 [Von der Rax.] Wie man uns mittheilt, beſuchten geſtern
1175 4222 2199 4261 die Töchter des Erzherzogs Karl Ludwig, die Erzherzoginnen
1174 4260 2199 4298 Maria Annunciata und Eliſabeth, die Raxalpe und
1173 4299 2199 4338 nahmen im Erzherzog Otto⸗Schutzhauſe das Diner. Die Erz⸗
1173 4337 2198 4376 herzoginnen erkundigten ſich nach der Stelle, an welcher vor
1173 4376 2197 4415 Kurzem der Wiener Touriſt Buxbaum verunglückte, und be⸗
1173 4414 1677 4453 zeigten ihre lebhafte Theilnahme.
1253 4465 2199 4505 [Die Caiſſon⸗Krankheit.] Während der vorgeſtern
1173 4504 2199 4542 erkrankte Caiſſon⸗Arbeiter Karl Schneider ſich noch im
1174 4543 2199 4582 allgemeinen Krankenhauſe auf der Klinik des Profeſſors
1173 4581 2199 4626 v. Schrötter befindet, iſt geſtern Abends um ½8 Uhr aber⸗
1173 4620 2199 4658 mals ein ſolcher Arbeiter unter ſehr ſchweren Erkran⸗
1173 4658 2199 4698 kungs⸗Erſcheinungen von der Freiwilligen Rettungsgeſellſchaft
1175 4697 2199 4738 auf dieſelbe Klinik gebracht worden. Der Erkrankte iſt
1174 4735 2198 4775 der im zweiten Bezirke, Jägerſtraße Nr. 110 wohnhafte, aus
1174 4774 2200 4814 Husne in Galizien gebürtige und auch dahin zuſtändige 33jährige
1174 4813 2198 4852 verheiratete Caiſſon⸗Arbeiter Cyrill Felka. Wie die ärztliche
1175 4851 2197 4891 Unterſuchung ergab, iſt ſein Trommelfell geſtern Nachmittags im
1175 4890 2198 4928 Caiſſon beim Nußdorfer Schleuſenbau perforirt worden, und es
1174 4928 2198 4968 traten Entzündungserſcheinungen auf, die begreiflicherweiſe von
1175 4967 2197 5006 ſtarken Schmerzen begleitet waren. Felka, der von 2 bis 6 Uhr
1175 5005 2197 5045 Nachmittags im Caiſſon arbeiten ſollte, wurde gegen halb 6 Uhr
1175 5042 2196 5084 unwohl und alsbald auch ausgeſchleuſt. Heute hat ſich ſein Zu⸗
1174 5078 2196 5121 ſtand bereits gebeſſert, bis auf das Vorhandenſein einer ſtarken
1176 5118 2195 5161 Schwerhörigkeit, die übrigens nach dem Dafürhalten der Aerzte
1175 5159 2196 5200 binnen Kurzem völlig behoben ſein dürfte. Desgleichen iſt im
1175 5198 2196 5235 Befinden des Caiſſon⸗Arbeiters Karl Schneider. das vorgeſtern
2241 3425 3270 3465 Abends nach Verlaſſen des Caiſſons bedenkliche Erſcheinungen
2243 3464 3269 3503 aufgewieſen hatte, eine weſentliche Beſſerung zu verzeichnen,
2241 3503 3270 3541 ſo daß er demnächſt völlig geheilt das Spital verlaſſen
2242 3541 3269 3578 wird. Auf der Schrötter'ſchen Klinik kam bisher unter den
2243 3580 3271 3619 Caiſſonkranken nicht ein einziger Todesfall vor, doch dürften
2243 3618 3272 3658 mehrere der erkrankten Caiſſonarbeiter dauernde Störungen des
2244 3658 3271 3696 Gehörſinnes davontragen. Inzwiſchen haben ſich mehrere Fach⸗
2243 3696 3269 3735 männer zum Studium der Caiſſonkrankheit und der Therapie,
2242 3735 3271 3773 ſowie Verhütung derſelben durch zweckdienliche Vorkehrungen ver⸗
2243 3773 3270 3814 einigt. Profeſſor v. Schrötter hat zur permanenten Beobachtung
2243 3809 3271 3851 der Arbeiter im Caiſſon drei Aerzte, Dr. H. v. Schrötter
2243 3850 3270 3890 (Sohn des Profeſſors), Dr. R. Heller und Dr. W. Mager,
2243 3889 3272 3928 delegirt und überdies zur Behandlung der ohrenkranken Arbeiter
2242 3927 3272 3967 ſeinen Collegen Profeſſor Dr. Joſeph Gruber herangezogen,
2243 3966 3270 4003 während ſeitens des Miniſteriums des Innern Ober⸗Sanitäts⸗
2243 4005 3270 4044 rath Profeſſor Dr. Max Gruber (Vorſtand des hygieniſchen
2243 4043 3271 4083 Inſtitutes) mit dem Studium der Krankheit und der Erſtattung
2242 4081 3269 4121 von Vorſchlägen zur Verhütung derſelben betraut worden iſt. Nun⸗
2244 4120 3271 4158 mehr haben auch der Vorſtand des Inſtitutes für mediciniſche
2243 4159 3269 4199 Chemie, Ober⸗Sanitätsrath Hofrath Profeſſor Dr. Ernſt Ludwig,
2243 4197 3272 4236 und deſſen Aſſiſtent Dr. v. Zeynek, ſowie der Profeſſor für
2243 4236 3271 4276 allgemeine und experimentelle Pathologie, Dr. Guſtav Gärtner,
2242 4274 3271 4315 ihre Hilfe bei den Unterſuchungen über Caiſſonarbeiten Herrn
2242 4313 2952 4353 Profeſſor v. Schrötter zur Verfügung geſtellt.
2322 4359 3273 4402 [Abſturz vom Dachſtein.] Wie man der „Linzer
2243 4398 3273 4438 Tagespoſt“ mittheilt, ſoll vorigen Mittwoch ein Touriſt vom
2243 4437 3273 4478 Dachſtein abgeſtürzt ſein. Angeblich ſchloß ſich einer Partie, welche
2243 4475 3272 4513 den Dachſtein beſteigen wollte, ein Herr an, der es aber ver⸗
2242 4514 3270 4554 ſchmähte, da er den Weg bereits viermal gemacht habe, ſich mit
2242 4552 3272 4594 dem Sicherungsſeile anſeilen zu laſſen. An einer gefährlichen Stelle
2242 4592 3272 4632 nun ſtürzte er ab und zog ſich fünf Verletzungen am Kopfe und
2243 4629 3272 4671 eine Zerſchmetterung eines Fußes zu. Der Verunglückte, welcher
2242 4668 3271 4709 wegen Beſinnungsloſigkeit keine Auskunft geben konnte, ſoll ein
2242 4707 2639 4744 Fabrikant aus Wien ſein.
2329 4749 3272 4788 [Ueberfahren.] Der aus Neurode in Preußiſch⸗Schleſien
2241 4783 3273 4820 zugereiſte Commerzienrath Auguſt Taube wurde geſtern Abends
2242 4818 3271 4855 auf der Mariahilferſtraße von einem Einſpänner niedergeſtoßen. Er
2241 4853 3270 4888 erlitt eine Nervenerſchütterung und eine Quetſchung des linken Unter⸗
2241 4886 3269 4925 ſchenkels. Aerzte der Rettungsgeſellſchaft leiſteten ihm Hilfe und
2242 4920 3106 4957 brachten ihn in ſein Abſteigquartier ins „Hotel Kummer“.
2328 4974 3271 5000 [Verhaftung.] Seit dem 1. September v. J. verfolgte das
2242 4998 3272 5034 Polizei⸗Commiſſariat Favoriten den 33jährigen Agenten Theodor
2243 5032 3272 5068 Nowotny, der ſeinem Chef Friedrich Franz Bohn in Schwechat
2239 5062 3270 5106 300 fl. veruntreut hat. Das Landesgericht erließ hinter Nowotny, det
2240 5101 3269 5138 ſich damals nach Amerika geflüchtet hatte, einen Steckbrief. Am 4. d.
2239 5132 3267 5174 iſt der Defraudant aus Amerika hieher zurückgekehrt, und geſtern
2238 5169 3272 5208 wurde er in der Wohnung ſeiner Gattn Leopoldine Nowotny,
2238 5203 2880 5241 Favoriten, Rothehofgaſſe Nr. 19, verhaft###
