3488 5351
199 150 342 191 Seite 8
755 146 1018 190 Wien, Samstag
1438 143 2006 186 Neue Freie Presse.
2458 140 2687 180 1. Juli 1911
3071 134 3271 172 Nr. 16830
160 227 1180 273 Handelswerte, als welches er den Titel Kommerzialrat führte.
163 265 1182 312 Weiter gehörte er dem Staatseisenbahnrate als Ersatzmann
166 305 1182 350 an, ebenso war er eine Zeitlang auch Mitglied des Arbeits⸗
159 345 1181 392 beirates. Der Brauerei Maffersdorf und der Reichenberger
161 385 1180 430 Automobilfabrik gehörte er als Verwaltungsratsmitglied an.
153 425 1182 470 Im Jahre 1906, nach der Deutschböhmischen Aus⸗
155 465 1182 510 stellung, an der er erfolgreich mitgearbeitet, wurde ihm
156 497 1182 547 der Orden der Eisernen Krone dritter Klasse verliehen. In
155 541 1181 587 seiner Heimatsgemeinde Massersdorff, für die er gemeinsam
146 580 1179 628 mit seinem Bruder Herrenhausmitgliede Willy Ginzkey vieles
169 619 1182 665 und Großes geschaffen und der er zahlreiche humanitäre Wid⸗
160 657 1182 703 mungen zukommen ließ, genoß er das höchste Ansehen. An⸗
160 696 1180 743 läßlich der Vereinigung der beiden Gemeinden Maffersdorf
161 731 1180 781 rechts und links der Neiße wurden beide Brüder am
168 772 1180 820 24. Januar 1901 zu Ehrenbürgern ernannt. Außerdem war
157 812 1181 859 er Ehrenmitglied des Ersten deutschen Turnvereines, Protektor
153 849 1181 896 des Militärveteranenvereines und Ehrenmitglied fast sämtlicher
157 890 1182 938 Vereine von Maffersdorf. Alfred Ginzkey war auch ein Mann,
157 929 1177 976 der seine nationale Gesinnung stets offen betont und auch
160 967 1177 1015 durch die Tat bekundet hat. Auch hatte er für die Arbeiter
157 1007 1179 1055 stets ein warmes Herz und eine opferbereite Hand. Zum
157 1046 1177 1098 Zeichen der Trauer steht die Arbeit in den Fabriken bis nach
161 1085 1176 1132 seiner Beerdigung still. Bei seiner Familie, seinen Freunden,
154 1123 1180 1172 seinen Arbeitern und allen, die ihn kannten, wird sein Ableben
158 1162 1177 1211 schmerzlichste Trauer und Anteilnahme erwecken. — Die Leiche
153 1202 1177 1250 wird nach Maffersdorf überführt werden, wo Samstag vor⸗
157 1240 1176 1288 mittags 10 Uhr die Beerdigung stattfindet. Die Einsegnung
154 1279 1081 1328 in Dresden erfolgte in der Friedhofskapelle zu Dresden.
218 1338 1179 1385 [Die rätselhafte Ermordung des Rentners
157 1374 1177 1424 Vermersch.] Aus Paris berichtet unser Korrespondent:
164 1415 1178 1461 Vor etwa Jahresfrist erregte das spurlose Verschwinden des
160 1453 1179 1502 reichen belgischen Rentners Vermersch, eines Junggesellen,
157 1492 1178 1539 der eine Villa in dem reizenden Landorte Le Vésinet zwischen
153 1531 1176 1581 Paris und Saint=Germain bewohnte, großes Aufsehen. Wie
162 1570 1175 1621 im Falle des Marquis d'Abadie d'Arrast erhob sich auch
158 1609 1180 1658 damals die Frage: Verbrechen oder Vergnügungsausflug ? —
160 1648 1178 1696 und die Polizei glaubte, Grund genug zu haben, der letzteren
155 1684 1178 1738 Hypothese den Vorzug zu geben. Vermersch hatte, wie fest⸗
166 1726 1180 1776 gestellt wurde, Neigungen, die ihn mit aller möglichen zweifel⸗
158 1763 1176 1815 haften Gesellschaft in Verbindung brachten, er pflegte häufig
162 1804 1178 1855 zu verreisen, hatte wohl auch manche Gründe, die zuweilen
163 1844 1177 1893 einen Aufenthalt fern von europäischer Staatsordnung
158 1882 1181 1931 wünschenswert erscheinen lassen konnten — kurz, er war eigent⸗
164 1921 1177 1971 lich ein Mann, dessen zeitweiliges Verschwinden vom Schau⸗
158 1959 1179 2011 platze sich ganz plausibel erklären ließ. So begnügte die Polizei
155 1998 1180 2050 sich denn mit einigen oberflächlichen Forschungen, um die Sache
162 2020 1180 2085 dann „wegzulegen“. Hieß es doch sogar, der verschwundene
160 2059 1180 2125 Rentner sei in Tanger, also inmitten einer Kultur, für die
158 2098 1181 2164 seine Neigungen nichts Anstößiges boten, wieder aufgetaucht
158 2152 1180 2202 und lebe dort mit einigen Freunden höchst vergnügt. Dennoch
152 2192 1181 2244 waren die Umstände, unter denen Vermersch verschwand, der seine
153 2230 1179 2283 Villa ganz allein mit einem jungen, nur der flämischen Sprache
158 2270 1176 2322 kundigen Diener, Odile Vercruysse, bewohnte, sehr merk⸗
162 2309 1177 2362 würdig. Vercruysse erhielt eines Tages aus seinem belgischen
163 2347 1178 2401 Heimatsdorfe eine Karte, die ihm den Tod seiner Mutter an⸗
161 2387 1176 2443 zeigte. Er reiste sofort dorthin, fand seine Mutter, am Leben,
153 2425 1176 2480 fehr###e nach Le Vésinet zurück und erfuhr dort, sein Herr sei
155 2465 1175 2517 inzwischen auf Reisen gegangen. Diese Mitteilung wurde ihm
164 2504 1177 2556 durch einen gewissen Ivoris gemacht, einen Belgier, der zu
162 2542 1178 2594 den intimsten Freunden des Vermersch gehörte und oft gleich⸗
160 2581 1176 2636 zeitig mit seiner Geliebten Maria Debloecke Wohnung in der
152 2619 1179 2671 Villa nahm, selbst wenn der Eigentümer abwesend war. Auch
163 2659 1178 2710 andere Personen genossen übrigens eine solche Gastfreund⸗
162 2699 1176 2750 schaft des Vermersch, unter anderen ein Ehepaar Linder
162 2736 1176 2789 aus Paris. Vercruysse, ein sehr simpler Mensch, zerbrach sich
161 2776 1178 2829 nicht weiter den Kopf. Die plötzliche Reise seines Herrn hatte
157 2798 1181 2867 zunächst weiter nichts Auffälliges für ihn. Die Sache mit der
160 2836 1179 2903 mystifizierenden Postkarte hielt er für einen schlechten Spaß und
158 2876 1179 2942 legte ihr so wenig Wert bei, daß diese Karte sogar verloren ging.
164 2931 1174 2982 Ivoris, der seine Freundin Maria Debloecke bei sich hatte,
151 2970 1177 3022 und das Ehepaar Linder blieben einige Tage in der Villa
164 3010 1174 3060 Vermersch' in Le Vésinet. Sie verließen dieselbe dann und
162 3049 1176 3100 Vercruysse blieb allein zurück und erwartete seinen Herrn.
163 3086 1177 3137 Aber dieser kam nicht. Auf eine Anzeige des Dieners suchte
162 3126 1178 3179 man Vermersch, machte einige Spatenstiche im Garten der
162 3165 1179 3216 Villa, vernahm einige Zeugen und entschied zuletzt, Herr
156 3203 1180 3254 Vermersch sei ein Spaßvogel, der die Polizei in unnütze Auf⸗
164 3243 1179 3294 regung versetze. Der Diener ging darauf in seine Heimat zu⸗
166 3281 1177 3333 rück, wo er, ohne sich über des Rätsels Lösung weiter zu
164 3320 1178 3371 beunruhigen, Bergmann wurde. Jetzt, nach Jahresfrist, ist
161 3360 1177 3411 die Lösung in entsetzlicher Weise gekommen. Ein anonymes
163 3394 1179 3451 Schreiben an die Polizei veranlaßte diese, eine gründliche
164 3437 1180 3489 Durchgrabung des Gartens der Villa vorzunehmen, und dabei
165 3476 1180 3529 fand man unter einem Bohnenbeete, das Antlitz nach oben
166 3514 1180 3569 gekehrt, die eine Hand wie rachefordernd erhoben, die voll⸗
163 3554 1178 3608 ständig verweste Leiche des Vermersch. Der Zersetzungszustand
163 3593 1182 3645 gestattet nicht mehr die Feststellung der Todesursache, aber alle
163 3633 1179 3683 Umstände nötigen zu dem Schlusse, daß der Rentner von
164 3672 1179 3723 noch unbekannten Personen in jener Zeit, als der Diener
161 3708 1179 3760 Vercruysse durch den Kunstgriff der falschen Postkarte aus der
158 3750 1181 3800 Villa hinweggerufen war, ermordet und in seinem Garten ver⸗
166 3788 1176 3841 scharrt worden ist. Der allergeringste Verdacht fällt natürlich
168 3827 1180 3879 auf Vercruysse, aber das hat nicht verhindert, daß dieser der
160 3866 1180 3918 erste gewesen ist, den die belgische Justiz verhaftet hat. Ver⸗
166 3906 1179 3955 cruysse kann höchstens ein Zeuge sein. Täter müssen andere
159 3944 1180 3996 Personen sein, während Vercruysse zweisellos bald wieder auf
158 3984 1180 4038 freien Fuß gesetzt werden muß. Nachdem die Polizei die
163 4022 1179 4074 grausige Entdeckung im Garten gemacht hatte, die sie bei eini⸗
165 4060 1181 4115 ger Aufmerksamkeit und weniger Voreingenommenheit schon
160 4099 1179 4149 vor Jahresfrist hätte machen müssen, fand sie sich auch be⸗
166 4138 1177 4190 wogen, sich einmal das obere Stockwerk der Villa Vermersch
166 4178 1181 4227 anzuschauen. Und dabei machten die Sherlock Holmes von
160 4216 1181 4266 Le Vésinet einige erbauliche Entdeckungen. Sie fanden ein
162 4255 1179 4305 blutbespritztes Bett, darauf eine gleichfalls blutbespritzte
158 4294 1180 4345 Frauenschürze und ein großes Brotmesser mit alten Blutflecken.
158 4333 1179 4381 All das war früher den Spüraugen dieser trefflichen Krimi⸗
165 4372 1180 4422 nalisten entgangen. Das Ehepaar Linder ist inzwischen von
161 4412 1179 4460 dem Untersuchungsrichter in Paris zeugenweise vernommen
160 4450 1178 4496 worden. Seine Aussagen lauten sehr präzis und entschieden
165 4491 1176 4539 auf absolutes Nichtswissen von den näheren Umständen des
162 4529 1179 4573 Todes des Rentners Vermersch. Aber diese Aussagen stehen
163 4562 1177 4615 mit Aussagen anderer Zeugen im direkten Widerspruche. Am
166 4605 1178 4655 genauesten werden wohl Ivoris und Maria Debloecke über
157 4645 1177 4693 den Fäll unterrichtet sein, aber sie werden wohl auch die
161 4683 1179 4732 dringendsten Gründe haben, die Sache am wenigsten aufzu⸗
160 4722 1178 4770 klären. Auf Ivoris und seiner Geliebten lastet schwerer Ver⸗
159 4762 1178 4808 dacht und beide wurden in Brüssel verhaftet. Damit ist die
160 4800 1180 4848 Untersuchung an die belgischen Behörden übergegangen, da
158 4839 1178 4886 Ivoris und die Debloecke als belgische Staatsangehörige
160 4878 1180 4925 von dem Gerichte ihres Vaterlandes nicht nach Frankreich aus⸗
164 4912 1180 4967 geliefert werden. Inzwischen zeigt auch die Pariser Polizei
162 4955 1180 5005 großen Eifer, um etwaige hier befindliche Komplicen aus⸗
148 4993 1177 5043 findig zu machen. Sehr spät. Nach Jahresfrist lassen sich so
158 5030 1184 5083 schwere Versäumnisse, wie die Kriminalpolizei sie in diesem
159 5073 1180 5122 Falle begangen hat, kaum noch gut machen. Zu dem vielen
163 5108 1188 5159 Rätselhaften, das der Fall bietet, kommt noch folgendes: Ver⸗
159 5139 1186 5200 mersch hatte einen Hund. Das Tier hat nach dem Verschwin⸗
1232 224 2245 270 den seines Herrn niemals Zeichen der Unruhe gezeigt, es hat
1231 263 2243 308 niemals durch sein Verhalten den Blatz im Garten, wo die
1230 300 2244 348 Leiche verscharrt lag, angezeigt. Dieser Hund hat sich so gleich⸗
1232 342 1972 388 giltig benommen — als wäre er ein Mensch.
1296 384 2242 432 [Ein Rekord im Simultanspiel.] Aus
1228 423 2242 472 München wird uns telegraphiert: Schachmeister Fahrny
1227 463 2242 510 hat gestern hier in der Zen von 4. Uhr nachmittags bis halb
1228 502 2243 553 12 Uhr nachts ein Simultanspiel gegen hundert
1227 537 2244 588 andere Spieler, darunter auch sehr gute Spieler, durch⸗
1227 578 2242 626 geführt. Fahrny gewann 55 Partien, 39 wurden Remis und
1226 616 2242 665 nur 6 Partien verlor er. Fahrny hat damit einen Rekord er⸗
1226 656 2241 704 reicht, da die Höchstzahl der Simultanspiele bisher 80 war,
1226 695 1895 742 die Bernstein 1904 durchgeführt hat.
1306 742 2247 790 [Stilwidrige Kirchenkandelaber.] Wir er⸗
1228 782 2244 830 halten folgende Zuschrift: „Wer Sinn für architektonische
1229 819 2244 869 Schönheit hat, erfreut sich im Vorübergehen des Erstlings⸗
1229 863 2245 909 werkes vom Dombaumeister Schmidt, der Kirche Maria vom
1227 899 2244 950 Siege am Mariahilfergürtel. Das Hauptportal dieser Kirche
1227 942 2244 993 ist nun verschandelt worden. Anstatt der einfachen Kandelaber
1227 974 2243 1029 Schmidts sind nun zwei abgestummelte Teile der an und für
1228 1015 2243 1070 sich schon häßlichen städtischen Grätzin=Kandelabertype aufgestellt
1225 1061 2243 1109 worden. Eine kundige Hand hätte leicht die Kandelaber
1225 1100 2243 1149 Schmidts für Grätzin=Beleuchtung adaptieren können — aber
1231 1139 2245 1189 auch hier äußert sich leider Pietätlosigkeit und Geschmacklosig⸗
1229 1179 2246 1227 keit. A. Hablitschek, Architekt, Mitglied der Deutschen
1228 1219 2127 1267 Kunstgenossenschaft und des Albrecht Dürer=Vereines.“
1303 1268 2242 1314 [Todesfälle.] Heute nachmittags wurde die Leiche des
1222 1306 2238 1354 akademischen Medailleurs und Wappengraveurs Josef Klei⸗
1221 1338 2240 1393 nert, Vaters des Redakteurs kaiserlichen Rates Karl Erasmus
1221 1383 2241 1432 Kleinert und des akademischen Malers Josef Edgar Kleinert, zu
1221 1424 2243 1471 Grabe getragen. Bei der Einsegnung in der Kirche St. Othmar
1222 1462 2240 1507 waren unter anderen Chefredakteurstellvertreter der „Wiener
1221 1501 2241 1549 Zeitung“ kaiserlicher Rat Dr. Sträßle und einige Mitglieder
1223 1540 2240 1588 der Redaktion anwesend. Die Leiche wurde zur Beisetzung auf
1222 1579 2240 1625 den Zentralfriedhof gebracht. — Heute ist hier Herr Sami
1222 1617 2239 1663 Seidl, Seniorchef der Firma Seidl & Back, im 54. Lebens⸗
1222 1657 2238 1703 jahre gestorben.— Herr Moritz Koralek, Fabrikant in Topko⸗
1224 1696 2202 1743 witz an der Elbe, ist am 28. d. im 60. Lebensjahre gestorben.
1299 1743 2238 1789 [Erste mährische Landespferdeausstel⸗
1223 1783 2239 1830 lung.] Aus Olmütz wird uns berichtet: In Anwesenheit
1225 1823 2238 1868 des Ackerbauministers Baron Widmann, des Statthalters
1219 1861 2240 1908 Baron Heinold, des Landeshauptmannes Grasen S###e⸗
1224 1900 2236 1947 renyi, des Grafen Jaroslaw Thun als Präsidenten und
1225 1940 2238 1986 des Freiherrn v. Baratta als Vizepräsidenten des Landes⸗
1226 1979 2240 2025 kulturrates wurde heute hier die Erste mährische Landespferde⸗
1226 2017 2239 2066 ausstellung eröffnet, die zahlreich beschickt ist. Es sind über
1226 2061 1805 2105 400 Pferde bester Zucht ausgestellt.
1299 2104 2232 2149 [Ein Meteor.] Man schreibt uns: „Als ich am 29. d.
1221 2143 2239 2190 durch die Grillparzerstraße gegen die Ringstraße zu ging, sah ich
1222 2176 2242 2227 um zirka ½9 Uhr abends ein herrliches Kugelmeteor
1221 2221 2239 2267 langsam in nördlicher Nichtung gegen die Universität zu fliegen.
1222 2260 2242 2306 Die Erscheinung glich einer Ralete, schien nicht sehr hoch über
1224 2299 2242 2345 die Häuser herzukommen und in sonft geneigter Bahn niederzu⸗
1227 2338 2240 2384 grhen. Dr. N.“ Eine zweite Zuschrift lautet: „Am 29. d.
1226 2377 2242 2423 um 8 Uhr 38 Minuten abends sah ich vom oberen Stadtplatze
1224 2416 2242 2463 in Klosterneuburg ein ungemein hell leuchtendes Meteor in der
1223 2454 2240 2502 Richtung vom Hermannskogel gegen den Bisamberg, das ist von
1222 2493 2239 2541 Westsüdwest gegen Ostnordost, sich bewegen. Das Meteor ist
1224 2532 2240 2579 insofern einem Kometen ähnlich gewesen, als es einen intensiven
1220 2572 2240 2618 Feuerschein nach sich zog. Soweit ich beobachten konnte, erlosch
1226 2607 2240 2657 es plötzlich beiläufig 50 Grad vor Erreichung des Horizonts.
1222 2653 1562 2688 Baronin Bettina N.“
1304 2695 2237 2742 [Konkursverhängung über den Nachlaß des
1222 2734 2239 2781 ermordeten Agenten Dedejan] Das Wiener
1221 2774 2248 2820 Landesgericht hat heme über das Nachlaßvermögen des am
1222 2813 2239 2859 16. Januar 1911 von seinem Landsmann Igra Eremian er⸗
1221 2852 2238 2898 mordeten Agenten Jakob Dedejan in Wien, 20. Bezirk,
1222 2889 2239 2938 Greiseneckergasse 11, den Konkurs eröffnet. Zum Konkurs⸗
1221 2930 2240 2977 kommissär wurde Landesgerichtsrat Thauner, zum einstweiligen
1220 2969 2239 3015 Masseverwalter Dr. Isak Allerhand bestellt. Die Termine
1222 3009 2187 3054 wurden für den 11. und 31. Juli sowie 4. August festgesetzt.
1306 3056 2241 3098 [Frequenz der Kurorte.] Die letzten Kurlisten weisen
1223 3091 2237 3134 nachstehende Frequenzziffern der Kurorte und Sommerfrischen aus:
1223 3124 2250 3168 Abbazia 23.838, Aussee 930, Baden 14.310, Bad Hall 1842, Balaton⸗
1222 3160 2242 3202 bad 242, Constantinbad 201, Eichwald bei Teplitz 219, Faakersee 51,
1222 3195 2241 3238 Franzensbad 5125, Gaiufahrn 1092, Gießhübl=Sauerbrunn 67,
1224 3227 2257 3270 Gleichenberg 1243, Gmunden 805, Goisern 601, Gräfenberg=Frei⸗
1224 3263 2241 3305 waldau 1010, Hofgastein 1320, Karlsbad 29.970, Königswart 115,
1222 3297 2241 3340 Krapina=Töplitz 1165, Luhatschowitz 1292, Marienbad 11.988,
1223 3332 2241 3375 Pistyan 7210, Reichenau (Edlach, Prein) 1616, Reichenhall 4376,
1223 3367 2243 3409 Römerbad 179, Rohitsch = Sauerbrunn 889, Semmering 7346,
1226 3401 2241 3445 Spindelmühle 755, Teplitz=Schönau 2293, Trencsin=Teplicz 2905,
1222 3435 2241 3479 Veldes 1192, Vöslau 2598, Zuckmantel 177, Bad Elster 4802, Bad
1222 3477 1726 3513 Nauheim 14.775, Helgoland 3832.
1315 3540 2239 3582 [D er Erste Wiener Ferienkolonien=Spar=
1220 3574 2235 3617 und Unterstützungsverein für Kinder, 4. Bezirk,
1220 3609 2239 3651 Karlsgasse 3,] unter dem Protektorate der Erzherzogin Maria
1219 3644 2238 3692 Rainer, sendet auch dieses Jahr über 1000 Kolonisten auf das Land.
1223 3678 2244 3725 Gegenwärtig befinden sich im fürstlich Liechtensteinschen Schlosse
1224 3710 2243 3756 Thernberg, welches der Verein seit dreißig Jahren dank der Muni⸗
1225 3746 2244 3791 fizenz des regierenden Fürsten Johann von und zu Liechtenstein für
1224 3776 2244 3828 seine Schutzlinge während der Sommermonate beziehen darf, über
1221 3816 2259 3857 100 Kinder. Weiters befinden sich derzeit schon in Steiermark,
1223 3850 2241 3893 Mitterdorf und Kindberg die Kolonisten. Um 4. Juli tritt eine große
1221 3886 2239 3929 Schar die Reise nach Schloß Wolfpassing, sowie Langenwang und
1227 3914 2243 3963 Lu###schaun in Sieiermark an. Diesen folgen mit Beginn der Ferien
1229 3954 2240 3997 die unter dem besonderen Schutze des Erzherzogs Rainer und seiner
1221 3989 2261 4033 Gemahlin steyenden Kolonisten nach Oberpiesting in das dortige neue
1217 4022 2239 4068 Schulgebäude. Die letzten Ferienkolonisten treten ihre Heimreise An⸗
1220 4052 2239 4102 fang September an. Um Spenden zur Gründung eines Kinderheims
1220 4086 2261 4136 und Erhaltung unserer Ferienkolonie wird innigst gebeten. Diese
1222 4126 2241 4168 werden von der Administration der „Neuen Freien Presse“ sowie in
1221 4162 2151 4203 der Vereinskanzlei, 4. Bezirk, Karlsgasse 3, entgegengenommen.
1306 4203 2240 4245 [Die behördlich genehmigte Schreibmaschin=
1226 4239 2239 4286 und Stenographieschule Glogowski & Co.,]
1217 4273 2238 4318 1. Bezirk, Franz Josefskai 15, eröffnet am 1. Juli wieder Spezial⸗
1220 4307 2237 4351 kurse. Einschreibungen für diese Kurse finden am Dienstag und
1220 4337 2240 4385 Donnerstag statt. Die Aufnahmen in die allgemeinen Kurse finden
1220 4377 2240 4420 täglich von 10 bis 12 Uhr vormittags und von 3 bis 5 Uhr nach⸗
1218 4420 1406 4456 mittags statt.
1304 4453 2239 4495 [Ein Vortrag des Professors Herzfeld im
1219 4484 2239 4534 Marienbader Aerzteverein!] Vor einigen Tagen hielt
1220 4518 2240 4564 der bekannte Wiener Gynäkologe Professor Herzfeld im Marien⸗
1220 4554 2239 4600 bader Aerzteverein einen Vortrag über konservative Behandlung
1221 4587 2240 4634 chronisch entzündlicher Erkrankungen der weiblichen Sexualorgane.
1220 4621 2240 4672 Aus dem sehr interessanten und formvollendeten Vortrage wäre be⸗
1218 4659 2239 4702 sonders die seit langem bekannte Superiorität Marienbads als
1225 4694 2246 4737 Frauenheilbad hervorzuheben. Bei dem ungewöhnlichen Reichtum an
1219 4727 2241 4775 Eisenmoor unterstützen die stark glaubersalzhältigen Wässer die Be⸗
1220 4763 2240 4808 hebung der beinahe immer vorkommenden Darmstörungen in emi⸗
1220 4797 2240 4841 nenter Weise und sichern dadurch die Erzielung eines vollen Heil⸗
1218 4836 1346 4879 erfolges.
1392 4890 2072 4932 Kirchenmusik für Sonntag den 2. Juli.
1307 4933 2242 4976 In der Votivkirche um 10 Uhr: Asperges, Introitus
1221 4969 2243 5016 und Communio: Choral; Messe in B-dur von Vinzenz Goller,
1220 5004 2244 5048 Graduale („Benedicta“) von J. Singenberger und Offertorium
1223 5043 1748 5083 („Beata es“) von Johann Diebold.
1305 5072 2243 5115 In der altkatholischen St. Salvatorkirche um
1224 5100 2239 5151 ½10 Uhr: „Frohlocket hoch, ihr Menschenkinder“ von Skalich und
1223 5145 1723 5187 Andante religioso von Thomé.
2397 216 3193 267 Eine neue Transplantationsmethode.
2335 275 3261 321 Wichtige Entdeckung amerikanischen Gelehrten.
2535 331 3056 367 (Telegramm der „Neuen Freien Presse“.)
2371 369 3309 424 Berlin, 30. Juni. Eine aufsehenerregende medi⸗
2281 413 3311 471 zinische Entdeckung wurde heute in Berlin von einem
2283 458 3309 510 jungen amerikanischen Forscher, Professor Carrel, vom
2285 502 3310 554 Rockefeller=Institut in Newyork vor einem
2281 545 3306 596 kleineren Kreise von Aerzten in dem Auditorium der
2282 587 3306 641 wissenschaftlichen Abteilung des chirurgischen Universitäts⸗
2280 634 2726 682 klinikums bekanntgegeben.
2360 674 3309 728 Das mit großen Mitteln ausgestattete Rockefeller=Institut
2283 716 3308 770 in Newyork ist eine Stätte freier wissenschaftlicher For⸗
2283 758 3309 820 schung, etwa nach Art des von Ehrlich in Frankfurt am
2283 804 3310 855 Main geleiteten Speyer=Institutes. Der Umfang der zur
2283 845 3311 899 Verfügung stehenden Summen ermöglicht die Anstellung
2284 889 3313 945 einer großen Zahl von Forschern, bei denen lediglich nach
2284 933 3305 989 der wissenschaftlichen Befähigung gesehen wird. Einer der
2282 976 3306 1032 erfolgreichsten unter ihnen ist der jetzt 38jährige Chirurg
2284 1019 3308 1072 Alexis Carrel aus Lyon, der sich schon seit Jahren
2283 1062 3306 1116 durch seine Experimente über Gefäßnähte, Ueberpflanzung
2285 1106 3305 1162 von Gefäßstücken und Organen von einer Körperstelle auf
2284 1149 3308 1202 die andere oder von einem Tier auf das andere Weltruf
2283 1192 3307 1246 verschafft hat. Auf seinen Methoden beruhte zum Beispiel
2282 1234 3310 1289 die im vorigen Jahre von Unger in Berlin ausgeführte
2281 1278 3309 1332 Operation, bei der es gelungen war, eine Affenniere im
2286 1323 3117 1375 menschlichen Körper zur Einheilung zu bringen.
2372 1365 3310 1418 Neuerdings beschäftigt sich Carrel mit dem Studium
2284 1408 3312 1462 des Wachstums von Körpergeweben außer⸗
2285 1450 2731 1503 halb des Körpers.
2367 1498 3311 1550 Das bisherige Ergebnis seiner Experimente führte:
2286 1543 3309 1593 er heute einem kleinen Kreise von Gelehrten vor.
2288 1586 3311 1636 Carrel und seinen Mitarbeitern ist es gelungen,
2285 1629 3302 1680 Gewebe vom fertigen ausgewachsenen
2285 1672 3301 1723 Individuum außerhalb des Körpers
2284 1718 2693 1764 weiterzuzüchten.
2365 1756 3306 1807 Was Robert Koch mit seinen Gelatinekulturen be⸗
2283 1803 3306 1854 züglich der Kleinlebewesen gelungen, ist hier in seinen An⸗
2285 1847 3305 1896 fängen für die hochentwickelten Tiere verwirklicht. Als
2286 1890 3309 1939 Kultur wird Blutplasma genommen, das heißt Blut⸗
2285 1934 3307 1984 flüssigkeit, aus der rote und weiße Blutkörperchen ent⸗
2285 1979 3098 2027 fernt, Serum und Fibrin zurückbehalten sind.
2367 2022 3305 2074 Der Vortragende zeigte in Lichtbildern Photogramme
2289 2059 3310 2112 mikroskopischer Präparate von der Haut und der Schild⸗
2281 2108 3308 2161 drüse von Mäusen, Fröschen und Hühnern, an denen
2286 2146 3309 2198 man mit aller Genauigkeit sehen konnte, wie von der
2287 2195 3305 2243 Grenzzone des ans dem lebenden Tiere
2284 2238 3306 2286 herausgeschnittenen Gewebes aus neue
2282 2282 3213 2332 Gewebsteile weitergewachsen waren.
2369 2324 3311 2374 Unter den Bildern befanden sich unter anderen
2283 2366 3306 2416 folgende: Man schneidet ein kleines Hautstückchen aus
2289 2406 3309 2460 dem Körper und bringt in der Mitte eine Schnittwunde
2286 2452 3307 2503 an, nun sieht man deutlich, wie die so entstandene Ge⸗
2285 2497 3302 2546 webslücke sich allmählich mit neuem Gewebe ausfüllt, die
2285 2535 3303 2590 Wunde also vernarbt. Dabei bietet sich weiter die Möglich⸗
2286 2584 3304 2634 keit, zu erforschen, ob und inwieweit ein Zusatz von
2286 2627 3309 2676 Chemikalien das Wachstum des neuen Gewebes fördert
2285 2674 2493 2716 oder hemmt.
2369 2714 3306 2766 Gleiche Beobachtungen lassen sich an Geschwulsten
2278 2756 3305 2808 machen. Von solchen krebsartiger Natur wurden Bilder
2284 2796 3304 2851 gezeigt. Man sah deutlich das Stückchen der ursprüng⸗
2284 2841 3306 2895 lichen Geschwulst und die ganz enorme Masse neuen
2284 2887 3299 2938 Gewebes, die auf dem künstlichen Nährboden innerhalb
2285 2930 3301 2980 24 Stunden hinzugewachsen war. Man sah ferner,
2284 2974 3301 3025 wie Veränderungen der äußeren Bedingungen das Wachs⸗
2285 3013 3304 3069 tum der Geschwulst noch mehr zu beschleunigen oder aber
2285 3059 3301 3113 in viel stärkerem Maße zu hemmen vermögen als beim
2285 3106 2597 3144 normalen Gewebe.
2363 3145 3303 3197 Vorläufig handelt es sich hier noch um Experimente,
2279 3188 3301 3241 aber sie bieten den Ausblick auf eine praktische Nutz⸗
2287 3233 3304 3283 anwendung beim Menschen, weil nunmehr die
2286 3274 3301 3328 Möglichkeit geboten ist, außerhalb des Körpers
2285 3314 3304 3369 die Wirkungsweise von Mitteln zur
2281 3361 3300 3414 Wundheilung oder zur Behandlung des
2284 3406 2812 3453 Krebses zu studieren.
2363 3448 3301 3499 In einigen Dankesworten gab zum Schluß Professor
2284 3491 3302 3541 Vier, der bekannte Berliner Chirurg, unter dem Beifall
2287 3534 3302 3585 aller Anwesenden dieser Bedeutung der neuen Forschungen
2287 3577 3303 3627 Ausdruck. Auch der als Gast anwesende bekannte Chemiker
2282 3619 3300 3672 Geheimrat Fischer beglückwünschte den Newyorker Gast
2285 3655 3303 3716 zu seiner außerordentlichen Entdeckung und Professor
2281 3706 3300 3757 Sticker wies ausdrücklich darauf hin, daß die Carrelsche
2287 3749 3302 3801 Entdeckung ungeahnte Ausblicke auf die ganze moderne
2286 3796 2677 3843 Geschwulstlehre eröffne.
2313 3879 3281 3933 Die Protestaktion gegen die Errichtung eines
2364 3925 3226 3977 Tuberkulosenheims auf dem Semmering.
2857 3982 3269 4024 Semmering, 30. Juni.
2362 4032 3303 4080 Nach Schluß der Protestversammlung, über deren Verlau###
2284 4072 3301 4118 im Abendblatte berichtet wurde, begaben sich die Teilnehmer
2284 4110 3301 4162 und die inzwischen eingetroffenen Mitglieder der Kommission
2289 4151 3303 4197 zu der zirka eine halbe Stunde vom Gasthause Hanl in
2287 4190 3303 4235 Breitenstein entfernten Baustelle, die sich 849 Meter über dem
2289 4228 3303 4275 Meere befindet und gegen Süden und Osten vorzüglich ge⸗
2285 4268 3303 4315 schützt, von Wald und Wiesen umgeben ist. Der Weg führt
2286 4307 3301 4353 über die mit einem Kostenaufwande von 100.000 K. eigens
2286 4347 3302 4393 für das Tuberkulosenheim von Dr. Kupelwieser ange⸗
2287 4387 3303 4433 legte Straße, welche das Heim mit der Station Breitenstein
2287 4431 2516 4470 verbinden soll.
2359 4464 3301 4510 Vor der Kommissionierung wurde auf der Baustelle selbst die
2288 4503 3302 4551 Protestversammlung fortgesetzt. Oberbaurat Engelmann
2286 4543 3303 4588 protestierte namens des Landesverbandes für Fremdenverkehr
2288 4581 3302 4627 auf das entschiedenste gegen das Projekt. Er verwies auf einen
2287 4619 3303 4667 Bauplatz bei Mariazell, auf den er Herrn Dr. Kupelwieser
2285 4658 3304 4705 wiederholt aufmerksam gemacht habe. Herr Gersbacher
2287 4698 3266 4744 protestierte namens der Gewerbetreibenden vom Semmering.
2361 4737 3302 4788 In besonders scharfer Weise nahm der belgische General⸗
2288 4775 3302 4827 konsul v. Doret, Villenbesitzer am Semmering, Stellung
2285 4813 3303 4860 gegen das Projekt. Er verwies auf eine seinerzeit von Baron
2284 4852 3302 4902 Nathaniel Rothschild geplante Stiftung zur Errichtung
2286 4892 3301 4944 eines Tuberkulosenheimes in Reichenau, gegen die Erz
2284 4931 3303 4980 Herzog Karl Ludwig Einsprache erhoben habe, weil die
2287 4970 3302 5018 Gegend sonst ruiniert worden wäre. Redner meint, wenn man
2284 5008 3302 5058 sich an den Sohn des Erzherzogs, an den Thronfolger,
2285 5045 3301 5095 wenden würde, so würde er sich an die Aktion in Reichenau
2284 5083 3302 5138 Erinnern und gewiß denselben Standpunkt einnehmen wi###
2284 5123 2461 5175 sein Vater.
