2479 3508
100 212 195 240 Nr. 182
449 210 627 238 Wien, Samstag
962 203 1209 233 Arbeiter-Zeitung.
1555 207 1706 233 6. Juli 1895
1939 207 2024 229 Seite 5
72 278 712 314 seine Herzthätigkeit war herabgesetzt. Schneider ist nach
73 306 712 338 entsprechender Behandlung ins Allgemeine Krankenhaus
73 328 711 363 (Klinik Schrötter) gebracht worden. — Wie wir erfahren, wird
71 355 713 388 der Vorstand des hygienischen Instituts, Professor Dr. Max
72 379 713 413 Gruber, der seitens des Ministeriums des Innern mit
71 404 712 436 dem Studium der Caissonkrankheit und der Erstattung zweck¬
71 429 713 464 dienlicher Vorschläge zu deren Hintanhaltung betraut worden
71 454 713 489 ist, in der nächsten Sitzung des Obersten Sanitätsrathes das
70 481 712 513 Referat erstatten. Professor Gruber studiert die Bedingungen
70 504 713 538 des Auftretens der Krankheit an Ort und Stelle und ihren
70 530 713 563 Verlauf am Krankenbett. Sehr auffällig ist, daß in letzter
71 554 713 589 Zeit insbesondere häufig Arbeiter erkrankten, die zum ersten¬
71 580 713 614 mal im Caisson beschäftigt waren. Die ärztliche Unter¬
72 604 713 640 suchung, die der ersten Verwendung zu dieser gefährlichen
72 631 713 665 Arbeit vorhergeht, scheint bisher nicht feststellen zu können,
71 658 626 691 welche Personen widerstandsfähig genug sein werden.
136 686 714 717 * So wird das Volk begraben. Wir erhalten
70 712 713 746 folgende Zuschrift, der wir gern Raum geben: Löbliche
69 737 713 771 Redaktion! Mit Bezugnahme auf eine im Morgenblatt
68 762 713 796 Ihres geschätzten Journals vom 4. d. enthaltene Notiz
69 787 712 821 ersucht die gefertigte Direktion zur gefälligen Kenntniß zu
68 813 713 846 nehmen, daß für das Waschen der Leichen in der Allgemeinen
68 837 712 870 Poliklinik keinerlei Gebühr eingehoben werden darf, und
68 862 712 897 daß der Portier wegen seines ungebühr¬
68 891 712 922 lichen Vorgehens zur Rechenschaft gezogen
69 912 713 946 wurde. Die Besichtigung der im Spital der Poliklinik
68 937 711 971 Verstorbenen durch die Angehörigen ist jedoch nach behörd¬
69 962 713 997 licher Anordnung erst dann gestattet, nachdem die amtliche
67 987 711 1021 Todtenbeschau vorgenommen worden war. Mit dem Ausdruck
67 1014 712 1048 vorzüglichster Hochachtung Die Direktion: Dr. Monti m. p.
132 1043 712 1074 * Das letzte Hagelwetter im XIX. Bezirk. Durch das
67 1065 712 1096 in der Nacht vom 2. auf den 3. d. niedergegangene furchtbare
67 1088 713 1118 Hagelwetter wurde, wie wir bereits mitgetheilt haben, der
66 1109 712 1143 XIX. Bezirk in besonders empfindlicher Weise in Mitleidenschaft
67 1132 711 1165 gezogen. Es wurde nun der Schaden ziffermäßig festgestellt um
67 1154 712 1185 auf Grund der Ergebnisse desselben eine Entschädigung der be¬
65 1176 711 1208 dauernswerthen Einwohner von Staatswegen zu gewährleisten.
65 1198 711 1230 Seitens des Abgeordneten Wrabetz wurde, wie erinnerlich, noch
66 1222 712 1254 vorgestern ein diesbezüglicher Dringlichkeitsantrag im Parlament
67 1244 712 1274 eingebracht. Ueber die zur Ermittlung der Schäden gepflogenen
67 1265 711 1299 Erhebungen theilt man folgende authentische Einzelheiten mit:
68 1288 711 1320 Während sich der Bezirksvorsteher Oesterreicher von Döbling
69 1310 712 1341 noch am Tage des Hagelwetters über die Beschädigungen der
68 1331 712 1364 Kulturen eingehend informirt hatte, traten am Donnerstag die
68 1354 712 1384 Obmänner der landwirthschaftlichen Vereinigungen des Bezirkes
69 1376 710 1408 gemeinschaftlich mit den Bezirksausschüssen einen Rundgang durch
68 1399 712 1430 das gesammte ländliche Gebiet des XIX. Bezirkes an, um auf diese
68 1422 713 1453 Weise die Größe des entstandenen Schadens annähernd kennen zu
68 1443 711 1474 lernen. Die Sachverständigen kamen zu dem Ergebniß, daß durch
68 1465 713 1497 gänzliche oder theilweise Zerstörung oer heurigen Fechsung sowie
68 1488 713 1519 durch Verwüstung der Kulturen und Neuanlagen der Weingärten,
66 1511 713 1541 die gerade heuer zu den schönsten Hoffnungen Anlaß geboten hatten,
66 1531 713 1561 den Weinbau= und Landwirthschafttreibenden des in Rede stehenden
67 1553 713 1585 Bezirkes ein Schaden im Betrage von mindestens 250.000 fl.
67 1576 713 1608 durch das Hagelwetter verursacht worden war. Die Weinbau¬
69 1597 714 1629 treibenden beabsichtigen, sich an Bezirkshauptmann Dr. v. Frie¬
70 1620 714 1651 beis mit der Bitte um Zuwendung einer Unterstützung seitens
71 1644 715 1672 der Kommune Wien und um Bewilligung der Einleitung einer
71 1667 617 1697 öffentlichen Sammlung für die Beschädigten zu wenden.
134 1691 715 1722 * Elektrotechnikertag. Gestern Vormittags wurde in
68 1719 716 1751 München der dritte deutsche Elektrotechnikertag eröffnet. Der
68 1747 716 1780 Minister des Innern begrüßte die Versammlung namens der
67 1775 715 1808 bayrischen Regierung, Bürgermeister Borscht namens der Stadt.
67 1804 716 1835 Professor Slaby aus Berlin führte den Vorsitz. Nach Erledigung
68 1831 716 1862 des Geschäftsberichtes begaben sich die Theilnehmer vor das
67 1860 716 1891 Polytechnicum zur Enthüllung des in Lebensgröße ausgeführten
69 1887 717 1917 Marmordenkmals des Physikers Ohm. Professor
68 1915 717 1945 Lommels hielt die Festrede. Hierauf hielt der Kultusminister eine
69 1943 717 1974 längere Ansprache und übernahm sodann das Denkmal in den
70 1979 265 2002 Schutz des Staates.
135 1999 716 2028 * „Glühlichter." Soeben ist Nr. 147 erschienen (Preis
69 2022 717 2052 6 kr.). In drastischer Weise behandelt der Inhalt der neuesten
71 2044 716 2071 Nummer den Rücktritt des Koalitionsministeriums und die Miß¬
70 2065 716 2097 geburt des Wahlreformentwurfes. Außerdem beleuchten die
72 2089 715 2118 „Glühlichter“ in Wort und Bild die neuesten politischen und
68 2111 716 2140 lokaken Ereignisse, so daß allen Freunden gesunden Humors auch
69 2135 576 2163 die neueste Nummer bestens empfohlen werden kann.
134 2161 715 2188 * Skandalöse Vorfälle sind in Barcelona ans Licht
65 2187 716 2221 gekommen. Die dortige Polizei entdeckte zahlreiche Lasterhöhlen, in
66 2217 716 2247 welchen sich Mädchen von sechs bis zu vierzehn Jahren
66 2245 715 2274 befanden. Viele Herren aus den vornehmsten Kreisen
66 2273 715 2302 Barcelonas sind schwer kompromittirt; einige haben sich ihrer
68 2301 716 2329 bevorstehenden Verhaftung durch die Flucht entzogen. Bis jetzt
69 2328 714 2356 wurden nur Personen weiblichen Geschlechts festgenommen, und
69 2356 715 2386 zwar die Besitzerinnen der berüchtigten Häuser und die Mütter der
69 2384 716 2414 preisgegebenen Kinder. — Sie sind doch überall dieselben, die
74 2423 717 2451 „vornehmen“ Kreise, und auch die Polizei ist dieselbe — sie läßt
69 2444 458 2469 die Angehörigen dieser Kreise — laufen.
138 2468 716 2495 * „Gebildete“ Söhne des Mars. In Karlsruhe
72 2490 716 2520 drangen in gewaltthätiger Absicht Offiziere in das elterliche
73 2514 717 2541 Haus eines Studenten, der eine aus Säbel eingegangene
70 2535 716 2565 Forderung in Pistolenmensur zu verwandeln sich weigerte, wobei
69 2557 717 2585 die Schwester des Studenten, welche die Thür zuhielt,
72 2579 716 2608 von den Offizieren mit ihren Säbeln verwundet wurde. — Wo
70 2602 716 2629 blieb da das „höhere Ehrgefühl“, das den Offizieren inne¬
72 2622 717 2652 wohnen soll? An wehrlosen Frauen sich vergreifen, ist doch keine
72 2652 181 2676 Heldenthat!
138 2673 717 2702 * Parlamentarische Raufhändel. Gestern fand, wie
73 2676 724 2732 aus Rom telegraphirt wird, das Duell zwischen dem Unterstaats¬
72 2705 724 2761 sekretär Galli und dem Deputirten Marescalchi statt. Der letztere
71 2731 722 2788 erhielt eine Verletzung am Kopfe, worauf die Aerzte erklärten, daß
72 2759 720 2815 der Zweikampf nicht fortgesetzt werden könnte. Galli wurde an der
68 2787 721 2844 linken Hand leicht geritzt. Die Nachricht, daß Unterstaatssekretär
70 2816 701 2872 Galli seine Demission gegeben habe, ist vollständig unbegründet.
132 2843 718 2903 * Brückeneinsturz. Durch den Einsturz einer Brücke in
69 2872 717 2931 Bristol stürzten sechshundert Menschen, welche einer Regatta
70 2901 721 2959 von hier aus zusahen, aus einer Höhe von 40 Fuß in den Fluß.
71 2928 651 2988 Vierzig Personen wurden verletzt, darunter mehrere schwer.
133 2953 721 3014 * Selbstmorde im Juni. Im Juni dieses Jahres sind
71 2975 720 3037 im Wiener Polizeirayon vierzig Zivilpersonen, darunter
74 2997 721 3058 11 Frauen, freiwillig aus dem Leben geschieden. Erhenkt haben
72 3021 720 3084 sich 14, darunter 3 Frauen; durch Schußwaffen getödtet 9 Männer
72 3044 721 3106 und eine Frau; Gift nahmen 3 Männer und 3 Frauen; in den
73 3067 722 3130 Wellen der Donau fanden 5 Männer und 2 Frauen ihr Grab:
74 3088 720 3152 eine Frau stürzte sich von der Höhe herab und erlag den erlittenen
72 3113 725 3174 Verletzungen; eine Frau wählte den schrecklichen Tod durch Ver¬
73 3133 722 3197 brennung, und ein Mann durchschnitt sich den Hals. Im Juni 1894
73 3155 723 3220 gab es 31 Selbstmorde. Im ersten Semester dieses Jahres zählt
76 3177 746 3242 man 186 Selbstmorde, und zwar im Jänner 24, Februar 24,
75 3200 721 3267 März 33, April 30, Mai 35 und im Juni 40. Im ersten Halbjahr
78 3230 422 3285 1894 zählte man 216 Selbstmorde.
145 3274 724 3309 * Selbstmord. Auf dem Felde bei Neukettenhof (Schwechat)
76 3297 723 3334 wurde am 2. d. die Leiche eines Mannes aufgefunden, der sich
78 3319 724 3358 durch einen Revolverschuß getödtet hatte. Die Leiche des Selbst¬
740 276 1382 302 mörders wurde als die des 38jährigen Fragners Franz Proft,
740 298 1384 322 Wieden, Lambrechtgasse, der seit einige Tagen vermißt wurde,
741 322 827 345 agnoszirt.
806 348 1383 372 * Zum Mordattentat in der Leopoldstadt. Den
741 369 1385 396 Nachforschungen der Polizei ist es gelungen, einiges Licht in die
742 392 1384 416 gestrige Mordversuchsaffaire in der Odeongasse zu bringen. Es
741 414 1384 437 wurde nämlich ermittelt, daß der angebliche Spielmann, in Wahr¬
742 436 1383 459 heit Ferdinand Benda heiße, 25 Jahre alt, Comptoirist und
742 455 1384 482 aus Smichow bei Prag gebürtig ist. Benda ist ein arbeitsscheues
741 480 1385 503 Individuum und suchte seinen Lebensunterhalt in letzter Zeit als
741 501 827 526 Zuhälter.
807 530 1385 554 * Gerüsteinsturz. Auf dem Neubau XIII. Anschützgasse
742 558 1385 583 stürzte gestern Mittags das Gerüst in der Länge von 5 Meter ein.
742 585 1385 610 Der gerade unterhalb des Gerüstes beschäftigte Maurer Johann
743 613 1385 637 Spiller erlitt durch die herabfallenden Ziegel und Pfosten eine
742 641 1386 665 klaffende Kopfwunde und zahlreiche leichtere Verletzungen an beiden
743 669 1387 692 Armen. Er wurde verbunden und ins Krankenhaus gebracht.
743 696 1386 721 Schuld an dem Gerüsteinsturz tragen die schlechte Verklampfung der
742 723 1386 748 Balken und die Ueberlastung des Gerüstes. Der Polier Weiser
742 752 1385 775 wird als verantwortlicher Leiter des Baues zur Verantwortung
742 782 891 807 gezogen werden.
810 808 1384 833 * Zusammenstoß zweier Wagen. Donnerstag Abends
742 830 1384 854 um 8 Uhr fuhr ein Stellwagen durch die Preßgasse gegen die
741 852 1384 877 Wienstraße, als in entgegengesetzter Richtung ein Tramwaywaggon
740 874 1384 899 kam. Der Stellwagenkutscher fuhr derart unvorsichtig, daß er mit
742 896 1383 921 seinem Fahrzeug an den Tramwaywagen anstieß, in Folge dessen
743 916 1383 946 alle Fensterscheiben der ihm zugekehrten Wagenseite in Trümmer
743 941 1383 966 gingen. Von den Passagieren wurde zum Glücke niemand verletzt.
742 962 1384 988 Gegen den Stellwagenkutscher ist die Strafamtshandlung einge¬
742 987 871 1007 leitet worden.
810 1013 1383 1036 * Diebstähle. Ein zirka 19jähriger Bursche hat aus dem
741 1035 1383 1062 Hof des Hauses Rudolfsheim, Grimmgasse Nr. 7  einen dem
741 1057 1383 1082 Monteur Florian Kloß gehörigen Handwagen mit Monteur¬
741 1078 1382 1105 werkzeugen, 200 fl. werth, gestohlen. — Der 15jährige Julius
741 1101 1383 1126 Mannok hat vor einigen Tagen seinem Vater eine goldene
740 1123 1383 1147 Remontoiruhr mit Doppeldeckel und Filigran=Venezianerkette,
741 1145 1382 1171 200 fl. werth, und eine Brieftasche mit Inhalt gestohlen und
741 1167 1384 1192 flüchtete hierauf. — Dem russischen Regierungssekretär Michael
741 1189 1385 1213 Andrew wurden in einem Hotel im II. Bezirke 111 fl. baar
741 1211 1385 1238 in einer großen grünledernen Brieftasche, 18 fl. werth, zwei goldene
741 1234 1384 1260 Ringe mit Smaragd und ohne Stein, 160 fl. werth, eine goldene
741 1256 1384 1283 Schweizeruhr mit einfachem Deckel und ein Portemonnaie mit
741 1281 947 1305 4 fl. 50 kr. gestohlen.
809 1306 1384 1331 * Fahrraddiebe. In der Nacht zum 23. Juni wurde die
741 1328 1384 1353 Requisitenkammer auf dem Radrennplatz in der Kronprinz Rudolf¬
740 1351 1384 1377 straße erbrochen und daraus zwei Fahrräder, ungefähr 300 fl.
741 1373 1384 1399 werth, Eigenthum des Fabrikanten Rudolf Schreiber. Große
740 1395 1384 1420 Neugasse wohnhaft, und des Buchhalters Hans Binder,
740 1418 1384 1442 Ottakringerstraße wohnhaft, gestohlen. Polizeiagenten verhafteten
741 1439 1384 1467 vorgestern die Thäter in der Person des wegen Diebstahls schon
741 1461 1385 1487 zweimal abgestraften 19jährigen Mechanikers Albert Voß und
743 1483 1386 1508 des 20jährigen Maschinenschlossers Julius Loho. Die entwendeten
742 1505 1386 1530 Fahrräder wurden zerlegt im Besitze der Verhafteten vorgefunden.
742 1529 1170 1552 Beide wurden dem Landesgericht eingeliefert.
807 1555 1386 1579 * Unredlicher Magazineur. In letzter Zeit kamen bei
743 1577 1387 1603 der Exportfirma C. H. Hirsch und Komp., Rudolfsplatz Nr. 9,
743 1599 1386 1623 Lederabfälle abhanden. Vorgestern machte die Firma dem Stadt¬
743 1621 1386 1646 kammissariat die Anzeige und dieses eruirte den Thäter in der
743 1643 1385 1669 Person des Magazinsaufsehers Alfred Wachtl, 19 Jahre alt.
743 1666 1386 1691 Wachtl hat außer den Abfällen auch ganze Pakete Leder entwendet
744 1688 1387 1712 und das gestohlene Gut bei neun Schuhmachern verkauft. Der
744 1709 1387 1739 Schaden beträgt mehrere hundert Gulden. Der junge Mann wurde
744 1734 1031 1758 dem Landesgericht eingeliefert.
814 1760 1387 1785 * Verunglückter Knabe. Gestern Nachmittags wurde
746 1788 1388 1813 der zehnjährige Eduard Kegelmann in der Stefaniestraße
746 1815 1388 1841 durch einen von dem Wagen der Firma Hasenmüller herabge¬
745 1843 1388 1868 fallenen, zirka 50 Kilogramm schweren Kohlensäurezylinder nieder¬
746 1870 1388 1897 geworfen, wobei ihm beide Füße zerquetscht wurden. Der ver¬
746 1899 1387 1925 unglückte Knabe wurde unter eine Thoreinfahrt gebracht. Während
745 1926 1389 1952 man die Rettungsgesellschaft avisiren wollte, erschien ein Herr, der
746 1953 1388 1980 angab, den Knaben zu kennen, ihn auf seine Arme nahm und in
745 1985 1020 2006 die elterliche Wohnung trug.
812 2009 1389 2033 * Unvorsichtig. Professor (vor den Schüler hin¬
749 2032 1389 2056 tretend): Nun, Berg, nach welcher Methode würden Sie die
746 2054 1388 2078 angeschriebene Gleichung lösen? — Berg schweigt. — Pro¬
747 2075 1389 2101 fessor (ihm auf die Schulter klopfend): Na, Berg, da scheint
745 2098 1298 2124 ja wohl wieder der Ochs am Berg zu stehen!
844 2149 1289 2184 Eingelaufene Druckschriften.
810 2186 1387 2211 Deutsche Worte. Monatshefte, herausgegeben von
746 2208 1387 2234 Engelbert Pernerstorfer. XV. Jahrgang, 1895. 6. (Juni=)
744 2228 1387 2259 Heft. Inhalt: Sozialismus und Naturwissenschaft. Von Dr.
744 2253 1387 2279 Siegfried Rosenfeld (Wien). — Das ländliche Erbrecht.
743 2275 1387 2299 Von Dr. Michael Hainisch (Wien). — Der Fall Schwarz
744 2297 1386 2320 in Baden. Von Dr. Hans Schmidkunz (Nymphenburg bei
743 2319 1387 2348 München). — Die Geschichte des Rechts auf Arbeit. Von Dr.
744 2341 1388 2366 Paul Weinsengrün (Wien). — Der dichterische Ausgang des
744 2363 1387 2390 Dekadenz=Individualismus. — Pseudochrist und Antichrist.
744 2385 1387 2412 Zweiter Artikel. Von Heinrich Hengster  (Wien). — Literarische
744 2408 1389 2435 Anzeigen. — Bezugspreis: Vierteljährig 1 fl. Einzelne Hefte
744 2434 860 2456 kosten 50 kr.
810 2458 1388 2487 (Sämmtliche hier angezeigten Schriften sind durch die
748 2483 1388 2512 Erste Wiener Volksbuchhandlung J. Brand. Wien
745 2508 1212 2536 VI. Gumpendorferstraße Nr. 8, zu beziehen.)
941 2564 1190 2608 Gerichtssaal.
811 2612 1388 2638 (Wie der Wendl=Sepp ein Religionsverächter
748 2637 1389 2665 wurde.) Josef Wendl ist ein herumziehender Feldarbeiter,
746 2661 1388 2690 der elend von der Hand in den Mund lebt, weder lesen noch
748 2687 1387 2716 schreiben kann und alles in allem zu jenen Armen im Geiste
747 2711 1388 2741 gehört, deren das Himmelreich ist. Er hätte wahrscheinlich
747 2737 1389 2765 auch die Anwartschaft darauf ewig behalten, wenn nicht
746 2761 1388 2790 plötzlich die irdische Obrigkeit von Wiener=Neudorf entdeckt
747 2785 1387 2816 hätte, daß der Wendl ein ruchloser Freigeist, ein Religions¬
747 2811 1388 2839 verächter ist, der mit Haut und Haaren dem Satan an¬
751 2836 1388 2866 gehört. Wie das kam? Der Wendl hatte bisher immer für
748 2861 1388 2890 einen guten Katholiken gegolten, und er hatte, da überhaupt
748 2885 1387 2914 das Nachdenken nicht seine Sache war, auch nie einen
748 2911 1386 2940 Anlaß gefunden, die Wahrheit der kirchlichen Dogmen zu
748 2940 855 2965 bezweifeln.
814 2960 1387 2988 Doch da kam der Frohnleichnamsmorgen, und der
749 2985 1384 3012 Wendl=Sepp gerieth in Feiertagsstimmung, die sich bei ihm
749 3009 1385 3038 traditionsgemäß dadurch äußerte, daß er sich bezechte.
750 3034 1384 3063 Bevor noch die Prozession durch die Straßen zog,
751 3060 1384 3090 also um 9 Uhr Früh, war er schon vollkommen
750 3085 1386 3111 betrunken. Er torkelte aus dem Gasthaus und sah mit
750 3110 1386 3141 strahlendem Blick in die Welt, die sich bunt und bewegt um
750 3134 1385 3165 ihn aufthat. Die Straße entlang waren an den Häusern
750 3159 1385 3188 bunte Laubguirlanden gewunden, das holprige Pflaster der
750 3183 1385 3215 Hauptstraße war der ganzen Breite nach mit frischgemähtem
751 3209 1384 3237 Gras und duftenden Feldblumen bestreut, knapp vor dem
751 3233 1382 3261 Gemeindehause stand ein aus Brettern rasch aufgerichteter
752 3258 1381 3289 hoher Altar, den ein prächtiger purpurner Baldachin über¬
752 3282 1381 3309 wölbte und in dessen Nähe sich der frische Feldgeruch der
753 3306 1379 3335 Blumen mit dem betäubenden Duft des Weihrauchs mengte.
1411 277 2053 304 Zu beiden Seiten der Straße drängte sich die Menge, festlich
1413 302 2054 329 geputzt, mit andächtig feierlichen Mienen der Prozession
1412 327 2054 357 harrend. Da kam sie schon heran, ein langer Zug, dem eine
1412 352 2054 379 Standarte vorausgetragen wurde. Tief neigten sich die Zu¬
1412 377 2055 409 schauer, und die ganze Gemeinde hub zu singen an, in tiefer
1412 402 1817 428 Andacht, aber mit schlechter Harmonie.
1478 426 2054 453 Der Wendl=Sepp guckte eine Weile neugierig und blöd
1412 451 2055 477 in all das kirchliche Gepräge, doch als der Gesang erschallte,
1412 476 2055 502 da nahte sich ihm der Böse in Gestalt des beleidigten —
1412 501 2056 527 musikalischen Gehörs. „Was singt's denn ös da, geht's lieber
1413 526 2056 553 ham," lallte er den entsetzten Gläubigen zu, die ihn eine
1413 551 2055 577 Weile überrascht anstarrten, dann aber den wackeren und
1413 575 2056 601 handfesten Herrn Gemeindediener Vinzenz Kroneis herbei¬
1413 599 2056 625 riefen, der den trunkenen Sepp in den Gemeindekotter ab¬
1413 625 2057 651 führte. Die ehrsame Bürgerschaft war sehr empört über den
1413 649 2056 677 Zwischenfall, weniger wegen der Worte, die der Sepp sprach,
1414 675 2056 703 als wegen der zerlumpten und dürftigen Kleidung, mit der er
1414 700 2055 727 sich unter sie, die anständigen und feiertagshalber ganz be¬
1413 725 2056 752 sonders wohlgekleideten Leute gewagt hatte. Leider hatte aber
1413 750 2057 776 niemand von ihnen dem Sepp etwas Besseres gekauft, und die
1413 775 1695 802 Entrüstung kam sehr billig.
1478 800 2055 826 Die Leser werden aber schon ungeduldig sein und
1413 825 2057 852 fragen, wieso der Sepp denn eigentlich da Religionsverächter
1412 850 2057 875 wurde. Darauf können wir nur antworten, daß sein Be¬
1412 876 2057 902 nehmen bei der Frohnleichnamsprozession den Thatbestand
1412 900 2058 927 des § 302 St.=G. involvirt, daß der Sepp daher sich der
1413 925 2057 952 Beleidigung einer gesetzlich anerkannten Kirche schuldig
1413 950 2057 977 gemacht hat. Er ist also ein Religionsverächter. Vor dem
1413 975 2056 1002 Erkenntnißsenat benahm er sich sehr zerknirscht und erklärte,
1413 1000 2057 1027 daß er gar nicht wisse, wieso man ihn plötzlich für einen
1413 1024 2057 1051 so schlechten Christen ansehe. Die Zeugen erklärten, der Sepp
1413 1049 2057 1077 sei am Frohnleichnamstage „betrunken, aber zurechnungs¬
1412 1074 2058 1101 fähig" gewesen. Betrunken war er deshalb, weil er im Kotter
1413 1099 2058 1125 seine Kleider vom Leibe riß und zerfetzte, zurechnungsfähig
1413 1124 2058 1152 deshalb, weil eben auch ein zurechnungsfähiger Mensch seine
1413 1148 2058 1176 Kleider zerfetzen kann. Der Wendl=Sepp sitzt zwar schon
1413 1173 2057 1202 lange in Untersuchungshaft, aber er muß seine That mit
1413 1200 1883 1226 weiteren zwei Monaten Arrest büßen.
1480 1234 2057 1259 (Die Schuld der Armuth.) Vor dem Rudofssheimer
1414 1257 2058 1282 Strafrichter, Dr. Schober, stand gestern der Straßenkehrer
1414 1280 2058 1305 Ludwig S. unter der Anklage der Veruntreuung. S. hatte vor
1415 1301 2058 1326 einigen Tagen von seinen Kollegen den Betrag von 14 fl.
1414 1323 2058 1348 erhalten, um bei einem Wirthe dieses Geld für die während der
1413 1346 2058 1371 Woche von den Arbeitern gemachten Zechen zu erlegen. Statt
1414 1368 2058 1392 dessen verwendete er das Geld für sich. Der Angeklagte bekennt
1414 1391 2058 1415 sich schuldig. — Richter: Was hat Sie denn veranlaßt, das
1414 1412 2059 1437 Geld zu verurtreuen? — Angekl.: Bitt', Herr Richter, 's größte
1416 1434 2059 1460 Elend. J hab' z' Haus a Weib und vier Kinder, die san alle
1415 1456 2059 1482 fünfe 's ganze Jahr krank. B'sonders mei Weib, dö lebt
1416 1477 2058 1503 eigentli gar net mehr, dös flackert nur allerweil wia a
1414 1501 2058 1525 Liacht'l, wann's auslöschen will. Und dö Kinder, dö armen
1414 1522 2059 1547 Hascher, wann ma dö anschant, wie s' krank umananda¬
1414 1544 2057 1569 lieg'n, da muaß si' an jed'n Mensch'n 's Herz im Leib umd'rah'n.
1414 1566 2058 1592 Und i muaß dös Elend 's ganze Jahr mit anschau'n und kann
1414 1588 2058 1613 net helfen. Wie i von meine Kamerad'n dös Geld für'n Wirth
1415 1611 2055 1636 kriegt hab', da hab' i net widerstehen können. Im Haus kan'
1416 1632 2059 1658 Kreuzer Geld, und alle Tag' is uns mit der Delogirung droht
1416 1654 2058 1680 word'n. Was hätt i denn anfangen soll'n, wann i mit Weib
1416 1676 2062 1705 und Kind wär' delogirt word'n? Herr Richter,
1416 1699 2060 1725 i war mei Lebtag immer ehrlich und rechtschaffen, i hab' no nia
1416 1721 2060 1747 mit 'n G'richt was z'thuan g'habt, aber wia i das Geld in der
1416 1744 2059 1770 Hand g'halten hab', da hab' i nimmer widerstehen können. —
1416 1765 2060 1791 Richter: Ihre Lage ist wohl eine ungemein traurige. Was ver¬
1416 1788 2061 1813 dienen Sie denn? — Angeklagter: An Gulden tägli',
1416 1808 2060 1836 manchmal a' an Gulden zwanz'g, aber wie oft kummt's
1417 1832 2060 1858 vor, daß i wochenlang nix z'thuan hab'. Früher, wia
1416 1854 2062 1879 mei' Weib no’ g'sund war und a was hat verdienen
1417 1876 2061 1903 können, is, eh' no' gangen, aber jetzt is' gar trauri' —
1418 1898 2062 1924 jetzt kann i mir gar nimmer helf'n. Wann i no so fleißig bin
1418 1919 2060 1947 und schau', daß i ma was verdien', es is all's umsonst, 's Elend
1416 1942 2059 1969 z' Haus wird immer ärger. — Richter: Was haben Sie mit
1418 1965 2059 1989 dem veruntreuten Gelde gemacht? — Angekl.: Zualler¬
1418 1987 2061 2012 erst hab' i acht Gulden in Hausherrn geb’n,
1417 2008 2060 2034 damit daß mir in der Wohnung bleib'n
1417 2031 2060 2055 können. Dann hab' i fürs Weib an' nench'n
1417 2053 2059 2079 Strohsack 'kauft, und dann was z' essen.
1416 2076 2060 2102 Wenigstens san ma amal alle satt 'word'n.
1418 2098 2062 2123 — Nach diesen Worten begann der Angeklagte bitterlich zu weinen.
1417 2120 2061 2145 Nachdem er sich einigermaßen beruhigt hat, bittet er den Richter
1418 2142 2060 2167 um eine milde Strafe. In Anbetracht der großen Nothlage, in
1417 2163 2061 2190 der sich der Angeklagte bei Begehung der That befand, verurtheilte
1417 2186 2061 2212 ihn der Richter unter Anwendung des außerordentlichen Milderungs¬
1417 2208 2061 2234 rechtes zu einer Arreststrafe in der Dauer von drei
1416 2233 1785 2257 Tagen. — Göttliche Weltordnung!
1482 2264 2060 2288 (Aus dem Vorschußverein „Ostmark".) Das Vor¬
1417 2285 2062 2312 schußgeschäft des Schlossermeisters Thomas Bachradil beim
1417 2308 2060 2332 Verein „Ostmark", der längere Zeit die Oeffentlichkeit beschäftigte
1418 2330 2061 2355 und auch zu einer publizistischen Fehde geführt hat, fand gestern
1418 2352 2059 2378 vor dem Richter des II. Bezirkes, Rathssekretär Dr. Sedlaczek,
1418 2375 2061 2400 ein Nachspiel. Der genannte Schlossermeister hatte als Mitglied
1417 2397 2062 2422 dieser „Selbsthilfegenossenschaft" um einen Vorschuß von 350 fl.
1418 2420 2061 2444 angesucht. Ein solcher Vorschuß wurde ihm allerdings bewilligt;
1418 2442 2061 2467 allein nicht nur, daß Bachradil zur Sicherstellung eine Lebens¬
1418 2464 2062 2489 versicherungspolizze erlegen und einen Wagenfabrikanten als
1418 2487 2063 2512 Bürgen stellen mußte, wurde ihm — wie er in einem Schreiben
1419 2510 2062 2535 an die „Ostmark" beklagt und auch außerdem betheuert, noch oben¬
1417 2531 2062 2557 drein an Kosten ein Betrag von 170 fl. abgezogen, so daß er 350 fl.
1417 2554 2062 2579 schuldig geworden sei, jedoch nur 180 fl., also beinahe nur die
1417 2577 2061 2601 Hälfte, wirklich bekam. Da dieser Betrag zu seiner Rangirung
1418 2600 2062 2624 nicht ausreichte, er vielmehr in eine noch ärgere Situation kam
1418 2622 2062 2647 und gepfändet wurde, machte er seiner Erregung dadurch Luft,
1418 2644 2062 2666 daß er an die „Ostmark“ einen sechs Seiten umfassenden Brief
1419 2665 2061 2689 richtete, in dem von „Schwindel“ die Rede ist, die „Ostmark"
1419 2686 2061 2711 sei „stier“ 2c. Hierauf vom Rechtsanwalt der „Ostmark“, Advoka¬
1418 2709 2057 2735 turskandidaten Dr. Friedrich Förster, vorgeladen, wiederholte
1419 2731 2060 2756 er die Beleidigungen und griff auch Dr. Förster an. Dies zog
1418 2752 2061 2777 ihm zwei Ehrenbeleidigungsklagen zu. Die des Dr. Förster
1418 2775 2058 2799 endigte kürzlich mit einem Freispruch, da Bachradil eine Ehren¬
1417 2797 2061 2822 erklärung abgab. Allein gleich beim Verlassen des Verhandlungs¬
1417 2821 2062 2844 saales besiegelte er die Ehrenerklärung damit, daß er dem
1417 2841 2060 2867 Dr. Förster eine dem Thierreich entlehnte Injurie zurief. Gestern
1417 2864 2060 2890 hatte sich Bachradil sowohl wegen dieser Beleidigung als wegen
1416 2885 2059 2912 Beschimpfung der „Ostmark" zu verantworten. Er wurde in con¬
1416 2910 1817 2933 tumaciam zu 20 fl. Geldstrafe verurtheilt.
1480 2937 2059 2963 (Arbeiterrisiko.) Bei dem Umbau des Hauses in der
1417 2959 2058 2986 Spiegelgasse, Ecke Graben, waren am 16. April zwölf Taglöhner
1416 2982 2058 3009 mit dem Unterminiren des Erdreichs beschäftigt. Sie gruben zuerst
1416 3004 2058 3033 in senkrechter, anstatt in schiefer Richtung und erst nach geraumer
1415 3026 2058 3055 Weile machte sie der Polier Albert Ben aufmerksam, daß sie
1414 3049 2059 3076 schief graben müssen, weil sonst Einsturzgefahr vorhanden fei.
1414 3073 2060 3098 Diese „Vorsicht" kam aber schon zu spät, die Arbeit hätte nun
1414 3095 2061 3120 sistirt werden müssen, wenn man einem Unglück hätte vorbeugen
1415 3116 2058 3143 wollen. Dies that der Polier nicht, und noch am selben Vormittag
1414 3138 2059 3164 stürzte das Erdreich ein. Eine 4 Meter lange und 80 Centimeter
1411 3159 2058 3190 dicke Scholle begrub drei Arbeiter und verletzte sie nicht unerheblich.
1414 3181 2055 3215 Wegen dieses Vorfalles stand nun der Polier Ben gestern als
1415 3203 2049 3239 Angeklagter vor dem Strafrichter des I. Bezirkes, Dr. Hoernes.
1408 3222 2053 3268 Er leugnete zwar entschieden, nicht schon vor Beginn der Arbeit
1409 3222 2057 3288 die Arbeiter zum schiefen Graben veranlaßt zu haben, und suchte
1407 3243 2057 3312 dadurch die drei Verunglückten als die Schuldigen hinzustellen.
1409 3264 2052 3335 Der Richter schenkte aber den übereinstimmend abgegebenen Aus¬
1407 3289 2056 3358 sagen der drei Verunglückten mehr Glauben und verurtheilte den
