2763 3576
125 187 403 227 I. Juli 1911.
433 293 809 357 Ein Wundertier.
196 366 1122 409 Das merkwürdige Geſchöpf, welches ſich hier präſentiert
108 403 1122 440 und von dem man gegenwärtig im Zoologiſchen Garten zu
107 438 1121 475 Amſterdam ein lebendes Exemplar ſehen kann, iſt ein Säugetier
107 474 1121 511 aus Neuguinea, nicht unähnlich dem Ameiſenbär oder
107 509 1121 550 Ameiſenigel, aber womöglich noch phantaſtiſcher in der Form,
104 545 1120 582 welche in einzelnen Zügen an diejenigen der Reptilien, ja
106 581 1120 617 selbſt der Vogelwelt anklingt. Das Weibchen dieſer ſonderbaren
106 614 1121 652 Tiere, welche ſich mit Hilfe ihres langen Rüſsels von Inſekten
107 652 1120 688 nähren, bringt ihre Jungen in einem pergamentartigen Ei zur
106 688 1120 724 Welt, welches ſie eine Zeitlang „ausbrütet“, indem das Mutter⸗
108 723 1120 758 tier dieſes Ei in einem taſchenartigen Gewahrſam am Unter⸗
108 759 1119 795 leib herumträgt. Das Junge heftet ſich dann nach dem Aus⸗
108 791 1118 831 ſchlüpfen an die Mutterbruſt, erhält aber ſeine Milch nicht aus
103 1653 1115 1689 deren Warzen, ſondern durch das Ausſaugen der Haare, welche
103 1689 1114 1724 die Mündung der Drüſe umgeben. Auffallend wie dieſe Art
104 1723 1114 1759 der erſten Ernährung ſind auch die Bluttemperaturen des
103 1756 1114 1793 Tieres, welche 28 Grad Celſius nicht überſteigen, was bekannt⸗
105 1792 1113 1831 lich für Säugetiere eine ſehr geringe Blutwärme bedeutet.
105 1827 1112 1862 Geht die Lufttemperatur unter 5 Grad herab, ſo iſt das Tier
103 1862 1111 1897 gezwungen, unter der Erde zu überwintern; aber auch gegen
104 1897 1111 1932 Hitze iſt es ſehr empfindlich und ſteht um, wenn dieſelbe 35
104 1933 1112 1968 Grad überſteigt und ſich keine Gelegenheit zum Einwühlen
102 1967 1109 2004 ins Erdreich darbietet, ähnlich wie ein vom Hitzſchlag getroffener
104 2003 1112 2039 Menſch. Die hierauf bezüglichen Studien hat man in Auſtralien
103 2039 1112 2074 gemacht, wo eine dem Tier von Neuguinea nahe verwandte
104 2074 332 2102 Art vorkommt.
101 2196 1111 2233 Loimersdorf, Bezirk Gänſerndorf, ein Spartaſſe⸗
97 2232 1113 2269 buch geſtohlen und auf Grund desſelben widerrechtlich
99 2268 1109 2303 400 K behoben. Mit dem Gelde flüchtete ſie. Zwei Tage darauf
100 2302 1110 2339 iſt ſie hier verhaftet worden. In leichtſinnigſter Weiſe hatte ſie
101 2333 1112 2373 300 K bereits verausgabt. Sie wurde dem Landesgerichte ein⸗
99 2373 236 2405 geliefert.
1761 2401 2108 2454 Wachmann
1601 2476 2149 2534 K. Luttenberger
197 2417 1111 2452 (Selbſtmord eines Wieners in Wels.) Im Gaſthofe „zum
101 2459 1109 2496 Pflug" in Wels hat ſich geſtern der Tapezierermeiſter Albert
103 2504 1110 2540 König aus Wien erhängt. Das Motiv der Tat iſt nicht
99 2547 225 2576 bekannt.
202 2593 1109 2627 (Verhaftete „Koſaken“.) Am 24. Juni nachts wurde
101 2627 1109 2664 einem in Ottakring, Neulerchenfelderſtraße wohnhaften Kauf⸗
101 2664 1106 2699 mann in einem Kaffeehauſe in Hernals von drei Be⸗
99 2699 1106 2734 trügern im Ecartéſpiel ein Betrag von 350 K ab⸗
98 2729 1107 2770 genommen. Einer der Betrüger war im Café als Tierarzt
100 2769 1106 2805 Müller bezeichnet worden. Er iſt nun in der Perſon des
98 2804 1106 2841 33jährigen Schuhmachers Karl Bartunek, Fünfhaus,
100 2839 1105 2877 Goldſchlaggaſſe 15 wohnhaft, verhaftet worden. Bald
98 2874 1105 2912 nachher wurde auch einer der beiden Komplizen, der 34jährige
97 2910 1105 2949 Schneidergehilſe Ludwig Holec, dingfeſt gemacht. Beide ſind
98 2945 1105 2982 Profeſſionsſpieler. Gegen Holec liegt auch die An⸗
95 2981 1104 3019 zeige vor, daß er mit markierten Karten geſpielt hat.
194 3024 1103 3063 (Das ſchadhafte Ofenrohr.) Geſtern vormittags kam im
97 3068 1104 3108 Geſchäfte des Hutmachers Joſef Hepner, Hernals, Haupt⸗
98 3112 1105 3152 ſtraße 103, ein Brand zum Ausbruche, welcher Waren im
96 3155 1105 3196 Werte von 2000 K beſchädigte. Entſtanden dürfte das
97 3200 1105 3240 Feuer durch Schadhaftigkeit einer Ofenröhre ſein.
190 3244 1106 3283 (Verunglückte Kinder.) Der zehnjährige Volksſchüler
97 3277 1105 3320 Rudolf Menſchik, Sohn des Eiſendrehers Heinrich Men⸗
97 3313 1104 3356 ſchik, Mariahilf, Kaſernengaſſe 22 wohnhaft, geriet Donnerstag
95 3352 1103 3393 in der Stadtbahnſtation Pilgramgaffe beim Abſpringen vom
1754 178 2145 218 Nr. 4130. Seite 9.
1163 254 2173 288 fahrenden Zuge zwiſchen Trittbrett und Randſtein des Per⸗
1163 288 2170 323 rons. Er erlitt eine ſchwere Quetſchwunde am rechten Ober⸗
1162 323 2171 363 ſchenkel. Das Kind wurde der häuslichen Pflege übergeben. —
1162 358 2173 394 Der zehnjährige Schulknabe Karl Heisler, Franzensbrücken⸗
1163 395 2171 430 ſtraße wohnhaft, hat ſich Donnerstag abends an einen Streif⸗
1162 429 2171 465 wagen angehängt und iſt zu Boden geſtürzt. Er wurde am
1163 465 2171 500 rechten Fuße ſchwerverletzt. Das Kind wurde ins Kron⸗
1163 500 1744 538 prinz Rudolfs⸗Kinderſpital gebracht.
1259 543 2165 577 (Aufnahme in die k. k. Landwehrkadettenſchule in Wien.)
1160 579 2171 615 Die Aufnahme von Aſpiranten in den erſten Jahrgang der
1160 613 2170 651 k. k. Landwehrkadettenſchule in Wien oder in eine k. u. k.
1160 649 2170 686 Kadettenſchule mit der Widmung für die k. k. Landwehr, welche
1160 686 2169 721 ſich im Bereich der im Reichsrat vertretenen Königreiche und
1159 721 2168 756 Länder befindet, erfolgt mit Beginn des Schuljahres 1911/12
1166 756 2168 792 (21. September). In die höheren Jahrgänge werden keine
1148 791 2168 827 Aſpiranten aufgenommen. Die Aufnahmsgeſuche ſind bis läng⸗
1160 827 2168 863 ſtens 15. Juli beim Kommando der Landwehrkadettenſchule in
1159 862 2168 898 Wien einzubringen. — Alle näheren Aufklärungen nebſt Muſter
1160 894 2167 934 eines Geſuches finden unſere Leſer im Auskunftskalender
1157 926 2167 969 5. Teil für Militärangelegenheiten, der bei Einſendung von
1159 968 2167 1004 30 h in Briefmarken an die Adminiſtration der „Illuſtrierten
1158 1004 2166 1039 Kronen⸗Zeitung", 9. Bez., Pramergaſſe 28, portofrei zuge⸗
1159 1041 1336 1077 ſchickt wird.
1257 1082 2164 1118 (Ein junger Gauner.) Ein etwa 16jähriger Burſche
1156 1119 2164 1156 trat kürzlich auf die elfjährige Karoline Neſtrojil, Rein⸗
1157 1155 2165 1191 dorfgaſſe 8 wohnhaft, zu und verſprach ihr, er werde ihr die
1159 1192 2164 1228 14 K, die ſie trug, in ein Papier wickeln und ihr dann eine
1155 1228 2164 1265 ſchöne Puppe kaufen. Mit dem Gelde verſchwand der Gauner.
1254 1281 2159 1316 (Frau Adamovic⸗Wölfling.) Wir werden erſucht, zu
1156 1317 2162 1353 konſtatieren, daß das Gerücht von einer Wiedervermählung
1154 1353 2161 1389 der Frau Adamovic⸗Wölfling mit dem Münchener
1155 1390 2053 1426 Maler Simon Glücklich nicht auf Wahrheit beruht.
1379 1463 1941 1531 Heldenmütige Wachleute.
1246 1547 2164 1583 Wir haben bereits ausführlich über das wackere Ver⸗
1156 1590 2163 1626 halten der beiden Sicherheitswachmänner Karl Lutten⸗
1154 1634 2164 1670 berger und Karl Zalaudek berichtet, die ihr Leben im
1145 3216 2152 3254 Rettungsdienſte in die Schanze geſchlagen haben. Wir bringen
1147 3259 2153 3296 heute die Bilder der mutigen Männer. Karl Lutten⸗
1146 3305 2153 3342 berger hat ein ſcheugewordenes Pferd des Wirtes „zur
1144 3349 2150 3386 Linde" Johann Lehner aufgehalten und dabei eine ſchwere
890 183 1405 224 Illuſtrierte Kronen⸗Zeitung.
2228 206 2615 303 Auskünfte
2252 302 2612 336 Joſef Hulkiewic, Lem⸗
2213 337 2612 370 berg, Muwarskagaſſe 4
2211 370 2612 406 Das an Sie gerichtete
2211 407 2612 443 Schreiben iſt uns als un⸗
2212 442 2612 478 beſtellbar zurückgekom⸗
2213 471 2612 513 men. Senden Sie ein
2213 513 2612 548 frankiertes, mit genauer
2210 548 2612 583 Adreſſe verſehenes Re⸗
2213 579 2612 615 tourkuvert ein, worauf
2212 616 2612 654 wir Ihnen die Auskunft
2213 652 2612 689 neuerdings zuſchicken
2212 687 2616 724 werden.
2250 741 2611 773 A. Kment. Wenn Sie
2212 777 2611 813 einen Brief erſt Montag
2209 812 2609 848 am 26. Juni abgeſchickt
2210 849 2611 884 haben, ſo iſt eine Rekla⸗
2209 884 2610 917 mation am Mittwoch den
2209 918 2609 955 28. nicht am Platze. Die
2209 955 2610 991 Briefe brauchen ja zu
2209 991 2609 1028 ihrer Erledigung eine ge⸗
2207 1025 2609 1061 wiſſe Zeit. Es kommt ja
2208 1060 2609 1097 nicht täglich nur ein
2206 1096 2609 1130 Brief, es kommen auch
2206 1131 2608 1167 nicht fünf Briefe, es
2206 1166 2607 1201 kommen auch nicht zehn
2205 1203 2606 1238 Briefe, ſondern es kom⸗
2204 1237 2606 1272 men tagtäglich 150
2207 1272 2607 1305 bis 160 Brief?.
2204 1308 2609 1348 Und dieſe 150 bis 160
2201 1343 2606 1378 Briefe müſſen geleſen, ge⸗
2202 1378 2607 1414 ſichtet und beantwortet
2205 1412 2606 1447 werden. Einige Briefe
2203 1449 2606 1485 müſſen Fachreferenten zu⸗
2205 1483 2607 1521 gewieſen werden, welche
2206 1518 2607 1555 nicht im Bureau arbei⸗
2207 1555 2608 1588 ten. Die Uebermittlung
2206 1590 2607 1626 dieſer ſpeziellen fachlichen
2205 1625 2606 1662 Anfragen erfolgt durch
2207 1661 2606 1697 die Poſt. Da wir nicht
2204 1695 2608 1733 jeden einzelnen Brief
2204 1731 2606 1768 ſeparat dem betreffenden
2205 1766 2605 1803 Referenten zuſchicken kön⸗
2207 1803 2605 1838 nen, müſſen wir warten,
2206 1837 2605 1873 bis mehrere Briefe für
2205 1872 2604 1908 einen Referenten beiſam⸗
2207 1908 2603 1944 men ſind. Sie ſehen alſo,
2206 1943 2606 1979 daß es aus techniſchen
2204 1979 2608 2016 Gründen ſehr häufig un
2202 2015 2604 2050 möglich iſt, daß ein
2201 2050 2608 2084 Frageſteller, der am
2202 2084 2605 2119 Montag anfragt, ſchon
2204 2119 2603 2154 Mittwoch die briefliche
2202 2155 2606 2189 Auskunft beſitzt. Auch
2204 2191 2600 2225 wenn Ihre Anfrage von
2200 2226 2602 2261 Briefkaſtenmann bereits
2203 2256 2606 2296 erledigt worden wäre,
2203 2296 2601 2330 dauert es doch zwei bis
2201 2330 2603 2366 drei Tage, ehe der Brief
2200 2367 2600 2395 mit den vielen anderen
2199 2401 2599 2436 hundert Briefen geſchrie⸗
2192 2436 2599 2470 ben und expediert iſt. Seit
2200 2472 2597 2506 1. Jänner ſind etwa
2201 2507 2597 2541 10.000 briefliche Aus⸗
2197 2542 2597 2576 künfte vom Auskunfts⸗
2197 2577 2596 2611 bureau abgeſchickt wor⸗
2198 2613 2598 2645 den. Das ſind 10.000
2197 2646 2602 2683 Briefe in 180 Tagen,
2196 2683 2597 2712 mit den Sonn⸗ und
2195 2718 2597 2752 Feiertagen. Stellen Sie
2196 2754 2597 2788 ſich nur vor, welche Ar⸗
2195 2789 2596 2822 beit das gegeben hätte,
2195 2824 2597 2859 wenn jeder Frageſteller
2195 2860 2595 2894 ſchon nach zwei Tagen re⸗
2196 2895 2597 2928 klamiert hätte. Der
2193 2930 2597 2964 Briefkaſtenmann bittet
2195 2965 2599 2999 Sie und andere Frage⸗
2195 3000 2597 3035 ſteller, nicht gleich die
2194 3035 2596 3070 Geduld zu verlieren, ſon⸗
2195 3068 2598 3109 dern nach Abſendung der
2194 3106 2600 3142 Anfrage abzuwarten, bis
2195 3142 2596 3175 die Beantwortung mög⸗
2195 3177 2597 3212 lich iſt. Der Briefkaſten⸗
2193 3208 2598 3247 mann iſt ſozuſagen auch
2195 3247 2598 3281 ein Menſch, er iſt kein
2195 3275 2600 3323 Zauberer, denn wenn er
2195 3317 2597 3353 zaubern könnte, wäre er
2192 3352 2606 3387 nicht Briefkaſtenmann
