1536 2321
78 11 1292 80 Extrabeilage zu den Innsbrucker Nachrichten Nr. 148.
550 196 950 257 Alle 3 Wochen
272 255 1221 320 eine Gewinn-Ziehung der vom Staate garantirten
286 414 1198 477 Geld⸗Verlooſung.
235 499 1327 568 Originallooſe für alle Ziehungen, (keine Promeſſen), womit die
151 543 1324 610 Haupttreffer von 200,000, 100,000, 50,000, 30,000, 25,000 20,000,
153 591 1322 656 15,000, 12,000, 10,000 ꝛc. binnen 4 Monate gewonnen werden müſſen,
149 637 1324 705 ſind bei einer kleinen Anzahlung von nur fl. 5. direkt zu beziehen bei
276 698 1195 788 L. Steindecker⸗Schleſinger,
200 769 1267 835 Bank⸗ und Wechſel⸗Geſchäft in Frankfurt a. M.
531 834 922 882 Pläne und Liſten gratis
1275 838 1327 897 16
532 979 907 1051 Anzeige.
136 1045 885 1100 Auf Martini d. Js. kommt zu verpachten:
137 1086 1398 1159 1) Der Wirthshof in Stams, wozu gehören bei 15 Jauch Bau⸗
49 1139 1397 1207 grund, bei 17½ Jauch ein⸗ und zweimähdiges Wiesfeld und eine Wirthsgerechtſame.
129 1181 1396 1256 2) Der Stuttenhof in Tratzberg mit ungefähr 17 Jauch Baugrund,
47 1232 1394 1301 zweimähdiges Wiesfeld, 10 Jauch einmähdiges Wiesfeld und 8 Jauch Streumoos.
129 1280 1392 1354 Pachtliebhaber wollen ſich bis Jakobi d. Js. bei der gräfl. v. Enzenberg⸗
46 1324 1394 1400 Tannenberg'ſchen Güter⸗Inſpektion in Schwaz melden, und die Be⸗
43 1375 1389 1451 dingungen daſelbſt einſehen. 12
453 1445 981 1527 Haus⸗Verkauf.
124 1509 1387 1577 In einer der frequenteſten Straßen Innsbrucks iſt ein 4 Stock hohes Haus
41 1553 1387 1621 mit ebenerdigem großen Gewölbe, zu jedem Geſchäfte geeignet und im beſten bau⸗
39 1600 1387 1668 lichen Zuſtande, unter billigen Bedingniſſen zu verkaufen oder auf mehrere Jahre
38 1646 1383 1715 zu verpachten. Auskunft hierüber ertheilt die Expedition dieſes Blattes. 33
411 1714 1008 1795 Verſteigerungs⸗Edikt.
118 1779 1381 1846 Am Mittwoch, den 6. Juli 9 Uhr früh werden in der Exekutionsſache des
35 1825 1380 1893 Jakob Kirchebner von Pradl gegen die ehemalige Auskocherin Eliſabeth Meir hier
34 1872 1378 1940 pct. 190 fl in dem ehemaligen Strafhauſe hier im 2. Stock rückwärts mehrere ver⸗
35 1920 1377 1987 ſchiedene Zimmer⸗ und Kücheneinrichtungs⸗Gegenſtände, dann Betten, Matratzen
33 1967 1060 2030 und Wäſche gegen ſogleich baare Bezahlung verſteigert werden.
113 2016 673 2064 Innsbruck am 28. Juni 1864.
482 2065 910 2131 Dr. Franz Rapp,
372 2117 1028 2172 k. k. Notar als del. Gerichts⸗Kommiſſär.
1338 2136 1371 2176 23
