2746 3589
235 232 482 270 Selbständige
189 280 534 339 Existenz
180 359 542 387 ſind, ſtrebſ. Herr als
177 386 543 416 Filialhalter für größ. Be⸗
177 414 543 443 zirk. Streng reelle Sache,
175 442 542 471 paſſ. für jedermann, ganz
172 469 540 500 gleich, ob in Stadt oder
176 496 543 526 Land wohnhaft. Keinerlei
177 524 545 554 Kenntniſſe nötig. Das Ge⸗
176 552 544 581 ſchäft wird von uns kom⸗
176 579 544 609 plett eingerichtet. Große
174 607 546 636 Reklame auf unſere
178 634 545 663 Koſten. Viel Geldeingang.
176 662 545 692 Sofort groß. Umſatz und
179 690 548 720 gut. Verdienſt von Anfang
180 717 536 747 an. Riſiko ausgeſchloſſen.
181 746 550 775 Auch ohne Aufgabe des
179 773 548 803 Berufes zu betreiben. Nur
180 801 548 830 ehrliche, wenn auch ein⸗
181 828 549 857 fache Leute werden berück⸗
184 856 551 885 ſichtigt. Laden und Kapital
180 883 549 913 unnötig. Kein Abſchluß,
182 911 549 940 keine Lizenzgebühr, keine
184 938 551 967 Kaution oder dergl. Aus⸗
184 966 550 996 kunft koſtenlos. Anged.
183 994 551 1022 unter ,,B. 1102 D.“ an
187 1021 552 1052 Daube u. Co., Köln a. Rh.
305 1049 550 1076 erbeten. 1073
305 1147 535 1187 MOLL'S 8001
187 1191 557 1268 Franzbranntwein
408 1269 574 1340 und Salz
209 1661 546 1713 Schmerzstilllende und kräftigende
205 1713 543 1759 EINREIBUNG
218 1764 546 1793 Original-Flasche K 2.—.
194 1791 564 1828 Erhältlich in Apotheken u. Drogerien.
212 1875 545 1921 Dermato-Therapeut.-Institut
196 1927 567 1972 Wien, I., Rotenturmstrasse 12.
234 1970 530 1999 Staatlich autoriſiertes
244 1999 515 2027 Privatambulatorium
272 2027 480 2056 für Harn⸗ und
223 2094 541 2151 Hautkrankheiten
283 2150 494 2178 Spezialheilſtätte
218 2176 554 2209 für Salvarſan⸗Therapie.
250 2213 525 2252 (Ehrlich 606)
203 2250 570 2278 Ambulatoriſche Erledigung
284 2278 485 2305 in einem Tag.
202 2305 568 2334 Proſpekte. Tel. 21148.
256 2331 510 2359 Ord. 10—5 Uhr.
632 180 990 220 Seite 2. Nr. 4130.
1373 176 1887 221 Illuſtrierte Kronen⸗Zeitung.
2352 178 2615 220 1. Juli 1911.
190 2834 567 2882 Sie sparen Geld!
189 2872 556 2907 Wer gute billige Leinen u.
186 2901 562 2930 Baumwollwaren braucht,
185 2926 563 2961 ſchreibe um Preisliſte und
185 2950 560 2991 Muſter. 10 Meter Reſte
188 2979 563 3011 Bettzeug, Hemdenoxford.
189 3005 563 3042 Hemdflanell, Kleiderzephir,
189 3031 564 3063 Weißwaren ꝛc. franko
192 3055 560 3090 K 17.25. 30 Meter Reſte,
194 3083 565 3115 prima Kleiderbarchent,
194 3107 565 3146 franko K 21.—. Jeder Reſt
194 3135 564 3168 iſt 3—8 Meter lang und
194 3161 569 3193 garantiert waſchecht. Ver⸗
197 3187 566 3220 ſand gegen Nachnahme. —
194 3212 571 3250 Richtpaſſendes nehme retour.
211 3240 568 3270 Reſtenmuſter ſende nicht!
194 3264 564 3296 Weberei und Verſandhaus
251 3293 508 3323 Joſef Neugebauer,
194 3318 569 3347 in Sattel 12 bei Neuſtadt
200 3342 568 3376 a. Mettan, Böhmen. 1349
791 289 1390 340 Tagesnachrichten.
592 345 1605 424 Beraubte Opfer einer Automobil⸗Kataſtrophe.
1220 424 1562 463 Krakau, 30. Juni.
673 469 1605 518 Geſtern nachmittags hat ſich auf der Straße von
594 515 1607 563 Oswiecim nach Krakau ein ſchwerer Automobil⸗
595 562 1606 607 unfall ereignet, der von den Bewohnern der Umgebung
596 606 1607 653 dazu benützt wurde, die Opfer des Unglückes nicht nur
597 652 1608 700 in ſchändlicher Weiſe zu berauben, ſondern auch die
599 697 1608 744 Schwerverletzten hilflos liegen zu laſſen, bis
598 739 1609 788 nach mehreren qualvollen Stunden durch Zufall den Ver⸗
600 787 1610 834 unglückten Hilfe kam. Ueber den Vorfall liegen folgende
599 837 917 878 Mitteilungen vor:
694 883 1607 926 Geſtern nachmittags fuhren in einem Automobil auf der
602 920 1608 963 Straße von Oswiecim nach Krakau der Landes⸗
602 955 1608 997 ingenieur der Bezirkshauptmannſchaft Bugeiski mit dem
602 989 1609 1033 Kommiſſär der Bezirkshauptmannſchaft Kubicks und dem
602 1025 1608 1068 Landesadvokaten Dr. Schlank im raſchen Tempo dahin. In
602 1062 1608 1105 der Nähe von Alvernia fuhr das Automobil mit der⸗
602 1097 1610 1140 artiger Wucht an einen Kilometerſtein an, daß es ſich
602 1133 1613 1174 überſchlug, der Benzinbehälter explodierte
603 1169 1611 1211 und die Inſaſſen in weitem Bogen hinausgeſchleudert wurden.
692 1204 1612 1247 Landesingenieur Bugeiski blieb mit zerſchmet⸗
604 1241 1193 1281 tertem Schädel tot liegen.
713 1275 1614 1317 Dr. Schlank erlitt einen mehrfachen Schädel⸗
604 1312 1397 1353 bruch und eine Gehirnerſchütterung.
698 1346 1613 1390 Kommiſſär Kubicki erlitt mehrfache Fuß⸗ und
604 1388 849 1423 Armbrüche.
695 1418 1616 1459 Obwohl ſich das Unglück bereits um 3 Uhr nachmittags
611 1454 1616 1495 ereignete, wurden die Verletzten erſt durch Zufall von einem
610 1489 1617 1531 vorbeifahrenden Radfahrer bemerkt. Der Radfahrer
610 1525 1618 1567 requirierte ſofort die Rettungsgeſellſchaft aus Krakau,
610 1560 1617 1602 welche den Verunglückten ärztliche Hilfe zu teil werden ließ
611 1595 1618 1637 und ſie in das Spital überführte. Die Leiche des Landes⸗
612 1627 1619 1673 ingenieurs Bugeiski wurde in die Totenkammer gebracht.
612 1666 1547 1709 An dem Aufkommen der Schwerverletzten wird gezweifelt.
704 1702 1619 1744 In der Zwiſchenzeit, während ſich das Unglück ereignete
612 1737 1619 1779 und der Auffindung der Schwerverletzten, waren die Verun⸗
612 1773 1620 1816 glückten von Bewohnern der Umgebung in der ſchamloſeſten
614 1808 1620 1851 und brutalſten Weiſe beraubt worden. Die Straßenräuber
615 1844 1620 1886 hatten dem Toten und den Verletzten nicht nur die
614 1878 1620 1923 Uhren, Ringe, Geldbeträge u. ſ. w. geſtohlen, ſon⸗
615 1914 1622 1957 dern auch den Opfern der Kataſtrophe die Kleidungs⸗
616 1947 1622 1994 ſtücke entwendet und die Beraubten dann ihrem Schick⸗
618 1992 858 2031 ſale überlaſſen.
708 2019 1623 2062 Es wurde eine ſtrenge Unterſuchung eingeleitet.
184 2404 591 2476 2 Kr. wöchentlich
215 2493 566 2595 Zähne
189 2623 590 2653 Dr. Ostiller
307 2659 482 2688 Zahnarzt
199 2702 584 2747 Il., Karmelitermarkt,
186 2753 595 2786 Leopoldsgasse 51. — Teleph.
264 2788 527 2815 Nr. 3979 röm. VIII.
838 2102 1404 2171 Unbekannte Selbstmörder.
934 2181 1302 2220 Der Tote im Walde.
703 2238 1626 2281 Am Montag nachmittags wurde beim Ortseingange
617 2273 1627 2318 nach Dürnbach im Gemeindegebiete von Peiſching im
617 2309 1628 2351 Walde die Leiche eines 30⸗ bis 40jährigen
617 2345 1628 2386 Mannes an einem Baume hängend aufgefun⸗
619 2380 1629 2424 den. Der Tod dürfte vor etwa drei Wochen eingetreten
619 2414 1631 2460 ſein. Zu dieſer Zeit iſt auch ein kleiner, ſchwächlicher
620 2446 1630 2495 Mann, blond, angeblich aus Wien nach Dürnbach ge⸗
621 2486 1631 2531 kommen und erzählte in den dortigen Arbeiterhäuſern der
624 2521 1631 2569 Frau Pottner, daß er aus dem Spital komme, kein Geld habe
623 2557 1633 2600 und weder Arbeit noch Unterkunft finden könne.
623 2592 1633 2636 Frau Pottner erkannte in dem Selbſtmörder jenen Mann.
626 2618 1638 2676 Er hatte keine Dokumente bei ſich, trug graugeſtreiften Stoff⸗
623 2662 1633 2707 anzug, ſchwarzen weichen Hut, Stiefletten und weiße Wäſche
626 2699 1634 2742 ohne Märke. Er war klein und hatte eine Geldbörſe mit
627 2733 1634 2777 90 Heller und einen Wäſchezettel der Feinputzerei Erneſtine
627 2770 1633 2813 Geher, 2. Bezirk. Aſperngaſſe 5, bei ſich. Die Schuhe ſind von
627 2807 1462 2848 der Firma Anton Schwarz, Wien, Nußdorferſtraße.
955 2860 1306 2904 „Franz Leibetzeder“.
722 2909 1637 2950 Am 20. Juni wurde im Gemeindegebiete Zeillern
629 2944 1639 2986 ein Mann von etwa 50 Jahren mit durchſchoſſener
628 2978 1641 3025 Schläfe tot aufgefunden. Er war mittelgroß, unter
630 3014 1641 3061 ſetzt, trug ſchwarzen weichen Hut, bläulichen, ſchwarzgeſtreiften
629 3048 1641 3096 Saccoanzug, faſt neue Schnürſchuhe, braune Socken mit gelben
629 3083 1642 3131 Streifen, weiße Unterhoſe, weißes Hemd der Firma Eduard
633 3118 1643 3168 Fiſcher in Linz. Neben der Leiche lag ein brauner Stock mit
632 3154 1644 3202 Hirſchhorngriff und ein fünfläufiger Revolver. Er hatte eine
632 3189 1645 3236 Remontoiruhr aus Silber mit Doppelmantel bei ſich, der
632 3226 1645 3272 vordere Mantel trägt den Namen „Franz Leibetzeder“.
636 3261 1646 3308 Ein Sacktuch hat die Märke „F. L.“. In einem ſchwarzledernen
635 3296 1646 3344 Geldtäſchchen hatte er 11 K 41 h. Der Tote dürfte den beſſeren
635 3342 1034 3380 Ständen angehört haben.
1700 279 2615 376 Großer Brand in Berlin.
1639 387 2654 440 Mehr als zwanzig Familien in Lebensgefahr. — Ein
2049 436 2253 479 Todesopfer.
1724 494 2654 545 Ein verheerender Brand hat vorgeſtern früh in der
1640 538 2654 589 ehemaligen Alerander⸗Kaſerne in Berlin ge⸗
1640 584 2655 640 wütet. Mehr als zwanzig Familien ſchwebten in
1640 628 2656 677 Lebensgefahr und konnten nur mit großer Mühe
1641 674 2656 721 von der Feuerwehr über Leitern in Sicherheit gebracht
1640 716 2657 765 werden. Eine alte Frau iſt hierbei vor Schrecken
1643 767 1885 806 geſtorben.
1738 820 2656 866 Die ehemalige Alexanderkaſerne in der Alexanderſtraße
1647 857 2660 900 iſt ein altes Gebäude, das ſchon ſeit 1880 nicht mehr als
1647 893 2658 935 Kaſerne benützt wird. Sie iſt Eigentum des Fiskus und wird
1647 928 2659 971 zur Zeit von einem Generalpächter verwaltet. Das Erdgeſchoß
1649 963 2661 1006 und die erſte Etage ſind zum größten Teil zu Fabriks⸗ und
1649 999 2660 1041 Lagerräumen hergerichtet, in den beiden oberen Etagen wohnen
1650 1034 2659 1077 nahezu fünfzig kleine Familien, die meiſt nur ein
1649 1070 2659 1112 oder zwei Zimmer, die früheren Mannſchaftszimmer, gemietet
1649 1106 2660 1148 haben. Die einzelnen Räume ſind noch von alter Zeit her fort⸗
1652 1140 2661 1182 laufend numeriert und münden alle auf einen gemein⸗
1650 1177 2661 1218 ſchaftlichen breiten Korridor, der ſich vom Seiten⸗
1650 1215 2300 1255 flügel nach dem Vorderhaus herumzieht.
1651 1266 2662 1313 Verqualmung der Korridore. — Gewaltige Stichflammen.
1747 1318 2664 1360 Gegen 7 Uhr morgens entdeckten die Bewohner, als ſie
1653 1354 2664 1396 die Türen öffneten, daß die langen düſteren Korri⸗
1653 1389 2665 1432 dore in allen Etagen völlig verqualmt waren. Die
1658 1424 2664 1467 Urſache war, wie ſich bald herausſtellte, ein Brand im
1655 1460 2664 1502 Treppenhaus des Seitenflügels. Von dort her
1656 1493 2666 1538 wälzten ſich ſchwarze beißende Rauchſchwaden die Korridore ent⸗
1656 1530 2667 1574 lang und bald folgten gewaltige Stichflammen, die
1658 1566 2666 1609 eine Länge von 20 bis 30 Metern erreichten. Schon
1658 1601 2667 1644 fingen in den oberen Etagen die Wohnungstüren zu glimmen
1658 1636 2669 1680 an. Die Bewohner wurden vom Schrecken ergriffen und
1662 1672 2669 1716 ſtürzten in ihrer Verzweiflung, die meiſten notdürftig be⸗
1660 1707 2613 1751 kleidet, an die Fenſter nach dem Hof und der Straße zu.
1847 1763 2487 1807 36 Perſonen über Leitern gerettet.
1749 1812 2671 1857 Bereits wenige Minuten ſpäter war die Feuerwehr zur
1659 1842 2672 1890 Stelle. Die Bewohner machten zum Teil auch ſchon Anſtalten,
1660 1883 2671 1928 auf die Straße zu ſpringen. Die Feuerwehr leiſtete wahre
1662 1918 2672 1960 Wunder der Umſicht, Energie und Unerſchrockenheit. Mit
1663 1955 2673 1998 großer Mühe gelang es den zweihundert an der Brandſtätte
1663 1989 2672 2033 tätigen Feuerwehrleuten, 36 Perſonen über Leitern
1665 2024 2674 2067 und mit anderen Rettungsgeräten in Sicherheit zu
1664 2070 1849 2104 bringen.
1760 2096 2674 2139 Eine 70jährige Frau ſtarb nach der Rettung
1663 2132 2472 2177 an den Folgen der überſtandenen Aufregung.
1874 2186 2465 2232 Schreckensſzenen an den Fenſtern.
1752 2237 2675 2282 In die lauten Hilferufe der Männer und Frauen miſchte
1667 2274 2675 2318 ſich das entſetzliche Geſchrei der zahlreichen
1667 2308 2677 2351 kleinen Kinder, die von ihren Müttern in Decken ge⸗
1668 2343 2676 2387 wickelt aus den Fenſtern gehalten wurden, um ſie aus dem er⸗
1670 2380 2677 2424 ſtickenden Qualm zu befreien. Aus allen Häuſern der an⸗
1669 2414 2678 2460 grenzenden Straßen eilten Hunderte von Menſchen herbei, die
1668 2450 2679 2495 aber keine Rettung bringen konnten, da inzwiſchen der ganze
1670 2485 2680 2531 Hof und die Alexanderſtraße auf eine lange Strecke hin durch
1671 2521 2680 2565 dicke ſchwarze Rauchwolken verfinſtert wurden. Man hör:c
1671 2555 2682 2601 wohl die verzweifelten Hilferufe der Un⸗
1671 2591 2681 2637 glücklichen, konnte dieſe aber ſelbſt nicht
1673 2638 1800 2674 ſehen.
1977 2667 2372 2709 24 Leitern aufgeſtellt.
1766 2716 2684 2763 Die Feuerwehr richtete ſofort die großen mechaniſchen
1671 2752 2685 2798 Leitern auf. nachdem den Leuten zugerufen worden war, ſie
1671 2786 2685 2835 ſollten nicht herunterſpringen. Im ganzen waren nicht weniger
1670 2822 2687 2867 als 24 Leitern aufgeſtellt worden. Außerdem
1671 2858 2687 2905 arbeitete die Feuerwehrmannſchaft mit Fangleinen, Säcken
1674 2902 2200 2940 und anderen Rettungsapparaten.
1775 2927 2689 2977 Es gelang den Feuerwehrleuten, die mit wahrer Todes⸗
1677 2963 2691 3014 verachtung an ihr Werk gingen, eine Perſon nach der anderen
1675 3011 2094 3048 in Sicherheit zu bringen.
1866 3056 2500 3103 Das Bravourſtück eines Dachdeckers.
1773 3104 2701 3151 Ein Bravourſtück vollbrachte ein Dachdecker, der
1680 3140 2696 3184 im dritten Stock in unmittelbarer Nähe des Brandherdes
1681 3177 2694 3221 wohnte. Er hatte zufällig eine große Wäſcheleine im Hauſe
1682 3209 2697 3256 und ließ zuerſt ſeine Frau und dann ſich ſelbſt
1681 3245 2696 3290 an der Leine in den Hof hinab. Vorher hatte er ſein
1683 3276 2699 3329 Hündchen, von dem er ſich nicht trennen wollte, in eine Decke
1684 3315 2699 3365 gehüllt und in das Sprungtuch der Feuerwehrleute hinab⸗
1670 3351 2701 3401 geworfen. Er ſelbſt und ſeine Frau erreichten mit Hilfe der
