3168 4834
1817 232 3058 299 Ruhe vor und fragte ihm nach den Ursachen dieser überraschen⸗
1817 278 2967 343 Wellbach wurde unruhig. Der Doktor schrieb die größte
2749 335 3055 388 tete Schlimmes.
1818 366 3059 432 schüttelte den Kopf. Er fand sie sehr aufgeregt und befürch⸗
1816 410 3057 476 fall behandelt hatte. Dieser blieb lange bei der Kranken und
1815 456 3050 522 dem Dorfe kommen, denselben, der sie damals bei jenem Un⸗
1815 495 3054 564 Als es in der Nacht nicht besser wurde, ließ er den Arzt aus
1816 540 2964 612 Bei seiner Heimkehr fand er Magda fiebernd im Bett.
2462 598 3051 654 setzliche Rache zugetraut hätte.
1813 631 3052 702 edeldenkend, als daß er der einst Verschmähten eine so ent⸗
1810 679 3054 744 sein könne, fiel ihm nicht im Traume ein. Er war viel zu
1811 720 3049 786 larven. Daß dies Kascha Mohrfeld, sein ehemalige Geliebte
1813 766 3052 833 wohl tun könne, um die Mitschuldigen Meinbergs zu ent⸗
1813 812 3049 876 tektivs Megow und Buchholz beraten, welche Schritte man
1808 856 2961 919 Wellbach war in Berlin gewesen und hatte mit den De⸗
2249 924 2615 977 Die Schuldige.
2373 997 2499 1047 XVII.
1965 1080 3047 1142 dem Hause ihres Vaters, nach Friedrichshagen zurück.
1808 1124 2955 1187 Dann erhob sie sich endlich und kehrte schwankend nach
2281 1175 3043 1232 in unerbittlichem, wortlosem Schmerz.
1807 1212 3043 1276 lindernde Tränen zu finden, und verharrte so wohl eine Stunde
1800 1257 3043 1322 Boden, barg das Gesicht im Rasen, ohne zu weinen, ohne
1802 1303 3042 1365 ihr Leben, ihre Seele mit sich davon genommen. Sie sank zu
1802 1346 3041 1409 eine ungeheure Leere, wie wenn er all ihr Glück, ihr Denken,
1798 1389 2949 1451 Als sie ihn nicht mehr sah, fühlte sie in ihrem Herzen
2240 1440 3039 1500 Hände: „Erich, was hast du — Erich!“
1801 1481 2949 1543 Magda begriff anfangs nicht — dann hob sie flehend die
2665 1536 3038 1587 von Furien gehetzt.
1794 1568 3036 1633 einen Blick auf sie zu werfen, blieb nicht stehen, lief, wie
1801 1611 2947 1677 Er erhob sich und lief wie ein Knabe davon, ohne noch
2199 1664 3040 1720 den sie angefleht, als er sie abgewiesen.
1805 1704 3035 1765 Sie, dann die Gattin des Sohnes dieser Frau, den sie geliebt,
1800 1744 3031 1812 Werk einer Frau waren, die sich für verratene Liebe gerächt.
1800 1790 3030 1856 Unglück ihres Vaters, sein Elend, ihre zerstörte Kindheit das
1797 1834 3034 1900 je die Wahrheit erführe. Wenn je sie erfuhr, daß all das
1793 1878 3029 1945 lich? Nein, entschieden nein! Wie schrecklich, wenn Magda
1799 1920 3033 1986 diesen Gedanken empörte sich sein Herz. War so etwas mög⸗
1793 1966 3030 2029 raten sollte, war die Tochter des Opfers seiner Mutter. Gegen
2274 2049 2543 2100 — 206 —
1298 227 1513 280 zu töten.“
265 254 1511 324 so unglücklich, daß mir nichts übrig bliebe, als mich selbst
272 304 1511 371 Sie es fänden, wäre ich der unglüchlichste aller Menschen,
273 347 1421 413 „Suchen Sie nicht, Magda, Sie finden es nicht. Wenn
1336 414 1509 466 hielten.“
273 447 1505 511 da Sie doch erst vor ewnigen Wochen um meine Hand an⸗
278 491 1504 557 Ich kann es nicht erraten. Und es besteht erst seit kurzem,
269 532 1505 597 ein Geheimnis, welches unsere Vereinigung unmöglich macht?
268 580 1425 642 „Unmöglich?“ flüsterte sie. „Aber was ist denn das für
336 632 1502 695 ihn einst hatte leiden lassen, so mußte sie nun selbst leiden.
265 676 1414 738 Dasselbe Wort, welches sie einst ausgesprochen. Wie sie
1138 743 1506 793 es ist unmöglich!“
273 775 1498 837 aber er widerstand, er murmelte: „Nein, nein, ich will nicht,
271 817 1503 881 bittere Tränen. Sie versuchte sanft, die Hände fortzuziehen,
264 862 1414 925 Er hatte das Gesicht mit den Händen bedeckt und weinte
1181 918 1499 970 Mann werden?“
264 954 1500 1014 lich — ohne Sie mag ich nicht leben. Wollen sie mein
260 995 1496 1059 zu Ihnen: Erich, ich liebe Sie! Ohne Sie bin ich unglück⸗
264 1041 1500 1104 Sie! Wollen Sie mein Weib werden? — Heute spreche ich
259 1086 1499 1150 lebt. Sie kannten sie und sagten dennoch: Magda, ich liebe
262 1128 1409 1195 „Sie wisse Erich, unter welcher Schmach ich bisher ge⸗
1371 1190 1497 1242 tun?“
256 1218 1407 1283 „Magda — mein Gott — wie es Ihnen sagen — was
898 1273 1498 1328 Geheimnis sei, ich liebe Sie!“
259 1309 1406 1375 „Nun denn, und ich sage Ihnen, welcher Art auch dieses
377 1352 1409 1415 Der junge Mann stöhnte tief auf. Er litt unendlich
417 1409 1406 1469 „Sie antworten nicht ###mit habe ich es erraten?“
722 1466 1410 1521 Er zitterte, wurde rot und schwieg.
681 1509 1492 1563 es betrifft die Ehre eines der Ihrigen?“
262 1552 1404 1610 „Dieses Geheimnis“, fuhr sie fort, „gleicht dem meinigen,
491 1599 1407 1655 Er senkte das Haupt, unfähig zu antworten.
1135 1650 1495 1700 verraten wollen?“
258 1686 1406 1744 „Also haben Sie ein Geheimnis, welches Sie nur nicht
981 1736 1403 1792 „Von ganzer S###ele!“
558 1777 1486 1834 Heute tun Sie das gleiche. Lieben Sie mich?“
259 1822 1488 1878 zurück, ohne Ihnen die Gründe meiner Weigerung anzugeben.
259 1864 1493 1922 nicht seltsam? Einst wies ich Sie, obwohl ich Sie liebte,
254 1908 1403 1963 Sie blieb stehen und sah ihm voll in die Augen. „Ist es
351 1952 1397 2012 „Magda, ich schwöre Ihnen — ich liebe Sie allein!“
729 2031 990 2086 — 203 —
744 2617 984 2653 — 202 —
344 2691 1127 2742 „Unſere Heirat iſt unmöglich, Magda!“
342 2733 1472 2790 Sie empfing den Schlag, ohne die Faſſung zu verlieren.
253 2779 1469 2833 Seit ſie ein Unglück ahnte, vermutete ſie etwas Darartiges.
254 2822 479 2869 „Weshalb?“
342 2867 1471 2922 „Erinnern Sie ſich noch, was Sie einſt in der Dahlwitzer
253 2911 1471 2967 Heide sagten: Meine Liebe sei nichts als eine Spekulation
251 2956 1469 3012 auf Ihr Vermögen? Nun wohl, darüber habe ich nach⸗
250 3003 416 3047 gedacht!“
339 3046 1466 3100 „Aber Erich, das hatten Sie mir doch längſt verziehen!
252 3092 1203 3142 Und nun werfen Sie es mir doch wieder vor?“
339 3137 1469 3191 „Ich habe es Ihnen verziehen, Magda, ich werfe es Ihnen
251 3180 1467 3235 nicht vor, aber trotzdem iſt es mir eingefallen. Ich habe
251 3225 1467 3281 ſeit einiger Zeit nachgedacht, ich bin arm, ein unbekannter
249 3269 1467 3324 Rechtsanwalt — ich will nicht, daß man ſagen ſoll, ich hätte
250 3314 1466 3369 nach Geld geheiratet. Nein, Magda, ich wäre in meinen
250 3358 1464 3413 Augen entehrt. Und Wenn ich jemals annehmen müßte —
248 3403 1464 3457 ſpäter — daß Ihnen ein ähnlicher Argwohn gekommen ſei,
248 3446 1465 3502 dann wäre ich gedemütigt, wäre ich unglücklich. Das aber
246 3491 1464 3545 will ich vermeiden, daher mein Zögern — deshalb wollte
247 3535 1463 3590 ich Sie nicht wiederfehen — deshalb müſſen wir einander
244 3578 570 3627 Lebewohl ſagen.“
332 3625 1461 3678 Er hielt an. Sie hatte ihn nicht Unterbrochen. Als
246 3670 1460 3723 ſie ſah, daß er zu Ende war und ihrer Antwort harrte,
238 3713 1128 3765 ergriff ſie ſeine Hände und preßte ſie heftig.
331 3758 1465 3811 „Erich!“ ſprach ſie, „Sie lügen immer noch. Der Grund
243 3802 1461 3856 zu Ihrer Weigerung iſt ein ganz anderer. Was Sie da
246 3847 1457 3904 vorbrachten, das iſt von uns längſt erwogen und abgetan.
239 3891 1462 3945 Noch vor einem Monat war es Ihr größter Wunſch, mich!
242 3935 1458 3989 zu Ihrer Frau zu machen — trotz meines Vermögens, trotz
237 3979 1459 4035 meines geſchändeten Namens, und da ſoll ich heute Ihren
242 4024 588 4072 Worten glauben?“
332 4069 922 4117 „Ich hatte unrecht — ich —“
330 4112 1458 4167 „Wäre ich nicht heute Ihre Frau, wenn ich damals ein⸗
240 4158 551 4204 gewilligt hätte?“
331 4202 1133 4252 „Das wäre ein großes Unglück geweſen!“
330 4245 1459 4299 „Ein großes Unglück, ſagen Sie? Erich, Sie erſchrecken
241 4290 1453 4346 mich — Sie haben mich getäuſcht — es war nur Einbildung,
240 4333 1457 4389 daß Sie mich zu lieben glaubten — Sie haben mich nie ge⸗
240 4378 1457 4435 liebt. Sie lieben eine andere — eine andere hat ältere Rechte
413 4422 917 4474 auf Sie — das iſt die Wahrheit.“
2283 2632 2526 2668 — 207 —
1794 2700 3015 2758 den Krankheit. Der Vater wußte nichts und vermochte nicht
1794 2755 2050 2794 zu antworten.
1882 2795 3013 2849 „Eine ſehr ſtarke Gemütsbewegung!“ ſprach der Arzt
1792 2836 1954 2882 ſich aus.
1881 2883 3012 2937 Wellbach dachte an die Freude, die Magda bezeigt, als
1791 2927 3010 2982 er ihr die Entlarvung und den Tod des Mörders Markmanns
1790 2972 1949 3011 Mitteilte.
1879 3017 3011 3070 „Das iſt es!“ dachte er. „Weiter kann es nichts ſein.
1789 3059 2900 3115 Ich trage die Schuld, ich hätte vorſichtiger ſein ſollen!“
1878 3105 3010 3160 „Sie ſehen doch nichts Beunruhigendes in ihrem Zuſtand?“
1785 3150 2157 3198 fragte er, ängſtlich.
1879 3194 3008 3248 „Noch nicht!“ lautete die Antwort. „Nun hoffe ich und
1785 3236 3009 3293 morgen komme ich wieder, aber achten Sie ſorgfältig auf
1788 3281 2065 3328 Ihre Tochter!“
1877 3328 3007 3381 Wellbach brachte die Nacht an dem Krankenbett zu. Sie
1785 3371 3007 3427 ſchien zu ſchlafen. Am Morgen kam der Arzt und fand ſie
1784 3416 3005 3471 beſſer. Das Fieber dauerte fort, aber ſie phantaſierte nicht
1786 3458 3006 3515 mehr; nur erſchien ſie ihm unendlich traurig. Vergebens ſuchte
1783 3506 2667 3560 er ſie zu zerſtreuen — ſie antwortete kaum
1873 3551 2417 3597 „Was haſt du?“ forſchte er.
1872 3594 3004 3648 „Ich bin krank, Papa, und müde, traurig zum Sterben.“
1873 3639 2498 3689 „Was hat dich krank gemacht?“
1872 3684 2957 3736 „Weiß man jemals, woher die Krankheiten kommen?“
1872 3728 2395 3775 „Warum biſt du traurig?“
1871 3772 3001 3826 „Weil ich krank bin!“ flüſterte ſie nach langem Zögern.
1870 3815 2882 3869 Er ſah ſie ſtillſchweigend an, ſeufzte und ſchwieg.
1869 3860 2999 3914 Die Beſſerung hielt nicht an — das Fieber wurde ſtärker,
1778 3904 3002 3957 bis endlich der Arzt erklärte, es ſei das Nervenfieber. Von
1779 3948 2599 3998 nun an lebte Wellbach faſt nicht mehr.
1871 3994 3000 4047 „Sagen Sie mir, daß ſie geneſen wird!“ flehte er den
1779 4037 1984 4075 Doktor an.
1868 4083 2999 4136 Das zu verſichern, war dem Arzt unmöglich. Er ver⸗
1778 4125 2998 4179 ſicherte, daß er tun wolle, was in ſeinen Kräften ſtehe, aber
1777 4170 2997 4224 es komme ganz darauf an, welchen Verlauf die Krankheit
1780 4214 2996 4270 nehmen werde. Vorläufig ſei es unmöglich, etwas Beſtimmtes
1777 4259 1978 4303 zu äußern.
1867 4302 2996 4360 „Sie muß unbedingt eine ſehr ſtarke Gemütsbewegung ge⸗
1776 4347 2491 4397 habt haben!“ ſagte er noch einmal.
1865 4391 2994 4446 „Eine Freude — eine ſehr große, unverhoffte Freude!“
1773 4435 2536 4487 glaubte Wellbach beſtätigen zu dürfen.
