1536 2323
714 7 813 50 1343
200 85 1329 209 Gegen jeden veralteten Huſten,
718 221 795 248 gegen
89 253 1434 310 Bruſtſchmerzen, langjährige Heiſerkeit, Halsbeſchwerden, Ver⸗
170 308 1394 365 ſchleimung der Lungen iſt der von mehreren Phyſikaten
172 383 300 434 Preis:
89 430 379 478 öſt. W. Silber:
135 475 339 511 Die 1/1 Fl. 4 fl.
88 503 331 549 Die ½ Fl. 2 fl.
85 542 380 583 Die ¼ Fl. 1 fl.
670 396 867 451 approbirte
390 464 1120 588 Pruſt-Syrup
1143 405 1436 454 Preis:
1145 438 1433 484 öſt. W. Siber:
1145 482 1432 524 Die 1/1 Fl. 4 fl.
1144 511 1437 559 Die ½ Fl. 2 fl.
1141 549 1436 591 Die ¼ Fl. 1 fl.
86 620 1437 672 ein Mittel, welches noch nie, und zwar in zahlreichen Fällen, ohne das befrie⸗
87 668 1436 721 digendſte Reſultat in Anwendung gebracht worden iſt. Dieſer Syrup wirkt gleich
89 716 1435 768 nach dem erſten Gebrauch auffallend wohlthätig, zumal bei Krampf⸗ und Keuch⸗
87 764 1435 816 huſten, befördert den Auswurf des zähen, ſtockenden Schleims, mildert ſofort den
88 811 1434 865 Reiz im Kehlkopfe und beſeitigt in kurzer Zeit jeden noch ſo heftigen, ſelbſt den
333 861 1185 910 ſchlimmen Schwindſuchtshuſten und das Blutſpeien.
170 909 487 954 Niederlagen ſind in
292 953 1216 1007 Innsbruck bei Herren Unterberger & Comp.,
292 1001 1028 1050 Wiltau bei Herrn Johann Erlacher,
293 1048 1062 1100 Kufſtein bei Herrn Joſeph Schirhakl,
296 1095 915 1146 Bozen bei Herrn T. S. Ebner,
293 1144 1256 1197 Feldkirch bei Herren F. J. Giſſinger & Sohn,
294 1192 952 1241 Lienz bei Herrn Ferd. v. Hibler,
294 1240 967 1291 Meran bei Herrn Fr. J. Jörger,
294 1288 1273 1340 Roveredo bei Herrn Franc. Meneſtrino, Farm.
799 1347 1432 1397 G. A. W. Mayer in Breslau.
171 1425 1433 1477 Nachdem ich mich ſo wie meine Frau längere Zeit von einem fatalen Huſten
88 1468 1434 1519 gequält ſah, brauchte ich eine Zeit lang den Mayer'ſchen Bruſt⸗Syrup, und wir
87 1508 1434 1559 erhielten dadurch nicht nur Erleichterung des Huſtens, ſondern auch ein allmäliges
88 1548 1433 1600 Verſchwinden desſelben. — Ich ſtelle dahero die Behauptung auf: „daß dieſer
88 1589 1270 1640 Syrup geeignet iſt, jeden fatalen Huſten zu mindern und zu beſeitigen.“
169 1636 614 1680 Meiſſen, 17. Juli 1863.
456 1686 1309 1735 Jährig, Wund⸗ und Entbindungsarzt, Ritter des
619 1728 1161 1774 Ehrenkreuzes zum Albrechtsorden.
169 1792 1433 1845 Nachdem ich ſeit längerer Zeit an den heftigſten Bruſtſchmerzen litt, welche
87 1833 1430 1884 mich durch öfteres und ſtarkes Blutſpeien dermaßen angriffen und ſchwächten,
87 1874 1432 1926 daß ich faſt zu der leichteſten Arbeit mich nicht kräftig genug fühlte, kam ich durch
86 1914 1432 1966 die Cronſtadter Zeitung auf den Mayer'ſchen weißen Bruſt⸗Syrup, den ich bei
88 1956 1431 2006 Herrn S. P Mailat hier kaufte, und in ſehr kurzer Zeit leiſtete mir ſelbiger das
88 1997 1430 2049 gewünſchte Reſultat. Indem ich allen ähnlich Leidenden obigen Syrup beſtens
87 2038 815 2084 empfehle, beſtätige dies der Wahrheit gemäß.
170 2084 987 2133 Cronſtadt in Siebenbürgen, 20. Februar 1863.
683 2129 1429 2179 Samuel Herter, Maler und Photograph.
