2746 3589
187 238 556 304 Kleine Anzeigen.
253 350 494 376 An Wochentagen:
173 375 576 407 Jedes Wort in gewöhnlicher
253 405 496 432 Schrift 8 Heller.
169 431 579 462 Jedes Wort in fetter Schrift
306 461 445 486 12 Heller.
176 547 572 585 Käufe und Verkäufe.
256 609 502 637 Gelegenheitskäufe!
171 637 580 664 Modernste Herrschafts=Toiletten
171 665 580 692 von K 20, 30 bis K 100.
174 693 582 723 Straßenkostüme, Rohseiden=
172 721 583 748 und Leinenkostüme und
188 748 558 778 Lüstermäntel, Pelzwerk.
173 776 582 804 Ball=, Soiree=, Bühnen=
173 803 583 833 Braut=, Variete=, Flitter=,
174 830 583 859 Kränzchen=, Tanz= und Schul⸗
175 858 583 887 kleider, Plüsch= und Tuch⸗
176 885 584 915 jacken, auch für junge Mäd⸗
173 913 582 943 chen, Prinzeßkleider, Mäntel,
174 942 585 969 Schöße, Blusen, Hüte. Schuhe
175 970 585 999 2c. Riesenauswahl. Nur einzig
175 998 585 1027 bei Frau Frieda Kretz, recte
174 1027 583 1054 Frieme, Herrschafts=Kleider=
175 1054 584 1081 Salon, 20. Bezirk, Brigitten⸗
176 1081 578 1108 auerlände Nr. 28, Tür 18/19.
178 1108 588 1144 Telephan 14853. 15134
179 1147 586 1175 Wegen Aufgabe des Geschäf⸗
178 1170 586 1201 tes verkaufe ich mein Panopti⸗
179 1200 586 1229 kum und Panorama um jeden
179 1228 587 1256 annehmbaren Preis ganz oder
180 1256 588 1284 teilweise alles im guten Zu⸗
179 1284 588 1316 stande. Bude 15 Meter lang,
180 1310 587 1339 5 Meter tief, ganz neu Feil.
180 1337 590 1368 Photograph, Lemberg, Spilal⸗
182 1367 589 1401 gasse 3. 15205
212 1404 588 1431 Sichere Existenz durch An⸗
181 1431 589 1458 kauf einer elektrischen Wäsche⸗
182 1458 589 1488 rolle, täglich leicht K 10 zu
182 1484 590 1514 verdienen, auch werden zwei
180 1512 590 1542 Filialen mit elektrischen Rollen
182 1541 591 1569 verpachtet. Gefäll. Anfragen
183 1568 590 1596 unter „Sichere Existenz Num⸗
182 1596 590 1623 mer 15179“ postlagernd West⸗
181 1625 591 1652 bahnhof, gegen Schein. 15179
202 1654 564 1687 Wegen Ueberfüllung des
179 1687 590 1715 Lagers von hohen Herrschaf⸗
184 1715 591 1743 ten abgelegte, letztmoderne
178 1743 590 1770 Straßenkostüme, Prinzeß=
180 1771 592 1800 kleider in Stoff, Seide, Lei⸗
179 1798 592 1826 nen, Spitzenblusen, Lüster⸗
179 1826 582 1853 mäntel und Schöße, Seiden=
179 1854 591 1882 Unterröcke zu halben Preisen.
181 1882 593 1911 Frau Nuß, 8. Bez., Lerchen⸗
182 1910 593 1938 feldergürtel Nr. 62. Eingang
182 1937 570 1966 Sanetthgasse 4, Hochpart. 8.
517 1961 597 2002 15264
188 1997 596 2030 Zwei scharfe Hofhunde, gute
188 2029 596 2059 Wächter, werden gesucht.
188 2057 598 2086 Offerte unter „Hofhunde
189 2085 597 2111 Nr. 5830“ an das Ankündi⸗
189 2114 599 2148 gungsbureau. 5830
185 2150 598 2214 Alte falsche Zähne
190 2219 599 2247 kauft von Privaten, allen
189 2246 601 2274 Juwelieren und Zwischen⸗
189 2274 600 2302 händlern Spezialist von 3—5
190 2302 600 2331 Uhr. 1. Bez., Tiefer Graben
190 2330 600 2360 Nr. 9. Mezz., Tür 9. 14823
326 2412 458 2444 Möbel.
189 2472 596 2519 Möbel auf Raten
282 2533 507 2566 Th. Socholler,
195 2568 597 2604 Wien, VII/2, Stiftgasse
296 2604 494 2634 Nr. 15—17.
180 2649 602 2676 Möbel für Bar und auf
182 2672 602 2703 Raten garantiert. 2. Bezirk,
183 2702 603 2730 Taborstraße 58. 14947
186 2747 599 2801 Möbel auf Raten
202 2788 594 2840 6. Bezirk, Gumpendorfer
319 2822 602 2875 straße 30. 3032
192 2885 599 2952 Möbel, auf Raten
196 2953 601 2982 ohne Preiserhöhung. Eugen
187 2978 601 3009 Cohn, 16. Bezirk, Ottakrin⸗
197 3006 404 3040 gerstraße 104.
183 3040 534 3096 Möbel
197 3107 602 3135 aus Raten, 10. Bez., Laxen⸗
196 3134 604 3170 burgerstraße 27. 3914
224 3171 605 3200 Prachtv. polit, Einrichtung,
191 3198 605 3226 altd. Schlafzimmer 260 K,
191 3227 605 3256 Speisezimmer 300 K, zwei
191 3255 605 3285 Walzenbetten 46 K, zwei
191 3281 605 3313 Doppelkästen 76 K, Madonna
193 3309 607 3342 12 K, Schreibtisch 24 K,
183 3337 608 3367 Lederdiwan 30 K, Dek.=
184 3365 607 3396 Diwan 50 K, kompl. Küche.
194 3393 608 3425 8. Bez., Lerchenfelderstr. 44,
181 3421 610 3459 2. Stiege, Part. 21. 15281
644 195 1018 230 Seite 12. Nr. 4130.
1395 190 1910 235 Illustrierte Kronen=Zeitung.
2390 192 2641 234 1. Juli 1911.
611 261 1629 304 gebracht hatte. Die Angeklagte soll das Schulmädchen dadurch
613 297 1630 339 beleidigt haben, daß sie diesem zurief: „Wirst denn nicht das
613 334 1629 375 Maul halten, Fratz grauslicher!“ Die Angeklagte,
613 369 1629 410 welche sechzehn Jahre Wirtschafterin im Hause des pensionier⸗
614 405 1629 445 ten Oberlandesgerichtsrates Dr. Viktor Ritter v. Grohmann
615 441 1629 482 ist, gab zu, der Klägerin diese Worte zugerufen zu haben,
614 476 1630 517 jedoch nicht in der Absicht, das Mädchen zu beleidigen, sondern
615 512 1628 553 um es wegen seiner Ungezogenheit zurechtzuweisen. Das Mäd⸗
616 548 1629 587 chen, erklärte die Angeklagte, habe sie wiederholt verhöhnt,
616 584 1630 624 indem es von dem Fenster ihres Kinderzimmers ihr eine lange
616 620 1449 660 Nase machte, die Zunge herausstreckte u. dgl. mehr.
704 655 1630 695 Ein von dem Bezirksrichter Dr. Bilek vorgeschlagener
616 689 1631 732 Ausgleich scheiterte an der Weigerung der Angeklagten, das
616 726 1631 767 beleidigte Kind ausdrücklich um Entschuldigung zu bitten. Der
615 761 1631 802 Richter ließ den von der Angeklagten angebotenen Wahrheits⸗
617 797 1631 837 beweis, daß die Klägerin sich wiederholt ungezogen benommen
618 832 1631 874 habe, zu, da die Bezeichnung „Fratz“ im Wienerischen für ein
620 871 1276 908 ungezogenes Kind gebräuchlich sei.
707 903 1631 945 Mehrere weibliche Bedienstete im Hanse, in dem die
619 939 1633 979 Eltern der Klägerin wohnen, bestätigten als Zeuginnen,
619 974 1633 1016 daß die Beleidigte tatsächlich dritten Personen eine lange Nase
620 1010 1632 1052 machte, die Zunge herausstreckte und andere Ungezogenheiten
620 1053 727 1087 beging.
707 1081 1632 1122 Der Dienstgeber der Angeklagten, OLGR. Grohmann
620 1117 1633 1158 gab, als Zeuge vernommen, an, daß die Klägerin im Hause
620 1151 1633 1194 Anlaß zu vielen Beschwerden gab, und daß er schon daran
621 1189 1633 1229 dachte, bei der Polizei Abhilfe zu suchen. Es ist, bemerkte
622 1224 1633 1265 der Zeuge, nur bedauerlich, daß Ihre kostbare Zeit, Herr
622 1260 1634 1301 Richter, mit einer solchen Sache so lange in Anspruch ge⸗
623 1301 855 1331 nommen wird.
716 1331 1634 1372 Ein nochmaliger, vom Richter unternommener Versuch,
621 1366 1634 1408 die Angelegenheit gütlich beizulegen, scheiterte, da der Vater
622 1402 1633 1444 des beleidigten Kindes darauf bestand, daß die Angeklagte um
623 1443 1052 1479 Entschuldigung bitten solle.
720 1473 1636 1514 Der Richter sprach die Angeklagte frei. In der Be⸗
625 1509 1636 1551 gründung des Urteils betonte der Richter, daß ein Kind, das
623 1545 1636 1585 bereits in die Schule gehe und von sittlichen Begriffen bereits
625 1580 1637 1621 Kenntnis habe, den gerichtlichen Ehrenschutz genieße, daß aber
625 1616 1637 1657 Erwachsenen gegen Belästigungen von Kindern, die strafrecht⸗
626 1651 1637 1692 lich nicht belangt werden können, eine entsprechende Abwehr
624 1687 1637 1728 gestattet sein müsse. Die Bezeichnung als „Fratz“ sei in diesem
625 1722 1638 1764 Falle als eine Zurechtweisung gegenüber dem Benehmen des
627 1758 1639 1800 beleidigten Kindes anzusehen und zwar als eine be⸗
627 1801 837 1837 rechtigte.
722 1864 1639 1904 (Ein Opfer der Spielkarten.) Der 23jährige Kontorist
627 1899 1640 1941 Albert Kiefer war im vorigen Jahre bei der Firma Metaxin⸗
629 1935 1641 1977 fabrik G. m. b. H. im 4. Bezirk angestellt. Im April dieses
629 1970 1640 2014 Jahres stellte sich heraus, daß Kiefer seit fast einem Jahre
630 2004 1641 2049 Beträge in der Höhe von 2540 K unterschlagen und die
629 2041 1641 2085 Malversationen durch Fälschungen in den Büchern verdeckt hatte.
631 2078 1642 2120 Gestern hatte sich Kiefer vor dem Schwurgericht unter
629 2114 1642 2155 Vorsitz des OLGR. Dr. Kurzweil wegen Veruntreuung
631 2148 1643 2192 zu verantworten. Der Angeklagte ist vollkommen geständig. Er
632 2185 1642 2226 habe mit seinem Gehalt von 180 K monatlich das Auslangen
631 2220 1643 2263 gefunden, bis er in einem Kaffeehaus auf der Ringstraße
631 2256 1642 2299 eine Gesellschaft kennen lernte, die ihn zum Kartenspiel
629 2292 1642 2334 animierte. Er verlor größere Summen, und um die Verluste
631 2327 1643 2370 hereinzubringen, habe er sich durch die Unterschlagungen Geld
630 2364 1643 2406 verschafft. Er hoffte immer auf einen großen Gewinn, um
632 2399 1642 2441 den Schaden decken zu können. Die Geschwornen (Obmann:
631 2434 1644 2478 Herr Gottlieb Voith) bejahten die Schuldfrage einstimmig,
632 2470 1643 2511 neun Stimmen unter Annahme einer Schadensziffer von über
632 2505 1645 2550 200 K, jedoch unter 2000 K. Auf Grund dieses Verdikts ver⸗
632 2541 1644 2585 urteilte der Gerichtshof den Angeklagten Albert Kiefer zu
632 2578 1368 2619 vier Monaten schweren Kerkers.
727 2620 1646 2660 (Die Wette mit den beiden Griechen.) Eine eigenartige
634 2656 1645 2699 Wette bildete gestern beim Strafbezirksgericht Josefstadt den
633 2691 1646 2734 Ausgangspunkt einer Ehrenbeleidigungsklage, welche zwei
635 2721 1647 2770 Griechen, John Papakides und John Ekonomides
633 2762 1645 2806 gegen den Verkäufer Eugen Heinrich Ornstein erhoben
634 2798 1647 2842 haben. Am 6. d. erschienen die Kläger im Optikergeschäfte des
634 2834 1646 2878 Hugo Wolf in der Rotenturmstraße und verlangten vom Ver⸗
635 2869 1648 2913 käufer, dem heutigen Angeklagten, ein Zeiß=Fernrohr mit
635 2905 1647 2949 9½facher Vergrößerung zum Kaufe. Der Verkäufer erklärte,
634 2941 1648 2985 daß es ein derartiges Zeiß=Fernrohr überhaupt nicht gebe.
635 2976 1649 3020 Herr Ekonomides bestritt dies mit dem Bemerken, daß sein
635 3012 1648 3056 Begleiter selbst ein derartiges Fernrohr habe. Herr Ornstein
636 3048 1648 3090 erwiderte, er wette um 10.000 K, daß ein Fernrohr mit
636 3083 1649 3127 solcher Vergrößerung von der Firma Zeiß überhaupt nicht her⸗
635 3119 1650 3162 gestellt werde. Schließlich wetteten die Griechen mit dem Ver⸗
638 3154 1650 3197 käufer um 1000 K und tauschten über die Wette schriftliche
639 3190 1650 3233 Erklärungen mit ihm aus. Herr Papakides entfernte sich, um
639 3225 1650 3269 das strittige Fernrohr zu bringen und legte, als er zurück⸗
639 3261 1650 3305 kehrte, 1000 K auf den Tisch, wobei er vom Verkäufer 1000 K
640 3297 1651 3340 verlangte, da dieser die Wette verloren habe. Es kam zwischen
643 3332 1652 3375 dem Griechen und dem Verkäufer zu einer heftigen Aus⸗
641 3368 1652 3411 einandersetzung, die zu einer Klage der beiden Griechen gegen
639 3404 1653 3450 Ornstein führte. Nach Inhalt der Klage soll Ornstein die Be⸗
1671 262 2686 305 hauptung der Griechen, daß sie ein Zeiß=Fernrohr mit 9½facher
1671 297 2685 341 Vergrößerung haben, als Lüge bezeichnet, ferner dieselben unter
1671 334 2685 376 dem Zuruf: „Schauen Sie, daß Sie hinauskommen!“ aus dem
1670 370 2685 412 Lokale hinausgedrängt haben. Der Richter verurteilte den An⸗
1669 407 2686 449 geklagten bezüglich eines Teiles der von Ekonomides erhobenen
1672 443 2686 485 Anklage zu einer Geldstrafe von 20 K, sprach ihn dagegen
1671 480 2685 522 von der durch Herrn Papakides erhobenen Anklage mangels
1671 517 2201 556 eines Tatbestandes gänzlich frei.
1911 589 2442 684 Volkswirtschaft.
1763 682 2688 723 (Allgemeine Pensionsanstalt für Angestellte.) Am letzten
1672 716 2687 758 Mittwoch fand unter dem Vorsitz des Präsidenten Geheimen
1671 754 2687 795 Rates Leopold Grafen Auersperg die dritte ordentliche
1673 787 2687 830 Generalversammlung statt. Aus dem Rechenschaftsbericht geht
1673 825 2686 866 unter anderem hervor, daß sich die Allgemeine Pensionsanstalt
1673 861 2688 902 auch im abgelaufenen Jahre befriedigend weiter entwickelt
1672 897 2687 937 hat; an Prämien wurden 21,271.250 K vorgeschrieben,
1672 932 2687 973 an Prämienreserveanteilen für den Einkauf von Dienstjahren
1674 968 2687 1009 wurden infolge Uebertrittes aus einem Ersatzinstitut
1673 1004 2687 1045 245.570 K 6 h eingezahlt. Die Auszahlungen für Invaliden=
1673 1038 2686 1080 und Witwenpensionen, für Erziehungsbeiträge und Abferti⸗
1673 1076 2686 1117 gungen beliefen sich auf 364.936 K 18 h, jene für Prämien=
1674 1112 2687 1153 und Reserverückerstattungen auf 289.775 K 30 h; im ganzen
1675 1146 2688 1187 wurden während der zwei Jahren des Bestandes der Anstalt
1674 1181 2687 1222 den Versicherten 901.355 K 60 h ausbezahlt. Die Verwaltungs⸗
1675 1218 2687 1259 fosten beliefen sich auf 1,093.729 K 9 h oder 5.14 Prozent
1675 1253 2688 1295 der vorgeschriebenen Prämien. Das Berichtsjahr schloß mit
1676 1288 2688 1330 einem Ueberschuß von 239.730 K 86 h. Ende 1910 belief sich
1676 1324 2687 1366 die Gesamtzahl der bei der Anstalt Versicherten auf 92.465
1674 1360 2687 1403 Personen; es hat sich somit der Versicherungsstand um 5117
1675 1403 1937 1438 Personen erhöht.
1775 1430 2688 1471 (Konkurse.) Vom Landesgericht Wien wurde der Kon⸗
1676 1466 2688 1509 kurs eröffnet über Israel Hersch Marbach, Gemischtwaren⸗
1676 1501 2688 1547 verschleißer, 9. Bez., Spitalgasse 27, wohnhaft 9. Bez., Tendler⸗
1677 1537 2688 1583 gasse 4; ferner über Frau Irene Kraus, Pfaidlerin, 6. Be⸗
1678 1579 2326 1625 zirk, Brückengasse 4.
2063 1649 2312 1688 Wiener Börse.
1753 1694 2689 1729 Unter dem Eindruck der Festigkeit der Staatsbahnaktien verkehrte
1679 1722 2688 1758 die Vorbörse anfangs auch auf den übrigen Marktgebieten in fester
1679 1750 2688 1786 Tendenz. Befürchtungen hinsichtlich der weiteren Entwicklung der Lage
1679 1777 2690 1813 in Albanien bewirkten im weiteren Verlauf des Verkehrs eine stärkere
1679 1805 2690 1843 Abschwächung der Kurse auf den meisten Marktgebieten der Kulisse.
1679 1832 2690 1870 Trotz der festeren Tendenz der Auslandsbörsen verkehrte die Mittags⸗
1679 1860 2690 1898 börse in lustloser und schwacher Haltung, da auch mittags die Mel⸗
1679 1888 2690 1926 dungen über Albanien ungünstig nachwirkten, zumal das unbestätigte
1680 1916 2691 1952 Gerücht verbreitet wurde, wonach die Monarchie wegen
1679 1943 2691 1980 Albanien eine Flottendemonstration in den türkischen
1682 1972 2691 2008 Gewässern beabsichtige. Kreditaktien sielen im Laufe des Verkehres um
1681 2000 2691 2036 2½ Kronen. Die Rentenkurse blieben vorwiegend unverändert; nur
1682 2027 2691 2065 ungarische Goldrente fiel um 15 Heller, während alle ungarische Kronen⸗
1680 2062 2178 2092 rente um 10 Heller höher notierte.
1757 2083 2691 2121 Nach Schluß der Börse blieben: Kredit 657.50, Ungar. Kredit 832,
1681 2111 2692 2149 Anglobank 324.50, Bankverein 348.25, Länderbank 533, Uniondank 627,
1682 2138 2692 2175 Türkenlose 249, Staatsbahn 759.50, Lombarden 124, Alpine Montan
1681 2167 2693 2205 812, Rima=Muranher 678, Tabak 329, Mairente 92.20, ungar. Kronen⸗
1682 2196 2596 2234 rente 91.15, Ungar. Goldrente 111.40, Mark 117.55, Skoda 652.
1760 2249 2693 2287 Täglicher Fleischmarkt. Die Zufuhr belief sich auf: 59.900 Kilo⸗
1685 2277 2694 2315 gramm Rindfleisch, 6906 Kilogramm Kalbfleisch, 43.248 Kilogramm
1684 2305 2693 2343 Schweinefleisch, 1319 Kälber, 38 Schafe und 523 Schweine. Man zahlte:
1683 2333 2693 2372 Rindfleisch vorderes 112 bis 192, hinteres 136 bis 208, englisches 160
1683 2360 2694 2400 bis 250, Kalbfleisch 100 bis 200, Schweinefleisch 140 bis 210, Kälber
1685 2388 2693 2426 108 bis 190 Schafe 118 bis 136, Schweine 140 bis 180 Heller per
1681 2426 1842 2457 Kilogramm.
1759 2443 2694 2482 Pferdemarkt. Zum Markte wurden 431 Pferde, darunter 140
1676 2470 2695 2509 Schlächter= und 291 Gebrauchspferde gebracht. Bei lebhaftem Verkehre
1680 2499 2695 2540 zahlte man Zugpferde leichte K 140 bis 500, schwere K 400 bis 1102,
1679 2526 2694 2568 Kutschpferde K 500 bis 1000 und Pferde für Schlachtzwecke K 50bis 170.
1759 2554 2694 2593 Heu und Stroh. (Rudolfsheim.) Zufuhr: 222 Wagen Klee
1682 2581 2695 2620 und Heu, 18 Wagen Stroh, 19 Wagen Erdäpfel, 111 Wagen Gemüse,
1682 2609 2695 2650 9 Wagen Obst und 4 Wagen Holz. Man zahlte: Klee K 4.— bis 6.00,
1683 2638 2696 2676 Heu K 3.— bis 6.—, Grummet K 4.40 per Meterzentner, Stroh,
1680 2664 2695 2705 Schaubstroh K 5.80 bis 6.60 per Meterzentner und K 20.— bis 28.—
1681 2692 2695 2731 per Schober Rüttstroh K 4.60 per 100 Kilogramm, Erdäpfel, hiesige,
1682 2721 2695 2758 gelbe und rote K 12.— bis 16.—, Kipfler K. 20—, ungarische, gelbe
1679 2748 2653 2790 und rote K 10.—, italienische K 13.— bis 17.— per Meterzentner.
1764 2775 2697 2814 Eier. Preise infolge verminderter Zufuhr wesentlich fester Man
1680 2803 2697 2845 zahlte. Prima Faßeier 32½ Stück, Sekunda 33 Stück für 2 Kronen.
1683 2834 2396 2870 Kisteneier K 83.— bis 87.—, Spesen inbegriffen.
1763 2858 2698 2898 Börse für landwirtschaftliche Produkte. Vom Ausland lagen wohl
1683 2886 2698 2927 festere Bedingungen vor, doch hat sich das Wetter gebessert, und da über⸗
1681 2914 2696 2953 dies die Offerte ausländischer Ware andauern, blieb hier die Tendenz
1683 2943 2699 2985 matt, wobei Weizen, Mais und Cinquantin um je 19 Heller. Roggen
1684 2962 2138 3012 um5 Heller verwohlfeilt haben.
1764 2998 2697 3035 Notiert wurden per 50 Kilogramm ab Wien: Weizen, Theiß
1686 3025 2697 3063 K 13.55 bis 14.—, Banater K 13.05 bis 13.55, Weißenburger K 13.10
1687 3053 2698 3091 bis 13.55, Wieselburger und Naaber K 13.05 bis 13.45, slowakischer
1686 3080 2698 3119 und Schüttler K 12.45 bis 13.05, Südbahn K 12.95 bis 13.35, nieder⸗
1686 3108 2698 3149 österreichischer K 12.45 bis 12.85. Korn, slowakisches K 9.65 bis
1685 3135 2700 3176 9.90, Schüttler K 9.65 bis 9.90, Pester Boden K 9.70 bis 9.90,
1687 3164 2700 3205 Südbahn K 9.60 bis 9.80, diverses ungarisches K 9.55 bis 9.80,
1705 3191 2699 3232 österreichisches K 9.55 bis 9.85. Gerste, ab Stationen, Brenn= und
1685 3219 2700 3260 Schälgerste K 9.30 bis 9.70, Futtergerste K 8.— bis 9.—. Mais,
1685 3246 2700 3289 ungarischer K 7.35 bis 7.70 Cinguantin K 8.75 bis 9.15.
1704 3274 2700 3316 Hafer, Ausstich K 10.50 bis 10.80, Prima K 10.15 bis 10.45, mittel
1686 3305 2402 3342 K 9.85 bis 10.10, runmänischer K 9.60 bis 10.15.
1769 3331 2702 3370 Spiritus. Prompte Kontingentware blieb geschäftslos unverändert
1689 3370 2013 3399 zu K 50.— bis 50.50.
