3488 5356
218 139 412 177 Nr. 16830
778 137 1045 175 Wien, Samstag
1491 139 2072 176 Neue Freie Presse.
2489 139 2713 175 1. Juli 1911
3144 137 3300 173 Seite 15
259 215 1206 263 [Studie über die Bank von England.] Die
166 251 1203 302 Monographie des Hofrates Professor Dr. Eugen v. Phi¬
181 295 1203 342 lippovich : „Die Bank von England im Dienste der
180 333 1203 382 Finanzverwaltung des Staates“ liegt in zweiter, revidierter
180 371 1203 420 Auflage vor. Die erste Auflage war im Jahre 1884 erschienen.
179 410 1203 458 Seither sind mannigfache Veränderungen eingetreten, welche
182 449 1205 496 eine neue Auflage notwendig machen. Diese neue Auflage ist
181 489 1203 536 von Dr. Felix Somary besorgt, welcher sich die not¬
180 527 1201 576 wendigen Informationen an Ort und Stelle verschaffte und
180 562 1212 611 hiebei durch das Entgegenkommen des Hauptkassiers der Bank
180 605 1209 644 von England I. G. Nairne unterstützt wurde. Ein Schluß¬
180 644 1203 692 kapitel bespricht die volkswirtschaftliche Bedeutung der Kon¬
181 684 1104 731 zentration der Staatsgelder in der Bank von England.
251 735 1210 780 [Staatseisenbahnrat.] Zwei Kommissionen des
176 774 1203 823 Staatseisenbahnrates; die Abteilung für allgemeine Ange¬
176 814 1201 863 legenheiten und die Abteilung für Angelegenheiten des Per¬
178 855 1225 902 sonenverkehres, haben heute im niederösterreichischen Land¬
176 891 1201 941 hause beraten. In fortgesetzter Beratung der ersten Kom¬
178 930 1204 979 mission, über deren Verlauf bereits im Abendblatte berichtet
175 969 1201 1018 wurde, stellten verschiedene Mitglieder einen Antrag, be¬
176 1007 1202 1057 treffend schleunige Errichtung einer Staatsbahndirektion in
179 1047 1205 1095 Czernowitz. Regierungsvertreter Hofrat Dr. Hnidey be¬
181 1086 1206 1134 merkte, daß angesichts der Tätigkeit des Subkomitees für die
178 1124 1203 1173 Reform der Staatseisenbahnverwaltung ihm eine derartige
178 1164 1215 1211 abgesonderte Behandlung nicht am Platze erscheine. Bei der
175 1202 1212 1251 Abstimmung wurde ein Antrag auf Vertagung der Beschluß¬
177 1242 1204 1290 fassung angenommen. Ueber die im sachlichen Zusammen¬
179 1280 1205 1329 hange stehenden Anträge der Mitglieder Günther, Graf
178 1319 1203 1366 Larisch und Dr. v. Oberleithner, betressend rasche
177 1354 1202 1408 Vorsorge für die Erledigung der bei den Staatsbahn¬
177 1398 1201 1444 direktionen einlangenden Zuschriften und insbesondere für die
177 1435 1204 1482 schnelle Ablieferung von Nachnahmebeträgen, entwickelte sich
176 1476 1202 1522 eine lebhafte Debatte. Regierungsvertreter Hofrat Hnidey ver¬
176 1517 1204 1560 wies darauf, daß das Eisenbahnministerium schon seit längerer
177 1549 1204 1599 Zeit unausgesetzt bestrebt sei, den Geschäftsgang der Dienst¬
180 1591 1205 1639 stellen der Staatseisenbahnverwaltung möglichst zu vereinfachen
176 1633 1201 1680 und zu beschleunigen. Dr. v. Smal = Stocki beantragte,
181 1670 1205 1715 die Aktivierung der Direktionseisenbahnräte unabhängig von
177 1709 1203 1754 der Reorganisation der Staatsbahnen durchzuführen. Der
177 1748 1203 1794 Regierungsvertreter erklärte indessen, daß diese Frage mit der
178 1787 1204 1831 Reform der Staatseisenbahnverwaltung im innigen Zusammen¬
175 1826 1202 1871 hänge stehe und eine einseitige Regelung derselben unliebsame
177 1865 1201 1909 Weiterungen zur Folge habe müsse. Der Antrag wurde abge¬
176 1904 1201 1949 lehnt. Mitglied Janotta beantragte die baldmöglichste
177 1943 1202 1987 Herstellung eines zweiten Geleises für die Strecke Jablunkau¬
177 1982 1202 2026 Oderberg der Oderberger Eisenbahn oder mindestens eine
176 2018 1201 2064 entsprechende Erweiterung und Ausgestaltung der Geleise
176 2058 1199 2103 und Magazinsanlagen in einigen Stationen dieser Strecke.
181 2101 1202 2143 Hiezu erklärt der Regierungsvertreter Ministerialrat Ressig,
181 2137 1203 2183 daß die Legung des Doppelgeleises nur bezüglich der Strecke
181 2179 1204 2222 Jablunkau=Teschen vereinbart, bezüglich der Strecke Teschen=
180 2218 1204 2261 Oderberg aber lediglich deren Ausgestaltung für den Verkehr
181 2258 1201 2299 von 84 Zügen per Tag in Aussicht genommen worden sei.
180 2296 1204 2339 Daß die vereinbarten Herstellungen bisnun nicht haben durch¬
178 2336 1204 2377 geführt werden können, habe — wie auch im Antrage erwähnt
179 2371 1203 2416 sei — seinen Grund in dem Konnex dieser Frage mit den
180 2413 1205 2455 von der ungarischen Regierung übernommenen Verpflichtungen
180 2451 1201 2493 in Betreff des Baues der kroatisch=dalmatinischen Bahnver¬
181 2490 1203 2533 bindung. Uebrigens müsse auch betont werden, daß nach dem
180 2528 1203 2571 Ergebnisse der von der Generalinspektion der österreichischen
179 2568 1205 2611 Eisenbahnen gepflogenen Erhebungen die Legung eines zweiten
180 2607 1203 2654 Geleises keine unbedingte Voraussetzung für die anstandslose
179 2645 1203 2689 Bewältigung der gegenwärtigen Verkehrsbedürfnisse der
180 2684 1202 2728 Kaschau=Oderberger Bahn bilde. Mitglied Simic Ritter von
180 2723 1203 2766 Hohenblum brachte die Verstaatlichung der Eisenbahn
176 2762 1205 2805 Wien=Aspang und der Schneebergbahn zur Sprache. Regierungs¬
178 2800 1208 2843 vretreter Ministerialrat Ressig erklärte, daß an die konzessions¬
180 2840 1200 2883 mäßige Einlösung der Eisenbahn Wien=Aspang gegenwärtig
180 2879 1203 2922 nicht geschritten werden könne, da die Einlösungsmodalität
179 2910 1203 2960 für die Staatsverwaltung unvorteilhaft wäre. Hina###en sei
180 2956 1204 3000 die Regierung grundsätzlich nicht abgeneigt, der Frage der Er¬
180 2996 1204 3037 werbung dieses Bahnunternehmens im We###e eines freihändi¬
180 3034 1204 3078 gen Uebereinkommens näher zu treten. In einem solchen Zu¬
181 3073 1203 3116 sammenhange könne sodann auch die allfällige frei¬
180 3111 1205 3155 händige Erwerbung der Schneebergbahn in
181 3144 1203 3193 den Kreis der Erörterungen gezogen werden. Es gelangte
179 3190 1202 3233 schließlich noch eine Reihe von Anträgen, die die Ausgestal¬
180 3229 1202 3272 tung des Bahnnetzes der Staatsbahnen betrasen, darunter auch
176 3267 1202 3310 ein Antrag des Grafen Szeptycki, betreffend Einlösung
182 3306 1203 3348 der im Staatsbetriebe stehenden Eisenbahn Lemberg=
181 3345 1203 3388 Belzec, zur Annahme. Hierauf wurde die Be¬
181 3383 1203 3428 ratung geschlossen. Am Nachmittage tagte unter dem
178 3423 1203 3466 Vorsitze des Obmannes Riedl v. Rieden¬
181 3460 1199 3504 stein der Auslchuß des Staatseisenbahnrates
175 3498 1199 3544 betreffend die Angelegenheiten des Personenverkehres. Vor
178 3537 1200 3582 Eingehen in die Tagesordnung gedachte der Vorsitzende mit
178 3576 1200 3621 warmen Worten des Hinscheidens des Mitgliedes Dr. Theodor
178 3616 1201 3665 Christomanos. Bei Besprechung der Mitteilungen des
176 3656 1199 3701 Eisenbahnministeriums machte Sektionschef Dr. Freiherr von
177 3696 1202 3739 Rummler Mitteilungen über die Ergebnisse der Berner
175 3735 1199 3780 Verhandlungen, betreffend die Ausarbeitung eines Entwurfes
178 3774 1201 3817 eines internationalen Uebereinkommens über den Personen¬
179 3814 1201 3857 und Gepäcksverkehr. Die Verhandlungen seien mit großem Er¬
177 3852 1199 3896 folge der österreichischen Vertreter abgeschlossen worden. Hierauf
179 3892 1200 3936 gelangte zunächst ein Antrag des Mitgliedes Freiherrn von
178 3931 1199 3975 Brunicki zur Verhandlung, der die Ersichtlichmachung des
176 3971 1198 4016 Preises der auf den Bahnhöfen feilgebotenen Bücher und
176 4010 1199 4054 Zeitungen verlangt. Hiebei erklärte der Regierungsvertreter,
176 4049 1201 4094 daß dem dadurch entsprochen werde, daß durch Stempel¬
179 4086 1204 4133 aufdrücke der Preis der Bücher und Zeitungen ersichtlich ge¬
178 4127 1202 4171 macht werden müsse. Zu dem Antrage der Mitglieder Kofler
177 4167 1202 4212 und Freiherr v. Mersi, das Eisenbahmninisterium möge
176 4205 1199 4250 bei den interessierten Eisenbahnverwaltungen dahin wirken,
176 4245 1202 4289 daß fünfzehn= bis dreißigtägige Sommerabonnementskarten
179 4285 1199 4328 für die Nord= und Südtiroler Bahnstrecken eingeführt werden,
179 4318 1204 4367 verwies Regierungsvertreter Ministerialrat v. Donheimer auf
177 4364 1204 4407 die ablehnende Haltung der Südbahn gegenüber diesem Projekt.
178 4402 1206 4446 Auch die Staatseisenbahnverwaltung müsse mit Hinweis auf
184 4438 1210 4484 die tarifarischen Schwierigkeiten, denen die Preisbildung dieser
182 4477 1204 4522 Abonnements begegnen würde, dem Standpunkte der Süd¬
179 4517 1203 4563 bahngesellschaft beipflichten. Oberbaurat Günther stellte den
179 4555 1203 4601 Antrag, die Staatsbahnverwaltung möge den von der Station
178 4595 1204 4640 Angertal führenden Weg zur sogenannten Angerschlucht bei
180 4634 1203 4681 Bad Gastein wiederherstellen und dahin wirken, daß dieser
182 4673 1201 4719 Weg von der Verwaltung des Marktes Gastein erhalten werde.
180 4712 1202 4758 Sowohl der Vertreter des Eisenbahnministeriums als auch der
181 4746 1201 4799 Vertreter des Arbeitsministeriums sprachen sich für den Antrag
182 4791 1203 4838 aus, der auch angenommen wurde. Mitglied Mayer stellte
182 4830 1203 4875 den Antrag, auf den Strecken der Nordbahnlinie die vierte
180 4868 1205 4914 Wagenklasse einzuführen. Regierungsvertreter Dr. v. Don¬
182 4907 1202 4954 heimer bemerkte, daß mit Rücksicht auf die Einheitlichkeit des
181 4940 1204 4995 Betriebes auf dem Gesamtnetze der österreichischen Eisenbahnen
183 4987 1201 5036 von der Einführung der vierten Wagenklasse gegenwärtig noch
179 5023 1204 5074 Abstand genommen werden müsse. Das Eisenbahnministerium
181 5064 1204 5114 werde aber nicht verfehlen, diese Frage noch einer genauen
171 5100 1204 5150 Prüfung zu unterziehen. Hierauf wurde in die Beratung der
1251 214 2275 259 Fahrplanangelegenheiten eingegangen, wobei eine Reihe von
1253 254 2275 298 Anträgen zur Ausgestaltung des Fremdenverkehres in Tirol
1251 293 2273 337 in Beratung gezogen werde. Das Eisenbahnministerium ver¬
1252 334 2273 376 sprach, alle Anregungen einem genauen Studium zu unter¬
1252 373 1380 415 ziehen.
1330 419 2274 462 [Geheimer Rat Exner über Massengüter¬
1255 455 2275 503 bahn und Donau=Oder=Kanal.] In der heutigen
1255 497 2273 541 Sitzung des Staatseisenbahnrates gelangte, wie bereits im
1257 536 2274 580 Abendblatte mitgeteilt wurde, ein Antrag des Herrenhaus¬
1254 576 2271 621 mitgliedes Dr. Wilhelm Exner zur Verhandlung, durch
1257 616 2273 660 welchen das Eisenbahnministerium ersucht wird, die Studien
1254 655 2272 699 über die Einrichtung einer Massengüterbahn Wien=Krakau als
1255 695 2272 739 Ersatz für den projektierten sogenannten Donau=Oder=Kanal
1254 733 2273 779 zu veröffentlichen. Dabei wird bemerkt, daß es überhaupt er¬
1254 770 2272 817 wünscht wäre, Arbeiten technischen oder wirtschaftlichen
1255 813 2271 857 Charakters, deren Veröffentlichung nicht dem Interesse des
1253 852 2272 896 Dienstes widersprechen, im Wege der einschlägigen Publizistik
1253 889 2272 936 zur allgemeinen Kenntnis zu bringen. Der unmittelbare An¬
1253 930 2271 975 laß zu diesem Antrage war der, daß der Geheime Baurat
1253 966 2273 1015 Professor Cauer, der gemeinschaftlich mit Doktor
1255 1009 2273 1053 W. Rathenau an der Spitze der Bewegung für die
1255 1050 2273 1093 Massengüterbahnen, richtiger Schleppbahnen, als Ersatz der
1253 1087 2271 1134 Kanäle steht, sich an Geheimen Rat Exner wendete, um
1254 1129 2273 1172 die bei der Nordbahn ausgearbeiteten Studien, betreffend den
1252 1168 2270 1213 Vergleich einer Massengüterbahn Wien=Krakau oder eines
1252 1207 2273 1249 dritten und vierten Geleises der Nordbahn als Ersatz für den
1255 1246 2271 1290 seit längerer Zeit in Diskussion stehenden Donau=Oder=Kanal,
1252 1285 2273 1329 zu erlangen. Auf diese Studien, deren authentischer Charakter
1254 1321 2271 1372 von größter Wichtigkeit ist, berief sich der seither verstorbene
1253 1363 2272 1412 Zivilingenieur Baudirektor Rudolf Ritter v. Gunesch. Sie
1253 1403 2271 1446 waren aber nur diesem zugänglich, während alle für diese
1254 1442 2271 1486 Angelegenheit interessierten Kreise wohl mit Recht fordern
1253 1481 2272 1526 können, daß die Ergebnisse dieser Studien allgemein zugäng¬
1252 1521 2270 1565 lich seien. Der Antrag Exners wurde heute mit großer
1254 1560 2271 1604 Majorität angenommen, mit Ausnahme des Passus „als
1255 1601 2271 1643 Ersatz für den projektierten sogenannten Donau=Oder=Kanal",
1254 1639 2272 1683 gegen welchen die polnischen Mitglieder der allgemeinen Ab¬
1252 1678 2271 1725 leitung Einspruch erhoben. Der Regierungsvertreter gab die
1254 1719 2272 1762 Erklärung ab, daß, wenn die Studien, welche noch nicht ab¬
1251 1758 2271 1802 geschlossen sind, vollständig vorliegen, sie Veröffentlicht werden
1251 1795 1364 1839 sollen.
1329 1845 2271 1889 [Allgemeine Pensionsanstalt für Ange¬
1255 1883 2271 1931 stellte.] Der Generalversammlung der Allgemeinen
1256 1923 2268 1971 Pensionsanstalt für Angestellte, die am 28. d. stattfand,
1255 1962 2271 2008 wurden die Rechnungsabschlüsse über die zweite Verwaltungs¬
1255 2000 2270 2044 periode, welche das Jahr 1910 umfaßt, vorgelegt. Diese
1254 2039 2270 2088 Rechnungsabschlüsse , bie###en einige sehr interessante Ziffern,
1254 2078 2270 2122 welche zeigen, daß diese Pensionsanstalt noch nicht zu einer
1254 2117 2272 2163 Konsolidierung ihres Mitgliederstandes gelangen konnte. Die
1255 2154 2272 2206 Anstalt zählte nämlich Ende 1910 92.465 Versicherte. Im Laufe
1255 2195 2269 2238 dieses Jahres traten 48.000 Versicherte in die Pensionsanstalt
1255 2234 2268 2277 ein, andererseits sind mehr als 43.000 Personen abgefallen.
1253 2272 2269 2316 Dabei ist zu berücksichtigen, daß ein Beruf, bei welchem wohl
1253 2312 2269 2355 die stärksten Fluktuierungen vorkommen, das Bühnenpersonal,
1256 2350 2268 2394 dieser Pensionsanstalt nicht angehört, sondern ein eigenes
1255 2389 2272 2433 Ersatzinstitut gebildet hat. Da diese Pensionsanstalt in den
1255 2427 2271 2472 ersten zehn Jahren nur ausnahmsweise, nämlich im Falle
1255 2460 2269 2510 eines im Betriebe erlittenen Unfalles Renten zur Auszahlung
1254 2504 2260 2555 bringt, belaufen sich die Auszahlungen unter diesem Titel
1254 2541 2271 2587 sowie die Abfertigungen der Witwen und Waisen nur auf
1255 2583 2270 2625 364.936 K., fallen also nicht nennenswert ins Gewicht. Die
1254 2622 2271 2665 Belastungsprobe der Rentenauszahlungen wird die Pensions¬
1255 2659 2269 2704 anstalt erst im Jahre 1919 zu bestehen haben. Auffallend hoch
1253 2699 2270 2746 stellen sich die Berwaltungskosten der Pensionsanstalt, näm¬
1255 2737 2269 2782 lich auf 1,093.000 K., mehr als fünf Prozent der vorge¬
1253 2776 1589 2818 schriebenen Prämien.
1325 2833 2269 2876 [Aktion gegen das italienische Lebens¬
1248 2873 2269 2916 versicherungs = Monopol in Deutschland.] Aus
1248 2913 2269 2953 Berlin wird telegraphiert: Heute fand in Berlin die Kon¬
1247 2952 2268 2994 stituierung eines Verbandes statt, der den Zweck haben soll,
1249 2991 2269 3034 die deutschen Lebensversicherungs=Gesellschaften sowie alle die¬
1249 3031 2268 3073 jenigen Unternehmungen und Einzelpersonen, deren Eigen¬
1247 3070 2268 3112 tum durch die beabsichtigte Einführung des italienischen Staats¬
1247 3110 2269 3152 monopols für Lebensversicherung gefährdet ist, zu einem
1249 3149 2269 3191 gemeinsamen. Vorgehen zu sammeln. Der Verband beabsichtigt
1247 3188 2269 3230 zunächst, sich in einer eingehend begründeten Darstellung an
1249 3228 2270 3270 die deutsche Reichsregierung zu wenden und um
1250 3267 2268 3309 Wahrung der deutschen Interessen zu bitten. Hiezu wird auch
1250 3307 2270 3348 die Erstattung von Gutachten durch Autoritäten auf dem Ge¬
1249 3345 2270 3388 biete des Staatsrechtes dienen. Der Verband wird ferner
1251 3385 1836 3432 eine öffentliche Kundgebung erlassen.
1327 3440 2271 3482 [Englischer und amerikanischer Eisen¬
1249 3480 2271 3522 markt.] Aus London wird uns telegraphiert: Die Tendenz
1250 3519 2271 3560 für Roheisen ist stetig. Fertigeisen und Stahl sind wenig ver¬
1252 3558 2270 3599 ändert. Die Beschäftigung der Werke ist ungleichmäßig, in
1251 3597 2270 3639 einigen Gebieten jedoch befriedigender, da die Spezifikationen
1250 3636 2269 3677 besser einlaufen. Halbzeug liegt wegen der belgischen Kon¬
1250 3675 2269 3716 kurrenz in Knüppeln weiter gedrückt. — Dem Fachblatte
1251 3713 2269 3756 „Iron Monger" wird aus Philadelphia geschrieben : Es
1249 3753 2270 3794 herrscht eine entschieden bessere Nachfrage vor. Die
1251 3792 2269 3832 Aufträge für Roheisen lauten meist nur auf kleine Quanti¬
1250 3831 2269 3872 täten, doch ist die Haltung der Käufer befriedigender. Die
1251 3868 2271 3910 Preise für Gießereieisen nördlicher Provenienz haben um
1250 3908 2270 3949 25 Cents nachgegeben, während Gießereieisen südlicher Pro¬
1251 3947 2271 3988 venienz stetig liegt. Das Geschäft in Fertigfabri¬
1249 3985 2269 4027 katen ist lebhaft. Die Bewegung scheint anzuhalten und
1251 4025 2269 4067 die Nachfrage ist in der letzten Zeit allgemeiner geworden.
1250 4064 2271 4104 Die Stahlwerke sind besser beschäftigt. Die An¬
1250 4100 2271 4146 zeichen sprechen dafür, daß die Eisenbahnenreich¬
1250 4141 2269 4184 liche Aufträge erteilen werden. Die Nachfrage nach
1250 4178 2271 4221 Knüppeln ist ruhig, das Geschäft in Baumaterial recht animiert.
1250 4219 2271 4261 Das Ausfuhrgeschäft nach Canada und Südamerika ist be¬
1251 4257 2269 4298 friedigend. Die Auffassung über die Tendenz des Marktes
1251 4294 1800 4335 ist allgemein optimistischer.
1326 4349 2272 4394 [Erhöhung der Zuckerpreise.] Das Komitee
1251 4390 2271 4435 der vereinigten österreichischen Zuckerraffinerien hat heute zum
1249 4428 2271 4473 Verkaufe und zur Versteuerung per Juli dieses Jahres 5 Pro¬
1247 4467 2270 4513 zent des Kontingents freigegeben und hiebei die Preise unter
1247 4506 2270 4551 Berücksichtigung der gestiegenen Rohzuckernotierung um eine
1249 4545 2271 4592 halbe Krone per 100 Kilogramm erhöht. Dieselben betragen
1248 4586 2269 4632 demnach für 100 Kilogramm Basis Prima=Raffinade=Groß¬
1248 4624 2269 4670 brote : 77 K. 50 H. Frachtbasis Chropin, 77 K. 75 H. Fracht¬
1247 4662 2265 4709 basis Czakowitz, 78 K. 25 H. franko Prag, 79 K. franko
1249 4702 1339 4734 Wien.
1325 4749 2274 4795 [Budapester Stadtanleihe.] Aus Budapest
1248 4787 2275 4833 wird uns telegraphiert: Der Budapester Börsenrat beschloß in
1249 4825 2275 4873 seiner heutigen Sitzung die Kotierung der vierprozentigen
1248 4865 2177 4908 Obligationen der Hauptstadt Budapest vom Jahre 1911.
1325 4920 2270 4967 [Simmeringer Maschinenfabriks¬
1249 4958 2270 5006 Aktiengesellschaft.] In der letzten Verwaltungsrats¬
1250 4998 2272 5047 sitzung der Maschinen= und Waggonbaufabriks=Aktiengesellschaft
1250 5038 2271 5086 in Simmering vormals H. D. Schmid wurde der bisherige
1251 5077 2271 5125 Prokurist, Herr Ingenieur Otto Heinsheimer, zum
1249 5117 1708 5154 Direktorstellvertreter ernannt.
2392 212 3353 260 [Handelskammerreise.] Aus Asch wird uns
2317 251 3344 301 telegraphiert: Heute sind hier 33 Vertreter von 22 öfter¬
2317 290 3347 337 reichischen Handelskammern eingetroffen. Sie besichtigen die
2317 329 3353 377 Fabriksetablissements der Firmen Max Eisenschimmel
2313 370 3333 417 & Comp., Christ. Fischers Söhne und Ascher, Tüll= und
2315 411 2809 453 Spitzenfabriks=Aktiengesellschaft.
2388 457 3340 501 [Berliner Börse.] Aus Berlin wird uns tele¬
2315 496 3354 539 graphiert: Die Börse eröffnete in fester Haltung, da der
2311 532 3353 578 Verlauf der gestrigen Newyorker Börse, die sich auf dem
2312 573 3342 616 amerikanischen Eisen= und Stahlmarkte anscheinend ausbreitende
2310 612 3338 655 Besserung, der günstige „Iron Monger“=Bericht und die
2311 652 3343 700 höheren belgischen Trägerpreise die Kauflust auf dem Montan¬
2312 689 3338 732 aktienmarkte anregten. Bevorzugt wurden dabei Phönixaktien
2310 728 3338 771 und Oberschlesische Eisenbahnbedarfsaktien, die je 1 Prozent
2314 766 3341 810 gewannen. Bochumeraktien hatten wieder an günstigen Divi¬
2313 799 3341 849 dendengerüchten eine Stütze. Auch für Elektrizitätsaktien
2313 843 3340 887 herrschte eine gute Meinung. Siemens & Halske=Aktien lagen
2312 881 3341 925 sogar um ziemlich 3 Prozent höher, während die Aktien der
2313 920 3340 964 Gesellschaft für elektrische Unternehmungen 1½ Prozent ge¬
2312 959 3339 1003 wannen. Große Berliner Straßenbahnaktien zogen um
2312 992 3342 1041 1⅝ Prozent an. Für Warschau=Wiener Aktien erhielt sich das
2314 1036 3340 1080 Interesse, wie auch die einzelnen Anteile von Kreditinstituten
2313 1072 3338 1118 durchwegs um Bruchteile eines Prozents höher notierten. Im
2313 1114 3353 1157 Verlaufe trat eine erhebliche Abschwüchung in Canada=Pacific=
2315 1153 3353 1195 Aktien ein, die auf Gewinnrealisationen zurückgeführt wurde.'
2312 1191 3341 1234 Recht fest lag die Deutsche dreiprozentige Reichsanleihe. Da¬
2313 1224 3340 1273 gegen sprachen sich die österreichischen Werte auf den trägen
2313 1266 3340 1312 Verkehr an der Wiener Börse schwach aus. Gegen Schluß
2314 1307 3340 1349 verstimmte der heftige Rückgang der Phönixaktien, die an¬
2314 1345 3340 1388 geblich von rheinischer Seite in starken Posten angeboten
2311 1383 3338 1426 wurden. Canada=Pacific=Aktien setzten ihre rückläufige Be¬
2311 1423 3353 1466 wegung fort. Die Börse schloß in lustloser und schwächerer
2312 1461 3341 1504 Haltung. Der Rückgang der Phönixaktien wurde mit den
2311 1499 3339 1550 Schwierigkeiten erklärt, denen die Ausgestaltung des Roh¬
2311 1538 3341 1581 eisensyndikats begegnet. Industriewerte des Kassemarktes lagen
2297 1573 3340 1620 meist ziemlich fest. Auf dem Geldmarkte ist nach Ueberwindung
2313 1610 3340 1657 des Ultimos eine entschiedene Erleichterung eingetreten. Der
2312 1648 3354 1731 Privatdiskont gab um ¼ Prozent nach. Täglich , kündbares
2314 1693 3343 1736 Geld wurde reichlich angeboten und war bis morgen zu
2311 1732 3339 1775 6 bis 8 Prozent zu haben, einige Tage nach Ultimo zu
2311 1770 3340 1813 7 bis 12 Prozent, schließlich zu 8 bis 10 Prozent vorhanden,
2309 1809 3338 1853 je nach der Länge der Zeit. Check auf London 20.43, auf
2313 1842 2529 1892 Paris 80.70
2368 1886 3339 1926 Die Schlußkurse lauteten: Oesterreichische Kreditaktien 206.37
2312 1923 3338 1966 (207.25), Diskonto=Kommanditanteile 188.50 (188.37), Deutsche
2313 1962 3353 2002 Bank 265.50 (264 75), Dresdner Bank 158.12 (157.—), Darm¬
2313 2001 3340 2042 städter Bank 126.87 (126.87), Schaaffhausenscher Bankverein
2313 2040 3342 2083 137.25 (137.37), Berliner Handelsgesellschaft 166.87 (166.50),
2311 2079 3339 2123 Kommerzial= und Diskontobank 118.50 (118.37), National¬
2312 2118 3339 2160 bank für Deutschland 127.12 (126.87), Russische Bank für
2312 2150 3341 2201 auswärtigen Handel 160.25 (159.75), Oesterreichisch=ungarische
2312 2196 3342 2237 Staatsbayn 161.12 (161.37), Lombarden 24.50 (24.62), Orten¬
2312 2234 3340 2276 talische Eisenbahnbetriebsgesellschaft —.— (153.12), Baltimore
2313 2274 3340 2317 and Ohio 108.— (108.—), Canada=Pacific 242.75 (243.37),
2313 2313 3341 2356 Pennsylvania —.— (—.—), Meridionalbahn —.— (—.—),
2312 2352 3353 2395 Mittelmeerbahn —.— (—.—), Prince Henri=Bahn 152.25(152.—),
2311 2390 3340 2434 Warschau=Wiener Bahn 219.75 (217.25), dreiprozentige deutsche
2312 2430 3340 2473 Reichsanleihe 83.87 (83.75), 3½ prozentige deutsche Reichs¬
2312 2468 3340 2511 anleihe 93.70 (93.70), vierprozentige deutsche Reichsschatz¬
2312 2508 3339 2550 scheine 100.10 (100.20), österreichische Goldrente 98.60
2311 2547 3337 2589 (98.30), österreichische Kronenrente 93.40 (93.40), ungarische
2312 2585 3343 2629 Goldrente 93.50 (93.50), ungarische Kronenrente 91.10 (91.10),
2311 2625 3335 2666 Italiener —.— (—.—), vierprozentige Russen vom Jahre
2312 2663 3334 2705 1902 92.87 (—.—), 4½prozentige Russen vom Jahre 1905
2313 2702 3332 2743 100.30 (100.30), Japaner 97.50 (97.20), Türkenlose
2312 2735 3332 2783 175.50 (175.50), Laura=Hütte 176.— (175.25), Bochumer
2312 2780 3332 2821 Gußstahl 236.87 (237.—), Gelsenkirchener 199.— (199.62),
2310 2819 3334 2861 Harpener 187.25 (188.—), Hohenlohe=Werke 212.62 (212.25),
2310 2857 3335 2900 Bismarck=Hütte 135.50 (134.—), Phönix 249.— (249 50),
2311 2896 3335 2938 Rheinische Stahlwerke 162.— (161.75), Konsolidation 342.—
2308 2935 3334 2977 (341.75), Deutsch = Luxemburger 198.75 (190.—), Allgemeine
2311 2974 3334 3016 Elektrizitätsgesellschaft 276.62 (276.—), Dynamittrust 184.37
2308 3013 3335 3055 (182.50), Große Berliner Straßenbahn 199.37 (197.62),
2309 3051 3336 3094 Norddeutscher Lloyd 97.50 (97.12), Hamburg=Amerika=
2310 3090 3336 3134 Paketschiffahrtsgesellschaft 136.12 (135.25), Elbeschiffahrt 77.75
2310 3130 3338 3172 (78.60), Telephonfabrik I. Berliner 210.— (207.50), South=
2310 3168 3338 3212 Westasrika 177.37 (176.37), 3½prozentige preußische Konsols
2310 3207 3334 3248 93.60 (93.70), Russen 1880 92.10 (92.10), Serben 88.75
2309 3248 3116 3288 (88.90). Auszahlung Petersburg 216.35 (216.25).
2385 3294 3342 3337 [Pariser Börse.] Man telegraphiert uns aus Paris:
2310 3334 3338 3375 Die Börse eröffnete in unregelmäßiger Haltung. Das Geschäft
2315 3374 3338 3416 war infolge der Ultimoprolongation ein sehr geringfügiges
2315 3413 3335 3454 und die hohen Reportsätze, die sich im Parkett auf 3¼ und
2315 3452 3338 3493 in der Coulisse auf 4½ bis 5 Prozent stellten, beeinflußten die
2315 3491 3339 3536 Gesamthaltung in ungünstigster Weise. Infolge der andauern¬
2317 3524 3337 3572 den Ungeklärtheit der innerpolitischen Lage war die heimische
2318 3570 3338 3611 Anleihe, die zu 25 bis 28 Centimes reportiert wurde, anfangs
2315 3609 3337 3649 recht schwach veranlagt, vermochte aber im Verlaufe eine Er¬
2316 3648 3337 3689 holung durchzusetzen, so daß das Papier sogar etwas höher
2317 3680 3336 3727 als gestern schloß. In den übrigen Staatsanleihen kam es
2314 3726 3337 3768 zu keinen nennenswerten Umsätzen, doch neigten die Kurse
2315 3764 3339 3807 sämtlicher führenden Werte der schwächeren Richtung zu.
2314 3796 3337 3845 Russische Industrieaktien waren gleichfalls matt, wobei
2313 3841 3336 3884 namentlich Hartmann=Aktien infolge Realisationen 12 Francs
2316 3880 3338 3924 verloren, während die Einbußen bei den übrigen gleichartigen
2316 3918 3336 3962 Werten nur geringe waren. Im Gegensatze hiezu stand die
2316 3957 3337 4000 Festigkeit der Rio=Tinto=Shares, die sich jedoch infolge der
2315 3996 3335 4038 allgemeinen Lustlosigkeit nicht erheblich bessern konnten. Etwas
2315 4036 3336 4079 höher war auch ein Teil der Minen, darunter Debeers, ver¬
2316 4073 3336 4117 einzelte Banken und spanische Bahnen, doch standen den
2315 4112 3336 4158 Steigerungen in gleichem Ausmaße, Abschwächungen gegen¬
2315 4151 2973 4191 über. Der Schluß der Börse war matt.
2389 4188 3335 4231 Es, notierten: Dreiprozentige französische Rente 95.12
2311 4225 3337 4273 (letzter Kurs 95.07), ungarische Goldrente 97.40 (97.50),
2312 4264 3336 4314 vierprozentige Argentine or mixte 1897/1900 89.80 (—.—),
2312 4303 3338 4352 vierprozentige Italiener —.— (—.— ), dreiprozentige
2313 4341 3337 4390 Portugiesen erste Serie 68.35 (68.85) vierprozentige
2312 4380 3338 4426 russische konsolidierte Anleihe 1901 98.40 (98.40), 1906er
2312 4418 3336 4465 Russen 104.70 (104.80), 4½prozentige Russen vom Jahre
2314 4454 3336 4506 1909 104.05 (104.05), spanische Extérieurs 96.50 (96.52),
2313 4496 3337 4542 unifizierte Türken 93.20 (93.35), vierprozentige Serben
2311 4535 3336 4582 92.95 (93.20), Lombarden 131.—- (131.—), Métropolitain
2311 4574 3336 4623 648.— (649.—), Nord de l'Espagne 418.— (417.—),
2312 4613 3337 4659 Saragossa 428.— (429.—), Wagon=Lits 468.— (469.—),
2312 4651 3335 4700 Crédit Lyonnais 1507 (1498), Länderbank 572.— (568.—),
2311 4690 3334 4733 Banque Ottomane 708— (711.—), Rio=Aktien 1766.—
2311 4728 3334 4777 (1755.—), Sosnovice —.— (1486.—), Tula 498.— (505.—)
2314 4767 3334 4813 Debeers 472.50 (471.50), Chartered 41.50 (41.50), Eastrand
2312 4806 3337 4853 118.50 (118.50), Central Mining 320 — (322.—), General
2311 4845 3336 4891 Mining 36.— (36.—), Geduld 26 25 (25.25), Goldfields
2311 4884 3337 4930 129.— (131.—), Goerz & C0o. 27.— (26.75), Randminen
2313 4922 3000 4963 195.50 (196.50), Robinson 199.50 (—.—).
2389 4968 3337 5014 [Londoner Börse.] Aus London wird uns tele¬
2315 5008 3336 5056 graphiert: Mit Rücksicht auf die Befürchtungen hinsichtlich der
2312 5047 3336 5096 Entwicklung der politischen Verhältnisse verkehrte heute die
2310 5086 3334 5137 Börse von Beginn an in schwacher Haltung, wobei die
2311 5122 3346 5175 herrschende Mißstimmung mit dem Fortschreiten des Verkehres
