2479 3508
1943 171 2048 223 Seite 9
453 198 634 234 Wien, Samstag
113 212 204 236 Nr. 182
969 197 1213 227 Arbeiter-Zeitung.
1567 198 1716 223 6. Juli 1895
89 276 726 310 deutſchen Sprachgebiet für einen Ausnahmszuſtand fordern?
87 299 742 332 (Lebhafter Beifall bei den Jungtſchechen.) Die ehrlichen, wirklich
86 321 744 354 freiheitliebenden Deutſchen in Böhmen haben nie nach
88 343 744 376 einem Ausnahmszuſtand gerufen, und es iſt das eine Aus⸗
87 365 743 398 flucht, welche die Regierung — nicht zur Ehre der
87 388 727 420 Deutſchen — hier gebraucht. (Beifall bei den Jungtſchechen.)
87 411 744 443 Merkwürdig iſt die Logik des Miniſters; die Prüfung daraus
89 432 744 465 hat er nicht glänzend beſtanden, vielleicht deswegen, weil er
89 454 744 486 mit dem Grafen Thun auf derſelben Schulbank ſaß. (Leb⸗
89 476 745 509 hafte Heiterkeit bei den Jungtſchechen.) Er hat die neue Theorie
89 499 746 533 aufgeſtellt, daß die Staatsgrundgeſetze nur für Männer von
90 521 746 554 24 Jahren da ſind. (Lebhafte Heiterkeit bei den Jungtſchechen.)
89 543 746 575 Jungen Männern unter 24 Jahren braucht man alſo die ſtaats⸗
90 566 746 599 grundgeſetzlich gewährleiſteten Rechte nicht zu geben. Ganz un⸗
91 588 747 622 begreiflich iſt es, daß der Miniſter trotz der mangelhaften Kenntniß
92 610 747 641 der Verhältniſſe in Böhmen nicht durch ein Ereigniß der letzten
90 632 746 665 Tage ſich davon überzeugt hat, daß der Ausnahmszuſtand gerade⸗
90 654 747 686 zu lächerlich iſt. In Prag fand dieſer Tage eine großartige
90 676 747 708 Sokolfeier ſtatt: 200.000 Menſchen waren in den Straßen, und
92 698 748 730 weil ſich die Polizei nicht einmiſchte (Beifall bei
91 720 733 753 den Jungtſchechen), war die größte Ruhe und eine
91 742 748 774 muſterhafte Ordnung. (Erneuerter Beifall bei den Jung⸗
90 764 748 797 tſchechen.) Gerade dieſer Umſtand iſt Zeugniß dafür, daß es
82 787 749 818 ein Verbrechen am Anſehen des Staates iſt, den
92 810 749 841 Ausnahms zuſtand in Prag auf recht zuer halten.
91 832 749 864 (Lebhafter Beifall und Händeklatſchen bei den Jungtſchechen.)
92 853 733 886 Der Ausnahmszuſtand in Prag war keine Staatsnothwendigkeit,
92 876 749 906 er war nichts anderes als eine unkluge Ranküne gegen unſere
92 897 749 931 Partei. (Beifall bei den Jungtſchechen.) Der Miniſter des Innern
92 920 734 953 meinte, die Jugend möge national ſein, mit den Dichtern und der
91 942 734 975 Literatur ſich beſchäftigen. In Böhmen iſt man ſo liebens⸗
92 964 735 1000 würdig nicht. In Cicovic wollten in einer ganz kleinen
94 987 735 1018 Gemeinde mit vier oder fünf Anweſen die jungen Leute
92 1008 734 1042 tanzen lernen. Das wurde ihnen von der Bezirkshaupt⸗
86 1031 735 1063 mannſchaft Smichow auf Grund des Ausnahmszuſtandes mit
93 1052 736 1085 Rücksicht auf die öffentliche Ruhe verboten. (Leb⸗
94 1075 735 1109 hafte Heiterkeit und Rufe: Hört! Hört! bei den Jungtſchechen.)
95 1097 735 1130 Daß ſich die Jugend von Politik vollſtändig fernhalte, iſt abſolut
93 1119 736 1153 nicht möglich, wenn ſie das Nationalgefühl pflegen ſoll, weil jede
96 1141 737 1174 nationale Frage in Oeſterreich mit der politiſchen innig verknüpft
93 1163 737 1195 iſt. Neben der politiſchen Politik ſpielt aber auch die ſoziale
94 1186 736 1218 Politik eine große Rolle, und man kann doch nicht behaupten, daß
87 1209 649 1241 die Jugend ſich mit dieſen Fragen nicht beſchäftigen ſoll.
155 1205 748 1264 Das Spitzelweſen geht in Prag ſo weit, daß extra
95 1252 737 1285 Spitzel ins Kaffeehaus geſchickt werden,
96 1274 737 1306 wo die böhmiſchen Landtagsabgeordneten
96 1295 737 1329 genöthigt ſind, ihr Frühſtück zu nehmen.
96 1318 737 1350 (Stürmiſche Rufe bei den Jungtſchechen: Hört! Hört! — Ab⸗
97 1340 738 1373 geordneter Dr. Brzorad: Einen mußten wir hinauswerfen.
96 1362 737 1396 Lebhafte Heiterkeit.) Daß in jeder Gerichtsverhandlung gegen die
98 1385 737 1418 ſogenannten unruhigen Elemente die Hauptrolle die Agents
96 1407 738 1438 provocateurs ſpielen, iſt kein gutes Zeichen für den edlen
96 1428 739 1461 Charakter des Grafen Thun. (Lebhafte Zuſtimmung bei den Jung⸗
96 1451 739 1484 tſchechen.) Bei der Vorſtellung des Fräulein Pospiſchil, für
98 1473 740 1506 welche ſich Graf Thun mit ſeinem gewohnten Edelſinn eingeſetzt
100 1496 739 1529 hat (Abgeordneter Dr. Brzorad: Er hat mehrere
99 1518 741 1549 ſolche Edelſinne!) wurden mehrere junge Leute, darunter
100 1540 741 1572 ein Techniker Skokan, wegen Pfeifens verhaftet. Wenn das ein
98 1561 740 1594 Verbrechen iſt, ſo müßte man manchesmal ganz Italien einſperren.
99 1584 741 1618 Dieſe günſtige Gelegenheit benützte aber die überweiſe Prager
98 1606 741 1640 Polizei. um ganz ruhig ohne richterlichen Befehl nicht durch
100 1628 741 1660 polizeiliche Beamte, ſondern durch ganz gewöhnliche Geheim⸗
101 1650 742 1683 agenten (Hört! Hört! bei den Jungtſchechen) bei dieſem Manne
102 1672 739 1703 eine Hausdurchſuchung vorzunehmen. Sie
102 1694 743 1727 haben nichts gefunden als eine Viſitkarte mit dem Namen eines
104 1716 743 1749 gewiſſen Mediziners Hrdlicka, und dieſe Karte genügte der
103 1738 743 1771 Polizei, um ebenſo ohne richterlichen Befehl in der Wohnung des
102 1760 743 1793 Hrdlicka eine Hausdurchſuchung vorzunehmen.
103 1782 743 1815 (Stürmiſche Rufe bei den Jungtſchechen: Hört! Hört! Skandal!
102 1805 744 1839 Abgeordneter Dr. Brzorad: Das iſt ja ein Verbrechen!) Da iſt es doch
103 1828 745 1862 eine Bonhomie ſeitens des Miniſters des Innern, wenn er
102 1849 745 1883 ſagt, daß in Prag eigentlich gar nichts vorgeht. Die Polizei fühlt
102 1872 744 1903 aber manchmal doch auch, daß ſie zu viel gethan hat, namentlich
103 1894 745 1927 die rechte Hand des Grafen Thun, der Polizeikommiſſär Olic.
104 1915 745 1949 (Rufe bei den Jungtſchechen: Das iſt auch ein edler Mann!
105 1938 746 1970 Er ließ den Vater des Technikers, der ſich bereits eine Beſchwerde⸗
104 1960 746 1996 ſchrift von einen Advokaten aufſetzen ließ, zu ſich berufen und
104 1982 747 2014 überredete ihn eine Stunde lang mit allen den
105 2005 746 2038 Mitteln, die zu ſeiner Spezialität gehören, bis
105 2027 746 2061 ſich endlich der arme Mann entſchloß ſeine Be⸗
104 2048 745 2082 ſchwerde zurückzunehmen. (Abgeordneter Formanek:
105 2071 746 2103 Das hat Graf Thun dem Olic telephonirt!) In Prag exiſtirt ein
104 2093 746 2126 ſtudentiſches Konſortium, welches die beſten Sachen aus der Welt⸗
104 2115 746 2148 literatur herausgibt. In der Ausſtellung der literariſchen Er⸗
102 2137 747 2171 zeugniſſe des böhmiſchen Volkes hat es in einem ſeparaten
103 2159 747 2191 verſchloſſenen Kaſten nichts ausgeſtellt, als die Bücher, welche es
102 2181 747 2215 herausgegeben hat, beziehungsweiſe die Titel. Da einmal niemand
103 2204 746 2238 von den Herausgebern zugegen war, benützte ein Pouzeikommiſſär
103 2226 745 2260 die Gelegenheit, ließ durch einen Schloſſer den Kaſten aufſperren
104 2248 747 2281 und einige Bücher daraus entfernen. (Lebhafte Rufe: Hört! Hört!
104 2271 747 2304 bei den Jungtſchechen. — Abgeordneter Sokol: Das iſt eine
105 2293 748 2325 öſterreichiſche Gewaltthat!) Der Miniſterpräſident verſicherte,
106 2314 748 2346 Graf Thun ſei ein edler Charakter durch und durch, von
106 2336 748 2368 Brutalität ſei bei ihm keine Spur. (Abgeordneter Dr. Brzorad:
109 2358 749 2391 Er iſt ganz brutal!) Ich will wegen dieſes Ausdruckes ihm
107 2381 748 2414 persönlich nichts nachtragen. Er zeigt, nur ſeine Herzensgüte.
107 2403 750 2438 Es iſt aber zu befürchten, daß ſehr viele Leute, namentlich in
106 2425 751 2458 Böhmen, wo man den Grafen Thun ſo gründlich kennt,
107 2447 751 2482 in Folge deſſen über den Herrn Miniſterpräſidenten ein Urtheil
108 2470 748 2503 haben werden, welches in der gegenwärtigen Zeit hervorzurufen
108 2492 751 2526 nicht nothwendig war. (Zuſtimmung bei den Jungtſchechen.) Bei
110 2515 752 2548 uns iſt allgemein die gewiſſe Reſerve, die wir hier einge⸗
109 2537 750 2570 nommen haben, gebilligt worden. Wenn der Miniſterpräſident als
108 2559 751 2593 Vorgeſetzter des Grafen Thun einige Worte zu ſeiner Vertheidigung
109 2581 752 2615 hätte ſagen müſſen, ſo hätten wir das vielleicht als Sache der
111 2603 753 2636 Beamtenhierarchie anerkannt, aber niemand wird bei uns be⸗
112 2625 753 2660 greifen, daß er es nothwendig hatte, ſich hier ſo oſtentativ
114 2647 754 2681 als Freund des Grafen Thun auszurufen und ſeinen edlen
113 2668 754 2703 Charakter ſo zu preiſen, wie nicht einmal Marquis Bacquehem
112 2691 753 2726 eſ gethan hat. (Lebhafter Beifall und Händeklatſchen bei den
112 2723 251 2749 Jungtſchechen.)
176 2741 753 2774 Iſt Graf Thun wirklich ſo edel? (Abgeordneter Purg⸗
112 2763 755 2797 hart: Das iſt in den Kerkern zu ſehen!) Wenn der
112 2784 758 2820 ganze Omladinaprozeß gerecht war, ſo waren ſicherlich die harten
113 2807 757 2842 Strafen ungerecht, und noch ungerechter, wie im Gefängniß
117 2830 757 2864 mit den jungen Leuten umgegangen wird. (Zuſtimmung bei
114 2852 754 2888 den Jungtſchechen. — Abgeordneter Dr. Brzorad: Das hat
114 2875 758 2911 Thun am Gewiſſen!) Die 29.000 Menſchen, von denen geſtern
116 2897 760 2935 gesprochen wurde, werden diejenigen nicht aufwiegen, welche in
117 2921 760 2958 Folge der Behandlung im Strafhauſe ge⸗
118 2941 760 2980 ſtorben ſind. (Lebhafter Beifall bei den Jungtſchechen.) Zeigt
118 2963 759 3002 es einen ſo edlen Charakter, wenn er die Mittelſchul⸗
120 2984 762 3023 direktoren von Prag, die aus Anlaß des Ablebens des Erz⸗
121 3009 762 3050 herzogs Albrecht zu ihm kamen, um ihr inniges und offenes Mit⸗
122 3030 763 3074 gefühl auszusprechen, mit den Schlußworten anfährt: Und
121 3028 765 3096 wer nicht parirt, dem wird das Genick ge⸗
121 3046 768 3120 brochen! (Stürmiſche Rufe bei den Jungtſchechen: Hört!
121 3070 768 3144 Hört! — Abgeordneter Dr. Brzorad: Das iſt das Ver⸗
125 3115 771 3167 brechen der öffentlichen Gewaltthätigkeit!)
125 3140 771 3192 Graf Kielmansegg hätte beſſer gethan, ſich zuerſt die Protokolle
126 3163 776 3213 und Akten durchzuleſen. Graf Thun braucht ſich aber bei ihm
127 3186 775 3240 nicht besonders zu bedanken. Graf Kielmansegg hat keine anderen
127 3201 770 3262 Tugenden an ihm entdecken können, als ſein ausgeprägtes dynaſti⸗
129 3227 775 3285 ſches und patriotiſches Gefühl. Wenn ich Statthalter in Böhmen
131 3246 774 3302 wäre, würde ich mich bedanken, daß ein Minister an mir
132 3276 777 3322 kein anderes Verdienſt findet. Das ist ja die allererſte Vor⸗
133 3295 776 3345 ausſetzung eines kaiſerlichen Beamten, daß er wenigſtens
134 3321 776 3370 patriotiſch und dynastiſch iſt. Damit noch herumzuflunkern,
757 265 1393 299 wie mit einer beſonderen Eigenſchaft, für welche Prag und
755 288 1393 320 Böhmen verdienen, im Ausnahmszuſtand gehalten zu werden, iſt
756 312 1393 343 unbegreiflich. Und dieſe Kontrapoſition des Patriotismus
757 335 1393 367 des Grafen Thun gegen unſeren Patriotismus iſt geradezu beleidi⸗
757 357 1393 388 gend. (Lebhafte Zuſtimmung bei den Jungtſchechen.) Wir nehmen
757 379 1393 409 von niemandem eine Belehrung über den Patriotismus an, auch
756 399 1394 431 nicht von einem Patrioten von vorgeſtern. (Zuſtimmung bei den
757 423 1394 457 Jungtſchechen. — Abgeordneter Dr. Brzorad: Aus Hanno⸗
758 444 1395 476 ver.) Das böhmiſche Volk hat nie eine Revolution gegen die
757 467 1395 498 Dynaſtie gemacht, ſondern nur der Adel. Und wie
758 490 1394 520 war es im Jahre 1866, als die berühmten Proklamationen an das
759 511 1395 542 böhmiſche Volk erſchienen ſind? (Lebhafte Zuſtimmung bei den
758 534 1395 567 Jungtſchechen.) Dieſes treue und opferwillige böhmiſche Volk ver⸗
759 556 1395 586 dient etwas anderes als Belehrungen über den Patriotismus
759 581 1112 609 ſeitens der öſterreichiſchen Regierung.
824 600 1396 629 Ich begreife ganz gut, daß ein Parteiminiſteres noth⸗
760 620 1396 653 wendig hat, ſich nach oben ſchön zu machen und mit ſeinem Patriotismus
760 644 1396 675 herumzuflunkern, aber daß ein Beamtenminiſter auch ſolche Kontra⸗
760 666 1396 696 poſitionen mit dem Patriotismus macht, iſt geradezu unbegreif⸗
760 686 1397 719 lich und unerhört. (Zuſtimmung bei den Jungtſchechen.)
762 710 1396 741 Ein Volk, wie das böhmiſche, welches alle Vortheile einer Partei⸗
761 732 1396 763 konſtellation, welche ein Miniſterium eigentlich von ſich weg⸗
761 754 1398 787 weist, nur deswegen, weil es treu bleibt ſeinem ſtaatsrechtlichen
760 776 1398 808 Programm — und das iſt die Königskrone — ein ſolches Volk
761 799 1398 830 kann auch ſeine Jugend nicht anders erziehen. Dafür bekommen
762 821 1398 851 wir die famoſen Schulerläſſe, und bei uns wird der Patriotismus
761 843 1399 876 dadurch gepflegt, daß die armen Kinder Strophen der Volks⸗
762 865 1401 896 hymne auswendig lernen müſſen. Die Hauptſache ſind die
762 887 1400 919 ſchwarz⸗gelben Fahnen. Graf Thun macht in der
763 909 1400 941 Ehrung der ſchwarz⸗gelben Fahnen alles, was man machen
762 931 1400 962 kann. Nicht nur, daß er ſie auf jedes Schulgebäude aufhängt,
763 953 1401 986 er gibt ſogar den Ballettänzerinnen Kränze
763 975 1402 1009 mit ſchwarz⸗gelben Fahnen. (Lebhafte Heiterkeit bei
764 997 1402 1030 den Jungtſchechen.) Der Patriotismus läßt ſich durch das Lehren
763 1020 1403 1053 von ein paar Strophen nicht einpeitſchen, und es wird der
764 1041 1402 1071 Patriotismus durch das Syſtem des Grafen Thun aus der
763 1063 1402 1097 Jugend geradezu ausgetrieben. (Beifall bei den Jungtſchechen.)
764 1086 1403 1119 Wenn Sie ſich über die Zuſtände beklagen, ſo ſchieben ſie nicht
764 1107 1403 1138 die Schuld auf das wirklich dynaſtiſch und königstreu geſinnte
766 1130 1403 1161 böhmiſche Volk, ſondern auf denjenigen, welcher den
764 1151 1402 1182 neuen Patriotismus in Böhmen predigt. (Beifall bei den
764 1174 1403 1206 Jungtſchechen.) Wir ſtehen unentwegt auf dem, was uns Palacky
764 1196 1403 1228 für unſere Nation vorgezeichnet hat. Wir haben die Zuverſicht und
765 1218 1404 1248 den feſten Glauben an unſer Volksthum, wir fürchten nicht die
763 1240 1404 1271 Zukunft, und in dieſem Sinne unterſchreiben wir vollſtändig den
767 1262 1404 1293 Ausſpruch Palacky's: Wir waren vor Oeſterreich und wir wer⸗
765 1284 1404 1315 den nach Oeſterreich ſein. (Lebhafter Beifall und Händeklatſchen
766 1304 1404 1338 bei den Jungtſchechen.) Aber ebenſo unterſchreiben wir die Worte
765 1328 1405 1359 Palacky's, daß, wenn Oeſterreich nicht wäre, es erfunden werden
768 1350 1405 1381 müßte. Aber wir bitten nur, daß man uns dieſen königstreuen
766 1372 1405 1406 Patriotismus läßt, und daß man uns nicht einen neuen Patriotis⸗
766 1395 1405 1427 mus einimpfe, einen zisleithaniſchen, den wir nicht kennen und
767 1417 1406 1448 nie kennen werden. (Lebhafter Beifall und Händeklatſchen bei den
767 1439 1406 1471 Jungtſchechen. Redner wird von ſeinen Parteigenoſſen beglück⸗
768 1467 851 1493 wünſcht.)
835 1484 1407 1515 Abgeordneter Dr. Rutowski (Generalredner pro) begrüßt
768 1505 1408 1537 die vom Miniſter in Ausſicht genommene Reform auf dem Gebiete
769 1527 1408 1559 des Sanitätsweſens und dankt ihm für die verſprochene Erhöhung
769 1551 1255 1583 des Standes der politiſchen Behörden in Galizien.
835 1572 1359 1603 Es folgt eine Reihe von thatſächlichen Berichtigungen.
834 1594 1410 1625 Abgeordneter Dr. Dworſchak bemerkt, daß dem Miniſter
770 1616 1410 1648 des Innern der ſonderbare Lapſus zugeſtoßen ſei, daß er ſich gegen
769 1637 1410 1670 Behauptungen gewendet, welche Redner gar nicht vorgebracht, ja
770 1660 1410 1692 die ſich auf Gegenſtände beziehen, die er nicht einmal berührt hat.
770 1682 1411 1714 (Hört! Hört! bei den Jungtſchechen.) Die Daten über die
771 1704 1411 1735 ſanitären Verhältniſſe aber, welche der Miniſter anführte,
772 1727 1412 1761 ſeien zum Theil wörtlich gleichlautend mit den vom Redner
772 1748 1411 1779 in ſeiner Rede vom 11. April des vorigen Jahres vorgebrachten,
772 1771 1412 1802 da ſie der gleichen Quelle entnommen ſeien.
771 1792 1412 1825 Zwiſchen den Anſchauungen des Miniſters und denen des Redners
774 1815 1411 1847 beſtehe nur der einzige Unterſchied, daß der Miniſter alle auf dem
773 1837 1412 1869 Gebiete des Sanitätsweſens erzielten Erfolge einem adminiſtrativen
772 1859 1412 1890 politiſchen Beamten, einem Statthalter, vindizirte, während ſie
773 1881 1413 1912 ausſchließlich der aufopfernden Thätigkeit des ärztlichen Perſonals
773 1903 1413 1936 zuzuſchreiben ſind, von welchem ſchon eine ganze Reihe im Kampfe
774 1925 1413 1958 gegen Epidemien ihre Pflichttreue genügend erwieſen und die
774 1948 1414 1983 erzielten Erfolge durch einen Heldentod gekrönt hat. Wenn der
774 1970 1414 2001 Miniſter über die politiſchen Verhältniſſe in Böhmen keine beſſeren
775 1991 1411 2025 und glaubwürdigeren Informationen ſich zu verſchaffen wußte, ſo
775 2014 1411 2050 mußte er ſich auf große Differenzen zwiſchen ſeiner Regierung
775 2036 1414 2068 und dem böhmiſchen Volke gefaßt machen. (Beifall bei den
774 2066 915 2091 Jungtſchechen.)
841 2081 1415 2110 Berichterſtatter Dr. Kathrein verzichtet auf das
775 2104 1185 2137 Schlußwort. (Heiterkeit und Beifall.)
841 2125 1414 2155 Bei der Abſtimmung werden die Verhandlung geſtandenen
775 2147 1416 2178 Titel des Miniſteriums des Innern ſowie die vom Ausſchuſſe
777 2169 1416 2201 hiezu beantragten Reſolutionen angenommen. Hierauf werden die
775 2191 1414 2222 Titel „Staatsbaudienſt“, „Straßenbau“, „Waſſerbau“ und
777 2214 1414 2245 „Neubauten der politiſchen Verwaltung“ in Verhandlung gezogen.
841 2241 1416 2271 Abgeordneter Formanek beſpricht die Nothwendigkeit
777 2263 1417 2295 der Regulirung und Schiffbarmachung der oberen Elbe, indem er
777 2285 1415 2317 auf die zahlreichen großen Ueberſchwemmungen, die dort ſtatt⸗
777 2315 931 2339 finden, verweist.
842 2329 1417 2359 Abgeordneter Kaftan beſpricht die Wichtigkeit der Waſſer⸗
778 2351 1417 2383 ſtraßen. Fünf Jahre hat im ganzen der Bau des Nord⸗Oſtſee⸗
778 2373 1417 2405 Kanals in Anſpruch genommen. Bei uns genügen fünf Jahre
779 2396 1417 2428 nicht, um ein Projekt für einen Umſchlagplatz des Prager Hafens
778 2417 1418 2451 in Holleſchowitz auszuarbeiten. Die Durchſchleuſung von Prag,
780 2440 1419 2473 welche in fünf Jahren vollendet ſein ſollte, iſt, obſchon die fünf
779 2463 1419 2496 Jahre abgelaufen ſind, noch nicht einmal begonnen. Er erwartet,
779 2485 1418 2516 daß der Miniſter des Innern mit Energie und mit Wohlwollen
780 2506 1418 2539 an die Aufgabe herantreten werde, die Moldau und die Elbe von
780 2533 1082 2561 Auſſig bis Prag zu kanaliſiren.
846 2551 1418 2583 Abgeordneter Kaiſer beſpricht die wirthſchaftliche Bedeutung
781 2574 1419 2608 gut organiſirter Straßen und empfiehlt eine Aenderung der
782 2599 1108 2628 Straßenorganiſation in Schleſien.
846 2618 1419 2652 Abgeordneter Morre ſchildert den bisherigen Verlauf der
782 2639 1418 2671 Murregulirungsarbeiten. Redner habe in dieſer Angelegenheit
782 2661 1419 2693 bereits im Dezember vorigen Jahres die Regierung interpellirt.
783 2684 1420 2715 Er ſei damals von einem Miniſter zum anderen gegangen, um
782 2704 1420 2738 für Radkersburg zu bitten, und da er nicht ein verdrießlicher Menſch
783 2728 1421 2761 ſei (Heiterkeit), wolle er den gleichen Weg wieder machen. Wenn das
784 2750 1421 2782 aber immer ſo fortgeht und immer andere Miniſter kommen, ehe
785 2771 1420 2804 etwas erledigt wird, werde ſelbſt der Muthigſte entmuthigt. (Heiterkeit.)
784 2793 1422 2824 Wenn ich einmal in den Himmel komme, ſagt Redner, ſo werde
786 2815 1422 2848 ich unſerem Herrgott die Geſchichte erzählen, wie es da zugeht,
786 2837 1421 2868 damit der alte Herr auch einmal etwas zu lachen hat. (Heiterkeit.)
785 2859 1423 2896 Was würden Sie ſagen, wenn unſer Finanzminiſter zum erſten
788 2882 1424 2913 beſten Dienſtmann gehen und ihm ſagen würde: „Sie, können S'
788 2904 1424 2935 mir nicht drei Kreuzer leihen, daß ich mir zwei Inländer kaufen
787 2927 1423 2959 kann?“ (Lebhafte Heiterkeit.) Ganz ſo geht es bei der Mur⸗
787 2947 1423 2980 regulirung. Dort iſt eine kleine Gemeinde beſtehend nur aus
789 2970 1426 3000 kleinen Häuslern, deren ganzer Reichthum in vielen Kindern
792 2991 1425 3023 beſteht (Heiterkeit), welche bekanntlich freſſendes Kapital ſind.
791 3013 1426 3045 Dieser Gemeinde drohte das Unglück, daß ihr ein großes Stück
791 3036 1426 3069 Wieſengrund weggeriſſen wurde, und es wurden die nöthigen
793 3058 1425 3092 Schritte unternommen, damit man mit den Schutzbauten beginne.
793 3080 1427 3112 Da erklärten die Behörden: Wir ſind bereit, das zu thun, aber
797 3102 1425 3135 die Gemeinde muß uns 2000 fl. unverzinslich vorſchießen. Die
796 3123 1424 3157 arme Gemeinde muß dem Kaiſerthum Oeſterreich 2000 fl. vor⸗
797 3147 1423 3181 ſchießen! Wenn unſer Herrgott das von uns erfährt, wird er lachen
798 3169 1423 3203 darüber, was er für Ebenbilder auf dieſer Welt zurückgelaſſen hat.
784 3190 1424 3228 (Lebhafte Heiterkeit.) Bei jedem Hochwaſſer bildet nur der Markt
800 3214 1423 3246 von Radkersburg eine trockene Inſel, auf der man ſich bewegen
800 3236 1421 3267 kann. Eine Verjauchung und Verſumpfung des Ortes muß ein⸗
800 3259 1424 3290 treten. Laibach wurde von einem unvorhergeſehenen Ereigniß
801 3281 1424 3314 heimgeſucht. In Radkersburg iſt aber das Unglück vorauszuſehen
803 3302 1422 3335 und die Bewohner dieſer ſchwergeprüften Stadt müſſen zu
1421 263 2063 293 Bettlern werden. Es geht aber nicht an, daß wir alles dem
1421 285 2062 316 Almoſen überlaſſen. Heute ſchämen ſich nicht einmal die Hoch⸗
1422 307 2064 339 geſtellten, auch die hohen Adeligen nicht, betteln zu gehen, aller⸗
1422 328 2063 360 dings für wohlthätige Zwecke. (Abgeordneter Dr. Scheicher:
1422 351 2064 383 Um einen Orden zu kriegen!) Wenn ſo eine Comteſſe oder ein
1422 373 2064 406 ſchönes Fräulein irgendwo bei einem Bazar Blumen verkauft, iſt
1422 396 2063 424 ſie mehr als eine Blumenverkäuferin? Könnte ſie ſich deſſen nicht
1423 417 2064 449 entſchlagen, wenn ſie ſagen würde: Ebe ich meine Perſon ſo an
1423 438 2065 470 die Oeffentlichkeit ſtelle, zahle ich lieber den Betrag,
1423 461 2066 492 den ich verdienen werde? (Heiterkeit.) Aber es iſt einmal
1423 484 2065 515 ſo. Wenn einer eine Tanzunterhaltung geben will, fragt er nicht,
1422 506 2066 538 wo Tanzluſtige ſind, ſondern er fragt, wo ein Unglück geſchehen
1424 528 2064 559 iſt, damit er ein Wohlthätigkeitskränzchen veranſtalten kann. (Heiter⸗
1424 550 2066 581 keit.) Wir ſind ſo geſchäftsmäßige Bettler geworden,
1424 572 2067 603 daß wir eingeſperrt werden ſollten. (Lebhafte Heiterkeit.) Redner
1424 597 1928 627 erſucht das Haus, ſeine Reſolution zu unterſtützen.
1490 615 2068 648 Abgeordneter Dr. Schorn empfiehlt die Herſtellung der
1424 639 2065 670 Iſelthalſtraße unter Hinweis auf die große Bedeutung derſelben
1424 662 2020 692 für den Verkehr und beantragt eine diesbezügliche Reſolution.
1490 682 2068 713 Abgeordneter Hauck überreicht folgenden Reſolutions⸗
1427 704 2069 737 antrag: Die Regierung wird aufgefordert. Verſuche in der
1426 727 2070 758 Richtung anſtellen zu laſſen, ob der Gefahr, in welcher
1426 749 2069 780 die Caiſſonarbeiter ſchweben, nicht dadurch zu
1427 771 2070 806 begegnen wäre, daß dieſelben mit Anzügen nach jener Art, in
1428 793 2071 825 welcher die Taucher ausgerüſtet werden (heute mit Hilfe des
1428 816 2071 848 Aluminiums minder gewichtig herzuſtellen), verſehen würden, welche
1428 838 2070 869 es geſtatten, friſche Luft ohne Ueberdruck einzuathmen und auch
1429 861 1955 891 ohne Ueberwindung von höherem Druck auszuathmen.
1495 881 2072 913 Abgeordneter Dr. Forſcht (Generalredner contra) bezeichnet
1430 903 2073 935 die Indolenz der Regierung in Bezug auf die Waſſerſtraßenpolitik,
1430 927 2072 958 den Mangel an ſyſtematiſcher Initiative als die Haupturſache der
1430 948 2073 981 geringen Fortſchritte auf dieſem Gebiete. Der Hafenbau in Prag
1431 970 2074 1000 iſt ein öſterreichiſcher Skandal. Wenn es noch eines Beweiſes für
1431 992 2074 1024 die ſtiefmütterliche Behandlung Böhmens in volkswirthſchaftlicher
1430 1014 2073 1045 Hinſicht bedürfte, ſo wäre er durch die Errichtung des Froſchbaſſins
1431 1040 1765 1067 in Holleſchowitz erbracht. (Beifall.)
1498 1058 2073 1089 Abgeordneter Dr. Funke (Generalredner pro) tritt für die
1432 1080 2073 1111 Kanaliſirung der Flußſtrecke Prag⸗Auſſig ein, indem er bemerkt,
1432 1102 2075 1133 daß ſo wichtige Unternehmungen mit der größten Schnelligkeit
1432 1124 2075 1155 durchgeführt und überhaupt nicht mit der kritiſchen Sonde von
1433 1145 2075 1177 Rentabilitätsberechnungen unterſucht werden müſſen. Die Schuld
1435 1168 2075 1199 an dem langſamen Fortſchritt erblickt er jedoch im Gegenſatze zum
1434 1189 2074 1222 Vorredner in dem Mangel einer ſtarken zentraliſtiſchen Leitung.
1432 1219 1515 1241 (Beifall.)
1497 1234 2076 1265 Berichterſtatter Dr. Kathrein verzichtet auf das
1433 1262 1594 1286 Schlußwort.
1499 1278 2075 1310 Die in Verhandlung geſtandenen Titel werden hierauf
1433 1301 2075 1332 ſammt den vom Ausſchuß beantragten Reſolutionen angenommen
1433 1322 2069 1353 und ſodann Kapitel VIII („Miniſterium für Landesvertheidi⸗
1435 1344 2077 1377 gung“) in Verhandlung gezogen. (Berichterſtatter: Freiherr
1434 1372 1595 1398 v. Schwegel.)
1501 1389 2078 1420 Abgeordneter Formanek beklagt ſich über die ſchlechte
1435 1411 2078 1442 Behandlung kranker Soldaten und die Ueberanſtrengung
1436 1432 2078 1468 der Reſerviſten bei den Waffenübungen. Er wünſcht, daß das
1437 1455 2073 1487 Einrücken der Rekruten zum Militärdienſt vom 1. Oktober an
1437 1479 1980 1509 den 1. Dezember, eventuell 1. November verlegt werde.
1499 1500 2080 1533 Abgeordneter Steiner plaidirt für eine Reform des
1437 1521 2081 1553 Militärtaxgeſetzes: insbeſondere für die Gemeinde Wien
1437 1544 2080 1576 ſei die Einhebung der Militärtaxe eine empfindliche Belaſtung.
1439 1566 2081 1597 Er wünſcht eine Progreſſion der Militärtaxe. Sodann ſpricht
1438 1588 2079 1618 Redner den Wunſch aus, daß während der Erntezeit Be⸗
1439 1610 2082 1641 urlaubungen von Soldaten ſtattfinden ſollen,
1432 1631 2082 1663 und klagt über die großen Strapazen bei den Manövern. Die
1439 1653 2082 1684 Manöver des Jahres 1885, die Redner ſelbſt mitgemacht habe,
1439 1676 2082 1707 ſeien für ihn ärger geweſen als ſein Aufenthalt in Bosnien und
1439 1697 2083 1729 der Herzegowina. Bei den Waldviertler Manövern ſeien ſogar
1440 1720 2083 1751 viele Soldaten in Folge der Strapazen mit Tod ab⸗
1441 1742 2083 1774 gegangen. Weiter bedauert Redner, daß für das Nachtmahl
1440 1765 2083 1794 der Soldaten noch immer kein Geld vorhanden ſei, während man
1439 1787 2084 1819 für neue Gewehre, neue Uniformen, neue Schiffe und neue
1440 1807 2085 1840 Kanonen immer Geld habe. Er klagt auch darüber, daß beim
1441 1831 2085 1862 Militär die Sonntagsruhe nicht beachtet werde. So mußten zum
1441 1852 2085 1884 Beiſpiel in Iglau die Landwehrtruppen Pfingſtſonntag und Pfingſt⸗
1441 1875 2086 1906 montag Vormittags exerzieren. Schließlich befürwortet Redner
1442 1896 2085 1928 eine humanere Behandlung der zu Waffenübungen einberufenen
1442 1922 1902 1949 Mannſchaft. (Bravo! auf der äußerſten Linken.)
1509 1942 1932 1972 Die Verhandlung wird ſodann abgebrochen.
1507 1963 2087 1994 Abgeordneter Dr. Waibel und Genoſſen interpelliren den
1444 1985 2087 2019 Miniſter des Innern in Betreff eines Vorganges bei der
1444 2007 2087 2038 Arbeiterunfallverſicherungsanſtalt in Salzburg.
1510 2029 2087 2060 Abgeordneter Hajek und Genoſſen interpelliren den
1443 2052 2088 2082 proviſoriſchen Vorſitzenden im Miniſterrath über das ſeitens des
1444 2074 2087 2105 Bezirkshauptmannes in Piſek ergangene Verbot eines zum
1445 2099 1940 2127 Gedenktag an Hus abzuhaltenden Vortrages.
1509 2118 2087 2151 Nächſte Sitzung morgen, Samstag, den 6. d., um
1446 2140 2088 2171 10 Uhr Vormittags. Tagesordnung: Fortſetzung der Spezial⸗
1445 2162 2084 2193 debatte über das Budget, und zwar über Kapitel „Landesver⸗
1444 2184 2087 2216 theidigungsminiſterium“ und „Miniſterium für Kultus und
1444 2214 1551 2236 Unterricht.“
1511 2232 1886 2261 Schluß der Sitzung ¼ 6 Uhr Abends.
1696 2295 1841 2340 Inland.
1512 2339 2088 2374 Wien, 5. Juli. [Die Vereinigte Linke und
1446 2364 2090 2401 Herr v. Plener.] Das Schreiben, womit Herr v. Plener
1446 2389 2091 2424 ſeine Mandatsniederlegung der Vereinigten Linken mittheilt,
1446 2427 1519 2450 lautet:
1513 2439 2091 2474 Das gegenwärtige Scheitern der Koalition der gemäßigten
1448 2464 2093 2497 Parteien, einer politiſchen Idee, für die ich in den letzten andert⸗
1448 2485 2093 2518 halb Jahren mit allem Nachdruck eingetreten bin, läßt es mir
1447 2508 2092 2540 räthlich erſcheinen, mich von der parlamentariſchen Thätigkeit zurück⸗
1448 2534 1955 2562 zuziehen, und lege ich deshalb mein Mandat nieder.
1514 2554 2091 2587 Ich bitte, den geehrten Mitgliedern der Partei meine beſten
1447 2576 2091 2611 Wünſche zu beſtellen und ihnen meinen aufrichtigen Dank für die
1447 2599 2092 2633 vielfachen im Laufe der Jahre bewieſenen Sympathien auszu⸗
1448 2622 2092 2655 drücken. Ich habe zweiundzwanzig Jahre im Schoße der Partei
1446 2644 2091 2678 zugebracht, und eine Reihe der ſtärkſten Erinnerungen knüpft mich
1447 2668 2092 2701 an dieſe Zeit, und die freundlichſten davon nehme ich mir
1447 2695 1656 2717 zum Abſchied herüber.
1513 2711 2049 2746 Mit beſter Empfehlung und vorzüglichſter Hochachtung
1897 2737 2068 2760 Ernſt Plener.
1513 2739 2092 2791 Der Klub hat heute beſchloſſen, an Herrn v. Plener
1448 2785 1746 2817 folgende Adreſſe zu richten:
1516 2808 2093 2842 Mit tiefſtem Bedauern hat der Klub der Vereinigten Linken
1451 2831 2093 2866 die Kunde vernommen, daß Euer Exzellenz ſich beſtimmt gefunden
1450 2854 2093 2889 haben, ſich von der parlamentariſchen Thätigkeit zurückzuziehen
1450 2877 2092 2911 und Ihr Mandat niederzulegen. Der Verluſt, den unſere Partei
1451 2898 2094 2935 erleidet, für welche Euer Exzellenz ſeit 22 Jahren ſo aufopfernd,
1451 2924 2092 2958 unermüdlich und erfolgreich gewirkt haben, iſt ein großer,
1451 2945 2094 2977 unerſetzlicher. Mit Sicherheit haben wir erwartet, daß
1453 2966 2093 3000 Euer Exzellenz nach kurzer, Ihrer Erholung gewidmeter Pauſe
1453 2988 2091 3019 im Herbſte Ihre ehemalige Stellung wieder einnehmen würden.
1453 3009 2093 3044 Hätten wir auch nur eine Ahnung gehabt, daß Euer Exzellenz
1454 3033 2093 3066 dem Gedanken der Mandatsniederlegung Raum geben, würden
1454 3055 2094 3090 wir alles aufgeboten haben, Sie von dieſem Schritte abzuhalten.
1454 3077 2093 3112 Nehmen Sie unſeren herzlichſten, verbindlichſten Dank für die
1453 3098 2090 3137 außerordentliche Mühe und Arbeit, welche Eure Erzellenz wäh⸗
1450 3119 2095 3155 rend mehr als zwei Jahrzehnten im Dienſte unſerer Partei auf⸗
1450 3124 2096 3181 gewendet haben, freundlich auf. Wir geben indeß die Hoffnung
1452 3147 2092 3205 nich auf. Eure Erzellenz denn doch in unserem Kreise wieder
1450 3168 2092 3226 begrüßen zu können. Das öffentliche Leben in Oeſterreich
1450 3189 2091 3249 verfügt nicht über ſo viele vorzügliche Kräfte, um auf Ihre Mit⸗
1448 3213 2090 3273 wirkung bei Löſung der großen ſtaatlichen Aufgaben, die unſer
1450 3236 1931 3294 in der nächſten Zeit harren, verzichten zu können.
1490 3286 2087 3316 Doch welchen Entſchluß Eure Exzellenz auch immer faſſen
1447 3311 2095 3339 mögen, der Name Ernſt v. Plener wird in der Geſchichte des
