3168 4804
229 111 757 168 Samstag den 1. Juli 1911.
1294 84 1820 137 Innsbrucker Nachrichten
2501 55 2882 107 Nr. 148. Seite 15.
187 184 2229 377 Café Lehner's Kinematograph
2300 155 2908 230 Margarethenplatz.
2287 227 2931 312 Karlstrasse Nr. 11.
529 371 2590 474 Programmverzeichnis vom 1. bis 4. Juli 1911.
937 443 2180 518 Ausgesucht konkurrenzloses Großstadt-Pracht-Programm:
2713 430 2831 467 J4154
1963 529 2640 595 5. Betlehem und Palestina.
2017 574 2601 635 Sehr interessante Originalaufnahme.
446 547 1246 614 1. Wanderung durch Ostitalien.
566 578 1116 650 Hochinteressante Naturaufnahme.
327 654 1358 736 2. Teddy Holzbock schwärmt für Blumen.
728 704 958 758 Humoristisch.
2039 686 2545 745 6. Cäsar Birotteau.
2001 733 2601 799 Großartiger dramatischer Kunstfilm.
511 778 1174 848 3. Grossmütterchens Lied.
638 832 1044 889 Dramatischer Kunstfilm.
1948 846 2659 908 7. Nauke hat sich verspätet.
2195 894 2430 948 Hochkomisch.
652 901 1024 960 4. Charchucho.
724 937 956 994 Hochkomisch.
2304 976 2751 1035 Als Einlage!
1201 994 1950 1064 Gaumont=Kunstfilm!
411 1030 847 1089 Als Einlage!
2664 1048 2906 1098 Großartiges
2686 1091 2886 1143 Lustspiel.
256 1109 490 1163 Großartiges
283 1154 481 1210 Lustspiel.
541 1095 2623 1199 Hinter den Kulissen des Kinematographen.
789 1594 975 1684 auf den
601 1391 1631 1574 Einladung zur Insertion
993 1580 1467 1680 Jahrgang 1912 des
396 1801 1883 1960 Volks= und Wirtschafts=
796 2157 1496 2229 Kalenders
573 2232 1719 2348 für Tirol und Vorarlberg.
408 2342 1884 2423 Derſelbe erſcheint ſeit 88 Jahren in gefälliger Ausſtattung und
473 2397 1827 2475 ist in Stadt und Land beſtens eingeführt und überall beliebt.
409 2464 1887 2547 Das erfolgreichſte Betriebsmittel für jedes Geſchäft iſt heutzutage unſtreitig das An⸗
410 2501 1889 2592 kündigen in Zeitungen und periodischen Schriften. Je größer die Verbreitung eines
411 2554 1890 2636 solchen Reklamemittels iſt und je länger es aufliegt, deſto ſicherer iſt der Erfolg der
411 2598 1890 2681 geschäftlichen Anzeigen in demſelben. Es ſind daher Inſerate in den weitverbreiteten
414 2642 1891 2724 Kalendern unbedingt am wirksamſten, was durch die alljährlich zunehmenden Ka⸗
414 2687 1892 2767 lender⸗Inserate bewiesen wird. Kein Blatt wird ſo oft und durch die lange Dauer
416 2732 1893 2814 eines ganzen Jahres von Leuten aller Stände zur Hand genommen wie ein Kalender.
418 2776 1895 2857 Derselbe wird als ein bequemes Nachſchlagebuch benützt für die Bezugsquellen aller
418 2819 1895 2902 Artikel, welche man in Haus⸗ und Landwirtſchaft benötiget. Für Tirol und Vorarl⸗
419 2865 1896 2946 berg bietet dieſe ſichere Gewähr des Erfolges der Ankündigungen der in unserem
422 2908 1899 2990 Verlage erſcheinende obige Kalender. Derſelbe iſt der meiſtgeleſenſte Kalender im
423 2953 1898 3034 Lande. — Wir laden daher das P. T. Geſchäftspublikum hiermit ein, ſich
424 2998 1899 3080 dieses wirksamen Mittels zu geſchäftlichen Ankündigungen zu bedienen und
425 3042 1901 3124 der Gefertigten geschätzten Auftrag bis längſtens 15. Juli zukommen zu laſſen.
585 3125 1113 3180 Innsbruck, im März 1911.
525 3188 1804 3307 Wagner'ſche Zeitungs-Verwaltung
959 3306 1390 3375 Erlerſtraße 7.
529 3578 934 3637 Abiturientenkurs
1324 3523 1929 3641 Kommerzielle Fachkurse
1235 3614 2041 3678 für Abſolventen anderer Fachlehranſtalten, für
1394 3663 1886 3719 Lyceiſtinnen u. ſ. w. an der
392 3724 1960 3809 Neuen Wiener Handelsakademie, Wien, VIII/2., Hamerlingplatz 5/6.
274 3774 1278 3864 Näheres in den jederzeit gratis erhältlichen Prospekten.
1278 3774 2087 3864 Der Akademiedirektor Julius Weyde.
307 3656 1128 3723 für Mittelſchulabſolventen und ⸗Abſolventinnen.
1032 3685 1165 3736 136—3-1
469 3884 1925 4092 Städtisches Penſionat
335 4087 2038 4186 für Schüler des K. K. Staats-Reform-Realgymnaſiums in Kufſtein (Tirol)
289 4156 2098 4248 in freier, geſunder Lage, Waldesnähe, modern eingerichtet, bietet Schülern des k. k. Staatsreform⸗Real⸗
296 4201 2098 4292 gymnasiums beste Verpflegung. Gewiſſenhafte Erziehung und Ueberwachung ſowie Nachhilfe⸗Unterricht.
784 4275 1600 4343 Penſionspreis monatlich 80 Kronen.
291 4325 511 4415 J4142—6s1
748 4325 2057 4417 Prospekte und nähere Auskünfte durch den Stadtmagistrat Kufstein.
2173 1228 2837 1336 Zu vermieten auf August
2062 1311 2956 1383 Schöpfſtr. 17 im Hochparterre eine Wohnung
2063 1357 2955 1424 mit 3 Zimmern, Küche, Vorzimmer, Gartenanteil,
2062 1400 2955 1469 Gas, Waſſer, elektr. Licht, an ruhige Partei. Näh.
2064 1457 2482 1508 dortſelbſt 1. Stock links. P3357
2222 1520 2348 1611 Zu
2396 1513 2793 1595 vermieten
2067 1591 2962 1658 im 4. Stock, Rieſengaſſe, ein Zimmer und Kabinett
2067 1635 2963 1702 für alleinſtehende Perſon. Ferner im 1. Stock ein
2068 1681 2963 1749 Zimmer, Küche und Kabinett. Näheres Burg⸗
2069 1726 2963 1788 graben 19. 13358
2179 1788 2861 1892 Junger Burſche
2074 1871 2967 1940 ſucht Stelle als Liftier oder Hoteldiener, auch für
2075 1915 2968 1981 auswärts. Spricht engliſch und franzöſiſch. Briefe
2075 1960 2968 2024 unter „E. S.“ an die Verwalt, erbeten. 13418
2387 2124 2667 2173 Im Verlage der
2086 2163 2969 2240 Wagner'ſchen Univ.-Buchhandlung in Innsbruck
2355 2223 2706 2275 iſt ſoeben erſchienen:
2084 2280 2516 2336 Franz Kranewitter:
2084 2326 2948 2445 Die ſieben Todſünden
2086 2434 2766 2508 Ein Einakter⸗Cyklus.
2087 2482 2969 2553 I. Der Giggl. II. Der Raz.
2088 2522 2980 2604 IV. Der Gafleiner. V. Der Joch.
2092 2583 2827 2654 1911. 4 Hefte à K 1.—.
2094 2651 2964 2767 Am Haus und Hof
2355 2753 2830 2808 Tragödie in vier Aufzügen.
2094 2793 2885 2867 Dritte Auflage. 1911. K 2.—.
2229 2965 2971 3069 Sehr billig zu verkaufen
2107 3049 2995 3115 Offiziersuniform, Zivilanzüge, Überzieher, ele⸗
2107 3093 2995 3160 gantes, modernes Leinenkoſtüm, graues Koſtüm,
2108 3139 2997 3204 diverſe Bluſen, eine Nachtigall. Adreſſe in der
2110 3193 2580 3239 Verw. unter Nr. 13416.
2268 3247 2836 3345 Zu verkaufen
2110 3329 3002 3395 ein gut erhaltener Schlafdivan, 2 weiche Betten
2113 3375 3001 3439 ſamt Matratze, 2 Fauteuils, 1 Kochofen ſam
2115 3420 3001 3484 Rohr, billig wegen Abreiſe. Briefe erberen
2115 3464 3000 3523 unter „Nr. 100“ an die Verw. 13422
2205 3525 2911 3630 Leiterwagen und Dungwagen
2114 3611 2986 3674 iſt ſehr billig zu verkaufen. Amras Nr. 107, 1
2115 3656 3005 3711 Stock links. J4080
2276 3719 2846 3814 Zu verkaufen
2122 3802 3012 3865 eine Zimmerkredenz mit Marmorplatte, fast
2125 3846 2998 3911 neu, um 30 Kronen. Liebeneggſtr. 12, Par⸗
2126 3890 3014 3948 terre links. 13420
2393 3962 2747 4013 Soeben erſchien:
2303 4022 2843 4098 Neuner⸗Prechtl:
2125 4089 3013 4153 Ins Stubai. Wegweiſer für Einheimiſche und
2213 4142 3017 4205 Fremde. Mit 36 Vollbildern und Karte der
2215 4191 2808 4258 Stubaibahn. 2. Auflage. K 1.—.
2131 4248 3019 4315 Verlagsabteilung der Wagner'ſchen Univ.⸗Buch⸗
2263 4306 2849 4363 handlung Innsbruck, Karlſtraße
