<?xml version="1.0" encoding="UTF-8"?>
<PcGts xmlns="http://schema.primaresearch.org/PAGE/gts/pagecontent/2013-07-15"
       xmlns:xsi="http://www.w3.org/2001/XMLSchema-instance"
       xsi:schemaLocation="http://schema.primaresearch.org/PAGE/gts/pagecontent/2013-07-15 http://schema.primaresearch.org/PAGE/gts/pagecontent/2013-07-15/pagecontent.xsd">
   <Metadata>
      <Creator>University of Innsbruck</Creator>
      <Created>2018-11-29T10:19:49.564+01:00</Created>
      <LastChange>2019-02-12T14:21:55.160+01:00</LastChange>
      <Comments>
                Measurement unit: pixel
                PrimaryLanguage: German
                Language: GermanStandard
                Producer: https://transkribus.eu/Transkribus/</Comments>
      <TranskribusMetadata docId="126495"
                           pageId="4785120"
                           pageNr="143"
                           tsid="7883540"
                           status="GT"
                           userId="206"
                           imgUrl="https://files.transkribus.eu/Get?id=KIVHDWKPWZKXWWMYPLTDHYHU&amp;fileType=view"
                           xmlUrl="https://files.transkribus.eu/Get?id=TOIFQATCGBLKJBGJOOEKWLPE"
                           imageId="2199662"/>
   </Metadata>
   <Page imageFilename="ONB_nfp_18950706_008.tif"
         imageWidth="3488"
         imageHeight="5345">
      <PrintSpace>
         <Coords points="0,0 3488,0 3488,5345 0,5345"/>
      </PrintSpace>
      <ReadingOrder>
         <OrderedGroup id="ro_1567004107535" caption="Regions reading order">
            <RegionRefIndexed index="0" regionRef="r_1_1"/>
            <RegionRefIndexed index="1" regionRef="r_3_1"/>
            <RegionRefIndexed index="2" regionRef="r_4_1"/>
            <RegionRefIndexed index="3" regionRef="r_5_1"/>
            <RegionRefIndexed index="4" regionRef="r_6_1"/>
            <RegionRefIndexed index="5" regionRef="r_7_1"/>
            <RegionRefIndexed index="6" regionRef="r_8_1"/>
            <RegionRefIndexed index="7" regionRef="r_8_2"/>
            <RegionRefIndexed index="8" regionRef="r_8_3"/>
            <RegionRefIndexed index="9" regionRef="r_8_4"/>
            <RegionRefIndexed index="10" regionRef="r_8_5"/>
            <RegionRefIndexed index="11" regionRef="r_8_6"/>
            <RegionRefIndexed index="12" regionRef="r_9_1"/>
            <RegionRefIndexed index="13" regionRef="r_9_2"/>
            <RegionRefIndexed index="14" regionRef="r_9_3"/>
            <RegionRefIndexed index="15" regionRef="r_9_4"/>
            <RegionRefIndexed index="16" regionRef="r_9_5"/>
            <RegionRefIndexed index="17" regionRef="r_9_6"/>
            <RegionRefIndexed index="18" regionRef="r_9_7"/>
            <RegionRefIndexed index="19" regionRef="r_9_8"/>
            <RegionRefIndexed index="20" regionRef="r_9_9"/>
            <RegionRefIndexed index="21" regionRef="r_10_1"/>
            <RegionRefIndexed index="22" regionRef="r_10_2"/>
            <RegionRefIndexed index="23" regionRef="r_10_3"/>
            <RegionRefIndexed index="24" regionRef="r_10_4"/>
            <RegionRefIndexed index="25" regionRef="r_11_1"/>
            <RegionRefIndexed index="26" regionRef="r_11_2"/>
            <RegionRefIndexed index="27" regionRef="r_11_3"/>
            <RegionRefIndexed index="28" regionRef="r_11_4"/>
            <RegionRefIndexed index="29" regionRef="r_11_5"/>
            <RegionRefIndexed index="30" regionRef="r_11_6"/>
            <RegionRefIndexed index="31" regionRef="r_12_1"/>
            <RegionRefIndexed index="32" regionRef="r_12_2"/>
            <RegionRefIndexed index="33" regionRef="r_12_3"/>
            <RegionRefIndexed index="34" regionRef="r_12_4"/>
            <RegionRefIndexed index="35" regionRef="r_13_1"/>
            <RegionRefIndexed index="36" regionRef="r_13_2"/>
            <RegionRefIndexed index="37" regionRef="r_13_3"/>
            <RegionRefIndexed index="38" regionRef="r_13_4"/>
            <RegionRefIndexed index="39" regionRef="r_13_5"/>
            <RegionRefIndexed index="40" regionRef="r_13_6"/>
            <RegionRefIndexed index="41" regionRef="r_13_7"/>
            <RegionRefIndexed index="42" regionRef="r_13_8"/>
            <RegionRefIndexed index="43" regionRef="r_13_9"/>
            <RegionRefIndexed index="44" regionRef="r_13_10"/>
         </OrderedGroup>
      </ReadingOrder>
      <TextRegion type="paragraph" id="r_1_1" custom="readingOrder {index:0;}">
         <Coords points="1079,0 1187,0 1187,26 1079,26"/>
         <TextLine id="tl_1" primaryLanguage="German" custom="readingOrder {index:0;}">
            <Coords points="1080,0 1186,0 1186,25 1080,25"/>
            <Baseline points="1080,18 1161,19 1186,9"/>
            <TextEquiv>
               <Unicode/>
            </TextEquiv>
         </TextLine>
         <TextEquiv>
            <Unicode/>
         </TextEquiv>
      </TextRegion>
      <TextRegion type="paragraph" id="r_3_1" custom="readingOrder {index:1;}">
         <Coords points="199,204 326,204 326,239 199,239"/>
         <TextLine id="tl_2" primaryLanguage="German" custom="readingOrder {index:0;}">
            <Coords points="200,205 325,205 325,238 200,238"/>
            <Baseline points="200,238 283,238 325,238"/>
            <TextEquiv>
               <Unicode>Seite 8</Unicode>
            </TextEquiv>
            <TextStyle fontFamily="Times New Roman" fontSize="7.0"/>
         </TextLine>
         <TextEquiv>
            <Unicode>Seite 8</Unicode>
         </TextEquiv>
      </TextRegion>
      <TextRegion type="paragraph" id="r_4_1" custom="readingOrder {index:2;}">
         <Coords points="956,200 1233,200 1233,245 956,245"/>
         <TextLine id="tl_3" primaryLanguage="German" custom="readingOrder {index:0;}">
            <Coords points="957,201 1232,201 1232,244 957,244"/>
            <Baseline points="957,235 1066,236 1230,234"/>
            <TextEquiv>
               <Unicode>Wien, Samstag</Unicode>
            </TextEquiv>
            <TextStyle fontFamily="Times New Roman" fontSize="6.0" bold="true"/>
         </TextLine>
         <TextEquiv>
            <Unicode>Wien, Samstag</Unicode>
         </TextEquiv>
      </TextRegion>
      <TextRegion type="paragraph" id="r_5_1" custom="readingOrder {index:3;}">
         <Coords points="1488,202 2070,201 2073,237 1488,238"/>
         <TextLine id="tl_4" primaryLanguage="German" custom="readingOrder {index:0;}">
            <Coords points="1489,203 2056,203 2056,237 1489,237"/>
            <Baseline points="1489,234 1645,236 1831,235 2065,239"/>
            <TextEquiv>
               <Unicode>Neue Freie Presse.</Unicode>
            </TextEquiv>
            <TextStyle fontFamily="Times New Roman" fontSize="6.0" bold="true"/>
         </TextLine>
         <TextEquiv>
            <Unicode>Neue Freie Presse.</Unicode>
         </TextEquiv>
      </TextRegion>
      <TextRegion type="paragraph" id="r_6_1" custom="readingOrder {index:4;}">
         <Coords points="2320,202 2552,202 2552,240 2320,240"/>
         <TextLine id="tl_5" primaryLanguage="German" custom="readingOrder {index:0;}">
            <Coords points="2321,203 2551,203 2551,239 2321,239"/>
            <Baseline points="2321,236 2357,238 2446,238 2551,238"/>
            <TextEquiv>
               <Unicode>6. Juli 1895</Unicode>
            </TextEquiv>
            <TextStyle fontFamily="Times New Roman" fontSize="6.0" bold="true"/>
         </TextLine>
         <TextEquiv>
            <Unicode>6. Juli 1895</Unicode>
         </TextEquiv>
      </TextRegion>
      <TextRegion type="paragraph" id="r_7_1" custom="readingOrder {index:5;}">
         <Coords points="3090,200 3277,200 3277,241 3090,241"/>
         <TextLine id="tl_6" primaryLanguage="German" custom="readingOrder {index:0;}">
            <Coords points="3091,201 3276,201 3276,240 3091,240"/>
            <Baseline points="3091,238 3150,240 3276,236"/>
            <TextEquiv>
               <Unicode>Nr. 11085</Unicode>
            </TextEquiv>
            <TextStyle fontFamily="Times New Roman" fontSize="6.0" bold="true"/>
         </TextLine>
         <TextEquiv>
            <Unicode>Nr. 11085</Unicode>
         </TextEquiv>
      </TextRegion>
      <TextRegion type="paragraph" id="r_8_1" custom="readingOrder {index:6;}">
         <Coords points="154,276 1182,276 1182,674 154,674"/>
         <TextLine id="tl_7" primaryLanguage="German" custom="readingOrder {index:0;}">
            <Coords points="157,277 1178,277 1178,323 157,323"/>
            <Baseline points="157,317 302,313 373,312 489,311 572,311 642,311 744,311 975,312 1059,309 1178,309"/>
            <TextEquiv>
               <Unicode>Woeste, den Bericht über das neue Schulgesetz vor, welches</Unicode>
            </TextEquiv>
            <TextStyle fontFamily="Times New Roman" fontSize="6.5"/>
         </TextLine>
         <TextLine id="tl_8" primaryLanguage="German" custom="readingOrder {index:1;}">
            <Coords points="156,316 1180,316 1180,361 156,361"/>
            <Baseline points="156,354 242,354 306,351 519,351 578,350 822,349 1180,348"/>
            <TextEquiv>
               <Unicode>durch die Einführung des obligatorischen Religions=Unterrichtes</Unicode>
            </TextEquiv>
            <TextStyle fontFamily="Times New Roman" fontSize="6.5"/>
         </TextLine>
         <TextLine id="tl_9" primaryLanguage="German" custom="readingOrder {index:2;}">
            <Coords points="156,355 1179,355 1179,398 156,398"/>
            <Baseline points="156,392 185,392 248,391 450,389 576,388 712,388 798,388 883,387 1053,388 1181,388"/>
            <TextEquiv>
               <Unicode>in der Volksschule, wovon Kinder nur auf förmlichen Antrag</Unicode>
            </TextEquiv>
            <TextStyle fontFamily="Times New Roman" fontSize="6.5"/>
         </TextLine>
         <TextLine id="tl_10"
                   primaryLanguage="German"
                   custom="readingOrder {index:3;}">
            <Coords points="156,394 1180,394 1180,440 156,440"/>
            <Baseline points="156,431 225,431 341,428 415,428 607,427 767,427 889,426 1021,427 1107,426 1180,425"/>
            <TextEquiv>
               <Unicode>ihrer Eltern und Vormünder dispensirt werden können, nicht nur</Unicode>
            </TextEquiv>
            <TextStyle fontFamily="Times New Roman" fontSize="6.5"/>
         </TextLine>
         <TextLine id="tl_11"
                   primaryLanguage="German"
                   custom="readingOrder {index:4;}">
            <Coords points="156,432 1179,432 1179,477 156,477"/>
            <Baseline points="156,470 195,469 404,467 546,465 650,466 834,467 901,465 1023,464 1120,464 1179,463"/>
            <TextEquiv>
               <Unicode>die Schullehrer, sondern auch gleichzeitig die Eltern unter die</Unicode>
            </TextEquiv>
            <TextStyle fontFamily="Times New Roman" fontSize="6.5"/>
         </TextLine>
         <TextLine id="tl_12"
                   primaryLanguage="German"
                   custom="readingOrder {index:5;}">
            <Coords points="156,471 1178,471 1178,517 156,517"/>
            <Baseline points="156,509 272,506 335,505 528,503 621,502 730,506 783,504 993,503 1181,504"/>
            <TextEquiv>
               <Unicode>Aufsicht der Geistlichkeit stellt. Trotz der hochgradigen Aufregung,</Unicode>
            </TextEquiv>
            <TextStyle fontFamily="Times New Roman" fontSize="6.5"/>
         </TextLine>
         <TextLine id="tl_13"
                   primaryLanguage="German"
                   custom="readingOrder {index:6;}">
            <Coords points="156,508 1180,508 1180,555 156,555"/>
            <Baseline points="156,547 244,546 314,544 367,544 585,542 742,542 826,541 1009,543 1065,542 1180,540"/>
            <TextEquiv>
               <Unicode>welche das zu Parteizwecken ersonnene neue Schulgesetz im Lande</Unicode>
            </TextEquiv>
            <TextStyle fontFamily="Times New Roman" fontSize="6.5"/>
         </TextLine>
         <TextLine id="tl_14"
                   primaryLanguage="German"
                   custom="readingOrder {index:7;}">
            <Coords points="156,547 1179,547 1179,596 156,596"/>
            <Baseline points="157,588 314,583 388,580 456,581 631,580 772,580 899,580 994,580 1179,578"/>
            <TextEquiv>
               <Unicode>hervorruft, ist die zerklüftete liberale Partei ohne anerkannte</Unicode>
            </TextEquiv>
            <TextStyle fontFamily="Times New Roman" fontSize="6.5"/>
         </TextLine>
         <TextLine id="tl_15"
                   primaryLanguage="German"
                   custom="readingOrder {index:8;}">
            <Coords points="157,585 1181,585 1181,633 157,633"/>
            <Baseline points="160,626 259,622 310,621 462,621 534,620 647,619 821,618 884,618 992,618 1094,617 1170,617 1183,603"/>
            <TextEquiv>
               <Unicode>Führer zu schwach, um dessen Annahme, ja sogar dessen Ver⸗</Unicode>
            </TextEquiv>
            <TextStyle fontFamily="Times New Roman" fontSize="6.5"/>
         </TextLine>
         <TextLine id="tl_16"
                   primaryLanguage="German"
                   custom="readingOrder {index:9;}">
            <Coords points="155,623 1179,623 1179,673 155,673"/>
            <Baseline points="156,663 274,662 374,659 448,659 628,658 773,657 946,657 998,656 1179,655"/>
            <TextEquiv>
               <Unicode>schärfung durch die erdrückende clericale Majorität zu verhindern.</Unicode>
            </TextEquiv>
            <TextStyle fontFamily="Times New Roman" fontSize="6.5"/>
         </TextLine>
         <TextEquiv>
            <Unicode>Woeste, den Bericht über das neue Schulgesetz vor, welches
durch die Einführung des obligatorischen Religions=Unterrichtes
in der Volksschule, wovon Kinder nur auf förmlichen Antrag
ihrer Eltern und Vormünder dispensirt werden können, nicht nur
die Schullehrer, sondern auch gleichzeitig die Eltern unter die
Aufsicht der Geistlichkeit stellt. Trotz der hochgradigen Aufregung,
welche das zu Parteizwecken ersonnene neue Schulgesetz im Lande
hervorruft, ist die zerklüftete liberale Partei ohne anerkannte
Führer zu schwach, um dessen Annahme, ja sogar dessen Ver⸗
schärfung durch die erdrückende clericale Majorität zu verhindern.</Unicode>
         </TextEquiv>
      </TextRegion>
      <TextRegion type="paragraph" id="r_8_2" custom="readingOrder {index:7;}">
         <Coords points="153,670 1184,670 1184,1337 153,1337"/>
         <TextLine id="tl_17"
                   primaryLanguage="German"
                   custom="readingOrder {index:0;}">
            <Coords points="231,671 1182,671 1182,715 231,715"/>
            <Baseline points="231,711 255,711 430,706 526,705 668,705 776,704 835,705 945,704 1008,704 1182,703"/>
            <TextEquiv>
               <Unicode>London, 5. Juli. Gestern wurde zu Ehren der Delegirten</Unicode>
            </TextEquiv>
         </TextLine>
         <TextLine id="tl_18"
                   primaryLanguage="German"
                   custom="readingOrder {index:1;}">
            <Coords points="155,710 1182,710 1182,752 155,752"/>
            <Baseline points="155,749 201,748 230,747 259,747 281,747 303,747 328,746 357,746 384,745 406,745 426,745 452,744 481,745 509,744 530,744 552,743 581,743 634,744 655,743 675,744 696,743 725,743 751,744 780,743 809,743 835,743 856,739 893,744 919,743 948,742 971,744 1001,742 1023,742 1041,744 1059,743 1084,741 1110,742 1182,741"/>
            <TextEquiv>
               <Unicode>des internationalen Eisenbahn=Congresses im</Unicode>
            </TextEquiv>
            <TextStyle fontFamily="Times New Roman" fontSize="6.5"/>
         </TextLine>
         <TextLine id="tl_19"
                   primaryLanguage="German"
                   custom="readingOrder {index:2;}">
            <Coords points="155,743 1181,743 1181,794 155,794"/>
            <Baseline points="156,786 295,785 438,783 510,783 578,782 737,782 1119,780 1181,780"/>
            <TextEquiv>
               <Unicode>Imperial Institute von den englischen Eisenbahn=Gesellschaften ein</Unicode>
            </TextEquiv>
            <TextStyle fontFamily="Times New Roman" fontSize="6.5"/>
         </TextLine>
         <TextLine id="tl_20"
                   primaryLanguage="German"
                   custom="readingOrder {index:3;}">
            <Coords points="155,786 1181,786 1181,835 155,835"/>
            <Baseline points="155,828 244,825 393,822 452,824 571,822 971,819 1181,814"/>
            <TextEquiv>
               <Unicode>Diner gegeben. Lord Stalbridge präsidirte. Oesterreich=</Unicode>
            </TextEquiv>
         </TextLine>
         <TextLine id="tl_21"
                   primaryLanguage="German"
                   custom="readingOrder {index:4;}">
            <Coords points="155,825 1181,825 1181,875 155,875"/>
            <Baseline points="155,866 267,863 354,863 420,861 494,860 670,859 770,858 849,858 1042,858 1105,858 1181,857"/>
            <TextEquiv>
               <Unicode>Ungarn war an der Ehrentafel durch den Präsidenten der Un⸗</Unicode>
            </TextEquiv>
            <TextStyle fontFamily="Times New Roman" fontSize="6.5"/>
         </TextLine>
         <TextLine id="tl_22"
                   primaryLanguage="German"
                   custom="readingOrder {index:5;}">
            <Coords points="154,864 1181,864 1181,911 154,911"/>
            <Baseline points="153,907 282,902 520,899 780,898 816,899 843,897 871,897 897,897 918,896 950,898 983,897 1045,897 1185,897"/>
            <TextEquiv>
               <Unicode>garischen Staatsbahner, Ministerialrath Ludvigh und Hofrath</Unicode>
            </TextEquiv>
            <TextStyle fontFamily="Times New Roman" fontSize="6.5"/>
         </TextLine>
         <TextLine id="tl_23"
                   primaryLanguage="German"
                   custom="readingOrder {index:6;}">
            <Coords points="155,904 1180,904 1180,948 155,948"/>
            <Baseline points="154,942 266,941 331,939 536,936 660,936 770,936 852,935 1037,936 1121,935 1171,934 1180,919"/>
            <TextEquiv>
               <Unicode>Jeitteles vertreten; ferner waren aus Oesterreich noch an⸗</Unicode>
            </TextEquiv>
         </TextLine>
         <TextLine id="tl_24"
                   primaryLanguage="German"
                   custom="readingOrder {index:7;}">
            <Coords points="154,940 1182,940 1182,989 154,989"/>
            <Baseline points="154,981 251,979 493,977 542,977 562,973 601,975 626,975 653,975 685,975 759,975 976,975 1182,973"/>
            <TextEquiv>
               <Unicode>wesend Regierungsrath Rimböck und General=Inspector Pauer</Unicode>
            </TextEquiv>
         </TextLine>
         <TextLine id="tl_25"
                   primaryLanguage="German"
                   custom="readingOrder {index:8;}">
            <Coords points="155,981 1182,981 1182,1024 155,1024"/>
            <Baseline points="155,1020 207,1019 277,1018 731,1013 889,1013 1182,1012"/>
            <TextEquiv>
               <Unicode>von der Staatseisenbahn=Gesellschaft, Ober=Inspector Schüler</Unicode>
            </TextEquiv>
         </TextLine>
         <TextLine id="tl_26"
                   primaryLanguage="German"
                   custom="readingOrder {index:9;}">
            <Coords points="155,1019 1182,1019 1182,1062 155,1062"/>
            <Baseline points="155,1058 206,1058 270,1056 441,1054 503,1053 673,1052 731,1051 1070,1051 1183,1051"/>
            <TextEquiv>
               <Unicode>von der Südbahn, der Präsident der Lemberg=Czernowitzer Bahn,</Unicode>
            </TextEquiv>
            <TextStyle fontFamily="Times New Roman" fontSize="6.5"/>
         </TextLine>
         <TextLine id="tl_27"
                   primaryLanguage="German"
                   custom="readingOrder {index:10;}">
            <Coords points="154,1058 1183,1058 1183,1107 154,1107"/>
            <Baseline points="154,1098 198,1096 358,1095 550,1092 788,1091 858,1090 1067,1090 1186,1090"/>
            <TextEquiv>
               <Unicode>Ingenieur Ziffer, der Vice=Präsident der Aspangbahn, Franz</Unicode>
            </TextEquiv>
         </TextLine>
         <TextLine id="tl_28"
                   primaryLanguage="German"
                   custom="readingOrder {index:11;}">
            <Coords points="156,1096 1183,1096 1183,1140 156,1140"/>
            <Baseline points="156,1138 187,1138 213,1135 241,1134 269,1134 292,1133 318,1132 346,1133 375,1132 432,1130 550,1132 628,1130 892,1128 969,1128 1173,1126 1184,1116"/>
            <TextEquiv>
               <Unicode>Grünebaum, endlich der Ober=Inspector der Ferdinands=</Unicode>
            </TextEquiv>
            <TextStyle fontFamily="Times New Roman" fontSize="6.5"/>
         </TextLine>
         <TextLine id="tl_29"
                   primaryLanguage="German"
                   custom="readingOrder {index:12;}">
            <Coords points="155,1136 1181,1136 1181,1183 155,1183"/>
            <Baseline points="155,1176 232,1174 363,1172 556,1169 749,1167 842,1168 914,1167 1180,1166"/>
            <TextEquiv>
               <Unicode>Nordbahn, Löhr. Lord Stalbridge hielt die Begrüßungsrede,</Unicode>
            </TextEquiv>
         </TextLine>
         <TextLine id="tl_30"
                   primaryLanguage="German"
                   custom="readingOrder {index:13;}">
            <Coords points="155,1173 1182,1173 1182,1223 155,1223"/>
            <Baseline points="155,1213 211,1213 393,1209 554,1208 696,1205 770,1206 883,1206 966,1205 1110,1204 1182,1200"/>
            <TextEquiv>
               <Unicode>ihm antwortete Präsident Ludvigh mit einem sehr beifällig auf⸗</Unicode>
            </TextEquiv>
            <TextStyle fontFamily="Times New Roman" fontSize="6.5"/>
         </TextLine>
         <TextLine id="tl_31"
                   primaryLanguage="German"
                   custom="readingOrder {index:14;}">
            <Coords points="156,1212 1183,1212 1183,1263 156,1263"/>
            <Baseline points="157,1252 342,1249 451,1247 526,1246 583,1245 723,1245 856,1244 1024,1243 1121,1243 1183,1243"/>
            <TextEquiv>
               <Unicode>genommenen Toast auf die englische Nation. Montag findet ein</Unicode>
            </TextEquiv>
            <TextStyle fontFamily="Times New Roman" fontSize="6.5"/>
         </TextLine>
         <TextLine id="tl_32"
                   primaryLanguage="German"
                   custom="readingOrder {index:15;}">
            <Coords points="156,1250 1182,1250 1182,1303 156,1303"/>
            <Baseline points="158,1293 249,1288 359,1286 551,1284 724,1283 801,1284 1182,1282"/>
            <TextEquiv>
               <Unicode>großes Diner sämmtlicher Delegirten der Eisenbahn=Gesellschaften</Unicode>
            </TextEquiv>
            <TextStyle fontFamily="Times New Roman" fontSize="6.5"/>
         </TextLine>
         <TextLine id="tl_33"
                   primaryLanguage="German"
                   custom="readingOrder {index:16;}">
            <Coords points="156,1291 880,1291 880,1336 156,1336"/>
            <Baseline points="156,1330 195,1329 434,1325 505,1323 608,1323 791,1322 880,1321"/>
            <TextEquiv>
               <Unicode>im Krystallpalaste mit einem Feuerwerke statt.</Unicode>
            </TextEquiv>
            <TextStyle fontFamily="Times New Roman" fontSize="6.5"/>
         </TextLine>
         <TextEquiv>
            <Unicode>London, 5. Juli. Gestern wurde zu Ehren der Delegirten
des internationalen Eisenbahn=Congresses im
Imperial Institute von den englischen Eisenbahn=Gesellschaften ein
Diner gegeben. Lord Stalbridge präsidirte. Oesterreich=
Ungarn war an der Ehrentafel durch den Präsidenten der Un⸗
garischen Staatsbahner, Ministerialrath Ludvigh und Hofrath
Jeitteles vertreten; ferner waren aus Oesterreich noch an⸗
wesend Regierungsrath Rimböck und General=Inspector Pauer
von der Staatseisenbahn=Gesellschaft, Ober=Inspector Schüler
von der Südbahn, der Präsident der Lemberg=Czernowitzer Bahn,
Ingenieur Ziffer, der Vice=Präsident der Aspangbahn, Franz
Grünebaum, endlich der Ober=Inspector der Ferdinands=
Nordbahn, Löhr. Lord Stalbridge hielt die Begrüßungsrede,
ihm antwortete Präsident Ludvigh mit einem sehr beifällig auf⸗
genommenen Toast auf die englische Nation. Montag findet ein
großes Diner sämmtlicher Delegirten der Eisenbahn=Gesellschaften
im Krystallpalaste mit einem Feuerwerke statt.</Unicode>
         </TextEquiv>
      </TextRegion>
      <TextRegion type="paragraph" id="r_8_3" custom="readingOrder {index:8;}">
         <Coords points="153,1336 1185,1336 1185,1774 153,1774"/>
         <TextLine id="tl_34"
                   primaryLanguage="German"
                   custom="readingOrder {index:0;}">
            <Coords points="242,1337 1184,1337 1184,1386 242,1386"/>
            <Baseline points="242,1379 282,1379 465,1373 571,1372 756,1371 839,1372 994,1371 1119,1370 1185,1372"/>
            <TextEquiv>
               <Unicode>Boston, 5. Juli. (Depesche der Central News of</Unicode>
            </TextEquiv>
         </TextLine>
         <TextLine id="tl_35"
                   primaryLanguage="German"
                   custom="readingOrder {index:1;}">
            <Coords points="156,1381 1183,1381 1183,1431 156,1431"/>
            <Baseline points="156,1422 344,1418 430,1417 477,1417 946,1414 1186,1416"/>
            <TextEquiv>
               <Unicode>Germany.) Ein Aufzug protestantischer Irländer</Unicode>
            </TextEquiv>
         </TextLine>
         <TextLine id="tl_36"
                   primaryLanguage="German"
                   custom="readingOrder {index:2;}">
            <Coords points="156,1423 1181,1423 1181,1469 156,1469"/>
            <Baseline points="156,1464 254,1463 302,1462 545,1459 613,1459 970,1458 1181,1457"/>
            <TextEquiv>
               <Unicode>wurde von irischen Nationalisten der katholischen</Unicode>
            </TextEquiv>
         </TextLine>
         <TextLine id="tl_37"
                   primaryLanguage="German"
                   custom="readingOrder {index:3;}">
            <Coords points="156,1468 1182,1468 1182,1514 156,1514"/>
            <Baseline points="158,1505 259,1504 483,1502 579,1501 686,1503 893,1501 1002,1500 1182,1500"/>
            <TextEquiv>
               <Unicode>Partei angegriffen und trotz polizeilicher Hilfe gesprengt.</Unicode>
            </TextEquiv>
            <TextStyle fontFamily="Times New Roman" fontSize="7.0"/>
         </TextLine>
         <TextLine id="tl_38"
                   primaryLanguage="German"
                   custom="readingOrder {index:4;}">
            <Coords points="156,1510 1182,1510 1182,1556 156,1556"/>
            <Baseline points="156,1551 225,1549 265,1547 377,1546 796,1544 959,1543 998,1545 1032,1543 1055,1543 1083,1542 1113,1543 1135,1542 1160,1542 1182,1542"/>
            <TextEquiv>
               <Unicode>Von den Protestanten wurden mehrere getödtet</Unicode>
            </TextEquiv>
         </TextLine>
         <TextLine id="tl_39"
                   primaryLanguage="German"
                   custom="readingOrder {index:5;}">
            <Coords points="157,1552 1181,1552 1181,1595 157,1595"/>
            <Baseline points="157,1593 217,1592 256,1592 348,1590 672,1587 790,1587 849,1588 898,1586 1181,1585"/>
            <TextEquiv>
               <Unicode>und viele verwundet. Die Stadt ist in unbeschreiblicher</Unicode>
            </TextEquiv>
         </TextLine>
         <TextLine id="tl_40"
                   primaryLanguage="German"
                   custom="readingOrder {index:6;}">
            <Coords points="154,1596 1181,1596 1181,1646 154,1646"/>
            <Baseline points="154,1636 339,1633 428,1631 648,1630 762,1631 843,1630 1102,1629 1181,1628"/>
            <TextEquiv>
               <Unicode>Aufregung. Der Gouverneur erließ eine Proclamation, und</Unicode>
            </TextEquiv>
            <TextStyle fontFamily="Times New Roman" fontSize="7.0"/>
         </TextLine>
         <TextLine id="tl_41"
                   primaryLanguage="German"
                   custom="readingOrder {index:7;}">
            <Coords points="156,1638 1182,1638 1182,1682 156,1682"/>
            <Baseline points="156,1678 205,1678 466,1674 589,1673 670,1673 830,1673 944,1672 1021,1671 1182,1671"/>
            <TextEquiv>
               <Unicode>der Staatsanwalt erhob die Anklage gegen die Häupter</Unicode>
            </TextEquiv>
            <TextStyle fontFamily="Times New Roman" fontSize="7.0"/>
         </TextLine>
         <TextLine id="tl_42"
                   primaryLanguage="German"
                   custom="readingOrder {index:8;}">
            <Coords points="157,1682 1183,1682 1183,1731 157,1731"/>
            <Baseline points="157,1722 206,1721 414,1718 554,1714 678,1716 755,1716 1101,1715 1183,1714"/>
            <TextEquiv>
               <Unicode>der katholischen Partei, welche die Vertrauensmänner der</Unicode>
            </TextEquiv>
            <TextStyle fontFamily="Times New Roman" fontSize="7.0"/>
         </TextLine>
         <TextLine id="tl_43"
                   primaryLanguage="German"
                   custom="readingOrder {index:9;}">
            <Coords points="156,1732 369,1732 369,1773 156,1773"/>
            <Baseline points="156,1767 275,1763 369,1761"/>
            <TextEquiv>
               <Unicode>Diöcese sind.</Unicode>
            </TextEquiv>
            <TextStyle fontFamily="Times New Roman" fontSize="7.0"/>
         </TextLine>
         <TextEquiv>
            <Unicode>Boston, 5. Juli. (Depesche der Central News of
Germany.) Ein Aufzug protestantischer Irländer
wurde von irischen Nationalisten der katholischen
Partei angegriffen und trotz polizeilicher Hilfe gesprengt.
Von den Protestanten wurden mehrere getödtet
und viele verwundet. Die Stadt ist in unbeschreiblicher
Aufregung. Der Gouverneur erließ eine Proclamation, und
der Staatsanwalt erhob die Anklage gegen die Häupter
der katholischen Partei, welche die Vertrauensmänner der
Diöcese sind.</Unicode>
         </TextEquiv>
      </TextRegion>
      <TextRegion type="paragraph" id="r_8_4" custom="readingOrder {index:9;}">
         <Coords points="154,1773 1184,1773 1184,1974 154,1974"/>
         <TextLine id="tl_44"
                   primaryLanguage="German"
                   custom="readingOrder {index:0;}">
            <Coords points="234,1774 1183,1774 1183,1823 234,1823"/>
            <Baseline points="234,1813 268,1813 448,1809 545,1808 646,1808 740,1808 925,1808 1026,1807 1183,1806"/>
            <TextEquiv>
               <Unicode>Belgrad, 5. Juli. Wie hier verlautet, hätte zwischen</Unicode>
            </TextEquiv>
         </TextLine>
         <TextLine id="tl_45"
                   primaryLanguage="German"
                   custom="readingOrder {index:1;}">
            <Coords points="155,1807 1183,1807 1183,1861 155,1861"/>
            <Baseline points="155,1853 366,1849 415,1850 621,1847 732,1846 825,1846 864,1847 1183,1845"/>
            <TextEquiv>
               <Unicode>serbischen Bauern aus Veliko Selo und ungarischen</Unicode>
            </TextEquiv>
         </TextLine>
         <TextLine id="tl_46"
                   primaryLanguage="German"
                   custom="readingOrder {index:2;}">
            <Coords points="156,1852 1183,1852 1183,1900 156,1900"/>
            <Baseline points="156,1892 176,1891 202,1890 230,1890 258,1890 286,1888 308,1889 343,1888 372,1888 408,1887 446,1887 474,1887 502,1887 531,1886 554,1886 579,1886 608,1885 698,1887 765,1885 966,1885 1183,1884"/>
            <TextEquiv>
               <Unicode>Finanzwachmännern auf der ungarischen Donau=Insel</Unicode>
            </TextEquiv>
            <TextStyle fontFamily="Times New Roman" fontSize="6.5"/>
         </TextLine>
         <TextLine id="tl_47"
                   primaryLanguage="German"
                   custom="readingOrder {index:3;}">
            <Coords points="155,1885 1183,1885 1183,1938 155,1938"/>
            <Baseline points="155,1930 240,1929 425,1926 456,1925 549,1925 1031,1923 1099,1923 1183,1923"/>
            <TextEquiv>
               <Unicode>nächst Semendria ein Zusammenstoß stattgefunden und wäre</Unicode>
            </TextEquiv>
         </TextLine>
         <TextLine id="tl_48"
                   primaryLanguage="German"
                   custom="readingOrder {index:4;}">
            <Coords points="157,1925 1182,1925 1182,1973 157,1973"/>
            <Baseline points="157,1970 231,1967 293,1967 423,1963 561,1964 626,1962 825,1963 864,1962 1182,1961"/>
            <TextEquiv>
               <Unicode>dabei ein Bauer, Namens Peter Kostic, erschossen worden.</Unicode>
            </TextEquiv>
         </TextLine>
         <TextEquiv>
            <Unicode>Belgrad, 5. Juli. Wie hier verlautet, hätte zwischen
serbischen Bauern aus Veliko Selo und ungarischen
Finanzwachmännern auf der ungarischen Donau=Insel
nächst Semendria ein Zusammenstoß stattgefunden und wäre
dabei ein Bauer, Namens Peter Kostic, erschossen worden.</Unicode>
         </TextEquiv>
      </TextRegion>
      <TextRegion type="paragraph" id="r_8_5" custom="readingOrder {index:10;}">
         <Coords points="156,1976 1186,1976 1186,2202 156,2202"/>
         <TextLine id="tl_49"
                   primaryLanguage="German"
                   custom="readingOrder {index:0;}">
            <Coords points="243,1977 1184,1977 1184,2023 243,2023"/>
            <Baseline points="243,2020 284,2020 630,2012 744,2013 939,2012 1025,2011 1184,2011"/>
            <TextEquiv>
               <Unicode>Buenos=Ayres, 5. Juli. (Depesche der Central</Unicode>
            </TextEquiv>
         </TextLine>
         <TextLine id="tl_50"
                   primaryLanguage="German"
                   custom="readingOrder {index:1;}">
            <Coords points="157,2022 1183,2022 1183,2069 157,2069"/>
            <Baseline points="157,2062 249,2059 312,2060 509,2058 557,2057 862,2055 1086,2054 1171,2054 1188,2043"/>
            <TextEquiv>
               <Unicode>News of Germany.) Der italienische Gesandte ver⸗</Unicode>
            </TextEquiv>
         </TextLine>
         <TextLine id="tl_51"
                   primaryLanguage="German"
                   custom="readingOrder {index:2;}">
            <Coords points="157,2063 1185,2063 1185,2113 157,2113"/>
            <Baseline points="157,2104 169,2104 359,2101 412,2100 494,2100 767,2098 818,2098 1094,2097 1177,2097 1185,2080"/>
            <TextEquiv>
               <Unicode>läßt heute die Stadt, nachdem die politischen Be⸗</Unicode>
            </TextEquiv>
         </TextLine>
         <TextLine id="tl_52"
                   primaryLanguage="German"
                   custom="readingOrder {index:3;}">
            <Coords points="157,2107 1183,2107 1183,2159 157,2159"/>
            <Baseline points="157,2149 223,2146 455,2142 666,2141 750,2141 819,2142 1029,2140 1183,2141"/>
            <TextEquiv>
               <Unicode>ziehungen mit Argentinien und den verbündeten Ländern</Unicode>
            </TextEquiv>
         </TextLine>
         <TextLine id="tl_53"
                   primaryLanguage="German"
                   custom="readingOrder {index:4;}">
            <Coords points="162,2153 671,2153 671,2201 162,2201"/>
            <Baseline points="162,2191 178,2191 395,2186 671,2184"/>
            <TextEquiv>
               <Unicode>officiell abgebrochen sind.</Unicode>
            </TextEquiv>
         </TextLine>
         <TextEquiv>
            <Unicode>Buenos=Ayres, 5. Juli. (Depesche der Central
News of Germany.) Der italienische Gesandte ver⸗
läßt heute die Stadt, nachdem die politischen Be⸗
ziehungen mit Argentinien und den verbündeten Ländern
officiell abgebrochen sind.</Unicode>
         </TextEquiv>
      </TextRegion>
      <TextRegion type="paragraph" id="r_8_6" custom="readingOrder {index:11;}">
         <Coords points="156,2234 1185,2234 1185,2413 156,2413"/>
         <TextLine id="tl_54"
                   primaryLanguage="German"
                   custom="readingOrder {index:0;}">
            <Coords points="244,2235 1181,2235 1181,2278 244,2278"/>
            <Baseline points="244,2274 309,2272 388,2271 485,2270 605,2269 653,2269 764,2270 1097,2269 1181,2269"/>
            <TextEquiv>
               <Unicode>Wie der Pol. Corr. aus Petersburg unter dem</Unicode>
            </TextEquiv>
         </TextLine>
         <TextLine id="tl_55"
                   primaryLanguage="German"
                   custom="readingOrder {index:1;}">
            <Coords points="157,2279 1184,2279 1184,2330 157,2330"/>
            <Baseline points="158,2316 304,2315 461,2313 591,2313 683,2312 737,2312 1048,2312 1101,2312 1174,2312 1184,2299"/>
            <TextEquiv>
               <Unicode>Heutigen gemeldet wird, wird die Convention in Be⸗</Unicode>
            </TextEquiv>
         </TextLine>
         <TextLine id="tl_56"
                   primaryLanguage="German"
                   custom="readingOrder {index:2;}">
            <Coords points="158,2323 1183,2323 1183,2370 158,2370"/>
            <Baseline points="158,2361 238,2360 298,2358 342,2358 370,2357 401,2357 427,2357 454,2358 472,2356 502,2357 531,2357 558,2355 589,2356 800,2356 861,2355 1185,2355"/>
            <TextEquiv>
               <Unicode>treff der chinesischen Anleihe morgen dortselbst</Unicode>
            </TextEquiv>
         </TextLine>
         <TextLine id="tl_57"
                   primaryLanguage="German"
                   custom="readingOrder {index:3;}">
            <Coords points="158,2367 597,2367 597,2412 158,2412"/>
            <Baseline points="158,2405 251,2404 597,2399"/>
            <TextEquiv>
               <Unicode>unterzeichnet werden.</Unicode>
            </TextEquiv>
         </TextLine>
         <TextEquiv>
            <Unicode>Wie der Pol. Corr. aus Petersburg unter dem
Heutigen gemeldet wird, wird die Convention in Be⸗
treff der chinesischen Anleihe morgen dortselbst
unterzeichnet werden.</Unicode>
         </TextEquiv>
      </TextRegion>
      <TextRegion type="paragraph" id="r_9_1" custom="readingOrder {index:12;}">
         <Coords points="361,2451 980,2451 980,2496 361,2496"/>
         <TextLine id="tl_58"
                   primaryLanguage="German"
                   custom="readingOrder {index:0;}">
            <Coords points="362,2452 979,2452 979,2495 362,2495"/>
            <Baseline points="362,2490 445,2487 694,2488 784,2487 979,2486"/>
            <TextEquiv>
               <Unicode>Der Stapellauf der „Wien“.</Unicode>
            </TextEquiv>
            <TextStyle fontFamily="Times New Roman" fontSize="7.5" bold="true"/>
         </TextLine>
         <TextEquiv>
            <Unicode>Der Stapellauf der „Wien“.</Unicode>
         </TextEquiv>
      </TextRegion>
      <TextRegion type="paragraph" id="r_9_2" custom="readingOrder {index:13;}">
         <Coords points="409,2502 920,2502 920,2530 409,2530"/>
         <TextLine id="tl_59"
                   primaryLanguage="German"
                   custom="readingOrder {index:0;}">
            <Coords points="410,2503 919,2503 919,2529 410,2529"/>
            <Baseline points="410,2529 564,2524 611,2523 711,2523 801,2523 920,2524"/>
            <TextEquiv>
               <Unicode>(Telegramme der „Neuen Freien Presse“.)</Unicode>
            </TextEquiv>
            <TextStyle fontFamily="Times New Roman" fontSize="5.0"/>
         </TextLine>
         <TextEquiv>
            <Unicode>(Telegramme der „Neuen Freien Presse“.)</Unicode>
         </TextEquiv>
      </TextRegion>
      <TextRegion type="paragraph" id="r_9_3" custom="readingOrder {index:14;}">
         <Coords points="155,2534 1188,2534 1188,3661 155,3661"/>
         <TextLine id="tl_60"
                   primaryLanguage="German"
                   custom="readingOrder {index:0;}">
            <Coords points="235,2535 1184,2535 1184,2577 235,2577"/>
            <Baseline points="235,2572 269,2572 414,2567 511,2566 607,2567 718,2567 810,2567 903,2566 978,2566 1109,2566 1184,2562"/>
            <TextEquiv>
               <Unicode>Triest, 5. Juli. Die Stadt zeigt heute eine lebhafte Be⸗</Unicode>
            </TextEquiv>
         </TextLine>
         <TextLine id="tl_61"
                   primaryLanguage="German"
                   custom="readingOrder {index:1;}">
            <Coords points="157,2574 1183,2574 1183,2620 157,2620"/>
            <Baseline points="157,2610 282,2607 397,2606 470,2605 580,2605 658,2605 827,2605 1007,2605 1116,2606 1183,2600"/>
            <TextEquiv>
               <Unicode>wegung, welche die Nähe des morgigen maritimen Festes an⸗</Unicode>
            </TextEquiv>
            <TextStyle fontFamily="Times New Roman" fontSize="6.5"/>
         </TextLine>
         <TextLine id="tl_62"
                   primaryLanguage="German"
                   custom="readingOrder {index:2;}">
            <Coords points="157,2612 1184,2612 1184,2659 157,2659"/>
            <Baseline points="157,2649 272,2646 359,2645 458,2644 533,2643 670,2643 718,2643 786,2644 932,2644 1003,2643 1090,2644 1184,2644"/>
            <TextEquiv>
               <Unicode>kündigt. Das Leben und Treiben in den Straßen, das sonst einen</Unicode>
            </TextEquiv>
            <TextStyle fontFamily="Times New Roman" fontSize="6.5"/>
         </TextLine>
         <TextLine id="tl_63"
                   primaryLanguage="German"
                   custom="readingOrder {index:3;}">
            <Coords points="159,2651 1182,2651 1182,2695 159,2695"/>
            <Baseline points="159,2686 217,2686 415,2683 680,2682 905,2681 1070,2682 1184,2684"/>
            <TextEquiv>
               <Unicode>dem alltäglichen Handelsgetriebe angemessenen Charakter trägt,</Unicode>
            </TextEquiv>
            <TextStyle fontFamily="Times New Roman" fontSize="6.5"/>
         </TextLine>
         <TextLine id="tl_64"
                   primaryLanguage="German"
                   custom="readingOrder {index:4;}">
            <Coords points="158,2689 1184,2689 1184,2736 158,2736"/>
            <Baseline points="156,2726 203,2724 265,2723 357,2723 556,2720 691,2721 910,2720 992,2720 1047,2721 1184,2721"/>
            <TextEquiv>
               <Unicode>hat ein ganz ungewohntes Gepräge angenommen. Auf den Straßen</Unicode>
            </TextEquiv>
            <TextStyle fontFamily="Times New Roman" fontSize="6.5"/>
         </TextLine>
         <TextLine id="tl_65"
                   primaryLanguage="German"
                   custom="readingOrder {index:5;}">
            <Coords points="157,2727 1184,2727 1184,2772 157,2772"/>
            <Baseline points="157,2764 212,2762 261,2762 445,2760 574,2759 656,2759 740,2758 830,2758 978,2759 1089,2759 1184,2759"/>
            <TextEquiv>
               <Unicode>und in öffentlichen Localen sieht man viele Fremde, welche sonst</Unicode>
            </TextEquiv>
            <TextStyle fontFamily="Times New Roman" fontSize="6.5"/>
         </TextLine>
         <TextLine id="tl_66"
                   primaryLanguage="German"
                   custom="readingOrder {index:6;}">
            <Coords points="157,2766 1182,2766 1182,2811 157,2811"/>
            <Baseline points="157,2802 205,2801 337,2800 448,2798 538,2800 657,2797 855,2798 1000,2799 1186,2799"/>
            <TextEquiv>
               <Unicode>den glühend heißen Kuß unserer Juli=Sonne scheuen; namentlich</Unicode>
            </TextEquiv>
            <TextStyle fontFamily="Times New Roman" fontSize="6.5"/>
         </TextLine>
         <TextLine id="tl_67"
                   primaryLanguage="German"
                   custom="readingOrder {index:7;}">
            <Coords points="158,2805 1184,2805 1184,2848 158,2848"/>
            <Baseline points="158,2841 198,2840 336,2838 612,2836 678,2838 835,2837 982,2836 1057,2837 1184,2837"/>
            <TextEquiv>
               <Unicode>die schmucke Marine=Uniform ist zahlreich vertreten und verleiht</Unicode>
            </TextEquiv>
            <TextStyle fontFamily="Times New Roman" fontSize="6.5"/>
         </TextLine>
         <TextLine id="tl_68"
                   primaryLanguage="German"
                   custom="readingOrder {index:8;}">
            <Coords points="159,2837 1184,2837 1184,2885 159,2885"/>
            <Baseline points="159,2879 217,2879 395,2876 456,2876 718,2875 871,2874 968,2875 1078,2876 1184,2876"/>
            <TextEquiv>
               <Unicode>dem Stadtbilde ihr charakteristisches Gepräge. Die Stadt Triest</Unicode>
            </TextEquiv>
            <TextStyle fontFamily="Times New Roman" fontSize="6.5"/>
         </TextLine>
         <TextLine id="tl_69"
                   primaryLanguage="German"
                   custom="readingOrder {index:9;}">
            <Coords points="158,2883 1183,2883 1183,2927 158,2927"/>
            <Baseline points="157,2917 298,2916 380,2914 441,2914 553,2915 783,2914 869,2913 939,2914 1191,2913"/>
            <TextEquiv>
               <Unicode>präsentirt sich in ihrem Sommerkleide auf das vortheilhafteste,</Unicode>
            </TextEquiv>
            <TextStyle fontFamily="Times New Roman" fontSize="6.5"/>
         </TextLine>
         <TextLine id="tl_70"
                   primaryLanguage="German"
                   custom="readingOrder {index:10;}">
            <Coords points="157,2922 1183,2922 1183,2962 157,2962"/>
            <Baseline points="157,2957 212,2955 276,2954 450,2953 614,2952 678,2952 787,2953 865,2952 914,2952 1012,2953 1183,2953"/>
            <TextEquiv>
               <Unicode>und der italienische Charakter der Stadt tritt in dieser Jahreszeit</Unicode>
            </TextEquiv>
            <TextStyle fontFamily="Times New Roman" fontSize="6.5"/>
         </TextLine>
         <TextLine id="tl_71"
                   primaryLanguage="German"
                   custom="readingOrder {index:11;}">
            <Coords points="158,2960 1184,2960 1184,3003 158,3003"/>
            <Baseline points="158,2994 226,2993 325,2993 446,2991 510,2991 695,2990 818,2990 929,2991 1014,2992 1073,2991 1184,2991"/>
            <TextEquiv>
               <Unicode>noch mehr hervor als gewöhnlich. Dazu tragen auch die weiten</Unicode>
            </TextEquiv>
            <TextStyle fontFamily="Times New Roman" fontSize="6.5"/>
         </TextLine>
         <TextLine id="tl_72"
                   primaryLanguage="German"
                   custom="readingOrder {index:12;}">
            <Coords points="159,2998 1186,2998 1186,3041 159,3041"/>
            <Baseline points="159,3033 343,3031 609,3029 684,3029 847,3029 919,3030 1032,3030 1115,3030 1187,3030"/>
            <TextEquiv>
               <Unicode>lichtfarbigen Leinwandplachen und Gardinen bei, welche über fast</Unicode>
            </TextEquiv>
            <TextStyle fontFamily="Times New Roman" fontSize="6.5"/>
         </TextLine>
         <TextLine id="tl_73"
                   primaryLanguage="German"
                   custom="readingOrder {index:13;}">
            <Coords points="158,3033 1184,3033 1184,3079 158,3079"/>
            <Baseline points="158,3072 208,3071 383,3069 457,3069 606,3068 696,3069 829,3068 926,3068 986,3069 1105,3068 1184,3064"/>
            <TextEquiv>
               <Unicode>alle Kaufläden und Gewölbe zum Schutze gegen die Sonne auf⸗</Unicode>
            </TextEquiv>
            <TextStyle fontFamily="Times New Roman" fontSize="6.5"/>
         </TextLine>
         <TextLine id="tl_74"
                   primaryLanguage="German"
                   custom="readingOrder {index:14;}">
            <Coords points="157,3076 1184,3076 1184,3119 157,3119"/>
            <Baseline points="160,3110 282,3109 371,3108 422,3107 510,3108 580,3107 628,3106 696,3107 915,3107 984,3107 1079,3107 1184,3107"/>
            <TextEquiv>
               <Unicode>gespannt sind, so daß man in den Hauptstraßen wie unter einem</Unicode>
            </TextEquiv>
            <TextStyle fontFamily="Times New Roman" fontSize="6.5"/>
         </TextLine>
         <TextLine id="tl_75"
                   primaryLanguage="German"
                   custom="readingOrder {index:15;}">
            <Coords points="157,3114 1185,3114 1185,3158 157,3158"/>
            <Baseline points="158,3150 352,3149 516,3146 752,3145 842,3146 986,3145 1104,3146 1185,3146"/>
            <TextEquiv>
               <Unicode>fortlaufenden Zeltdache dahinwandelt. Die liebliche Bucht von</Unicode>
            </TextEquiv>
            <TextStyle fontFamily="Times New Roman" fontSize="6.5"/>
         </TextLine>
         <TextLine id="tl_76"
                   primaryLanguage="German"
                   custom="readingOrder {index:16;}">
            <Coords points="157,3153 1184,3153 1184,3198 157,3198"/>
            <Baseline points="157,3189 197,3189 226,3187 264,3189 283,3187 302,3186 343,3185 424,3184 497,3185 568,3184 727,3184 933,3184 1009,3184 1077,3185 1177,3185 1186,3173"/>
            <TextEquiv>
               <Unicode>Muggia, sonst nur von friedlichen Fischerbarken und den Renn⸗</Unicode>
            </TextEquiv>
            <TextStyle fontFamily="Times New Roman" fontSize="6.5"/>
         </TextLine>
         <TextLine id="tl_77"
                   primaryLanguage="German"
                   custom="readingOrder {index:17;}">
            <Coords points="157,3191 1183,3191 1183,3233 157,3233"/>
            <Baseline points="157,3226 249,3224 373,3224 597,3223 760,3223 877,3223 991,3223 1073,3223 1171,3223 1183,3206"/>
            <TextEquiv>
               <Unicode>booten unserer Rudervereine befahren, gleicht einem von Eisen⸗</Unicode>
            </TextEquiv>
            <TextStyle fontFamily="Times New Roman" fontSize="6.5"/>
         </TextLine>
         <TextLine id="tl_78"
                   primaryLanguage="German"
                   custom="readingOrder {index:18;}">
            <Coords points="156,3230 1185,3230 1185,3274 156,3274"/>
            <Baseline points="157,3265 258,3263 346,3263 511,3261 692,3261 910,3262 1008,3262 1119,3261 1185,3262"/>
            <TextEquiv>
               <Unicode>schiffen und Kanonen starrenden Kriegshafen. Hier haben die</Unicode>
            </TextEquiv>
            <TextStyle fontFamily="Times New Roman" fontSize="6.5"/>
         </TextLine>
         <TextLine id="tl_79"
                   primaryLanguage="German"
                   custom="readingOrder {index:19;}">
            <Coords points="156,3269 1186,3269 1186,3313 156,3313"/>
            <Baseline points="156,3302 300,3302 517,3300 587,3300 754,3300 1190,3299"/>
            <TextEquiv>
               <Unicode>mächtigen Panzercolosse der Evolutions=Escadre, „Kronprinz</Unicode>
            </TextEquiv>
         </TextLine>
         <TextLine id="tl_80"
                   primaryLanguage="German"
                   custom="readingOrder {index:20;}">
            <Coords points="156,3308 1186,3308 1186,3350 156,3350"/>
            <Baseline points="156,3341 375,3340 726,3339 998,3339 1175,3338 1189,3326"/>
            <TextEquiv>
               <Unicode>Rudolph“, „Kronprinzessin Stephanie“, „Tegett⸗</Unicode>
            </TextEquiv>
            <TextStyle fontFamily="Times New Roman" fontSize="6.5"/>
         </TextLine>
         <TextLine id="tl_81"
                   primaryLanguage="German"
                   custom="readingOrder {index:21;}">
            <Coords points="157,3346 1183,3346 1183,3390 157,3390"/>
            <Baseline points="156,3381 265,3377 336,3378 416,3379 648,3378 839,3378 1009,3377 1084,3378 1184,3379"/>
            <TextEquiv>
               <Unicode>hoff“ und „Pelikan“, ihre Ausstellung genommen. Die Hitze,</Unicode>
            </TextEquiv>
         </TextLine>
         <TextLine id="tl_82"
                   primaryLanguage="German"
                   custom="readingOrder {index:22;}">
            <Coords points="157,3385 1186,3385 1186,3427 157,3427"/>
            <Baseline points="157,3419 246,3417 305,3417 384,3417 498,3416 624,3415 731,3416 904,3416 1079,3417 1177,3418 1188,3405"/>
            <TextEquiv>
               <Unicode>welche in den letzten Tagen einen tropischen Charakter ange⸗</Unicode>
            </TextEquiv>
            <TextStyle fontFamily="Times New Roman" fontSize="6.5"/>
         </TextLine>
         <TextLine id="tl_83"
                   primaryLanguage="German"
                   custom="readingOrder {index:23;}">
            <Coords points="156,3422 1182,3422 1182,3465 156,3465"/>
            <Baseline points="156,3457 282,3456 386,3457 443,3455 539,3454 671,3454 822,3456 881,3455 954,3455 1070,3455 1182,3455"/>
            <TextEquiv>
               <Unicode>nommen hatte, ist heute weniger fühlbar, da ein kühler Wind</Unicode>
            </TextEquiv>
            <TextStyle fontFamily="Times New Roman" fontSize="6.5"/>
         </TextLine>
         <TextLine id="tl_84"
                   primaryLanguage="German"
                   custom="readingOrder {index:24;}">
            <Coords points="157,3461 1186,3461 1186,3506 157,3506"/>
            <Baseline points="157,3496 233,3497 296,3495 483,3494 611,3491 698,3493 849,3493 967,3493 1121,3494 1186,3493"/>
            <TextEquiv>
               <Unicode>weht, der Erquickung spendet. Die Fremden halten denselben für</Unicode>
            </TextEquiv>
            <TextStyle fontFamily="Times New Roman" fontSize="6.5"/>
         </TextLine>
         <TextLine id="tl_85"
                   primaryLanguage="German"
                   custom="readingOrder {index:25;}">
            <Coords points="158,3500 1187,3500 1187,3550 158,3550"/>
            <Baseline points="158,3535 198,3534 352,3534 443,3532 651,3533 720,3532 783,3532 833,3532 997,3532 1043,3533 1136,3532 1187,3532"/>
            <TextEquiv>
               <Unicode>die legendäre kühle Meeresbrise, von der in Romanen so schön zu</Unicode>
            </TextEquiv>
            <TextStyle fontFamily="Times New Roman" fontSize="6.5"/>
         </TextLine>
         <TextLine id="tl_86"
                   primaryLanguage="German"
                   custom="readingOrder {index:26;}">
            <Coords points="158,3538 1186,3538 1186,3582 158,3582"/>
            <Baseline points="158,3574 224,3573 289,3574 357,3572 480,3571 550,3570 708,3570 766,3571 913,3571 1019,3569 1090,3570 1186,3570"/>
            <TextEquiv>
               <Unicode>lesen ist, von welcher wir Triestiner im Sommer jedoch nur selten</Unicode>
            </TextEquiv>
            <TextStyle fontFamily="Times New Roman" fontSize="6.5"/>
         </TextLine>
         <TextLine id="tl_87"
                   primaryLanguage="German"
                   custom="readingOrder {index:27;}">
            <Coords points="159,3577 1186,3577 1186,3621 159,3621"/>
            <Baseline points="159,3612 242,3612 294,3611 405,3610 580,3608 662,3609 815,3608 943,3609 1035,3610 1176,3609 1187,3595"/>
            <TextEquiv>
               <Unicode>etwas zu fühlen bekommen. Der herrliche, glühend rothe Sonnen⸗</Unicode>
            </TextEquiv>
            <TextStyle fontFamily="Times New Roman" fontSize="6.5"/>
         </TextLine>
         <TextLine id="tl_88"
                   primaryLanguage="German"
                   custom="readingOrder {index:28;}">
            <Coords points="157,3617 979,3617 979,3660 157,3660"/>
            <Baseline points="157,3652 310,3649 459,3649 524,3648 652,3648 803,3649 979,3647"/>
            <TextEquiv>
               <Unicode>untergang verspricht für morgen günstiges Festwetter.</Unicode>
            </TextEquiv>
            <TextStyle fontFamily="Times New Roman" fontSize="6.5"/>
         </TextLine>
         <TextEquiv>
            <Unicode>Triest, 5. Juli. Die Stadt zeigt heute eine lebhafte Be⸗
wegung, welche die Nähe des morgigen maritimen Festes an⸗
kündigt. Das Leben und Treiben in den Straßen, das sonst einen
dem alltäglichen Handelsgetriebe angemessenen Charakter trägt,
hat ein ganz ungewohntes Gepräge angenommen. Auf den Straßen
und in öffentlichen Localen sieht man viele Fremde, welche sonst
den glühend heißen Kuß unserer Juli=Sonne scheuen; namentlich
die schmucke Marine=Uniform ist zahlreich vertreten und verleiht
dem Stadtbilde ihr charakteristisches Gepräge. Die Stadt Triest
präsentirt sich in ihrem Sommerkleide auf das vortheilhafteste,
und der italienische Charakter der Stadt tritt in dieser Jahreszeit
noch mehr hervor als gewöhnlich. Dazu tragen auch die weiten
lichtfarbigen Leinwandplachen und Gardinen bei, welche über fast
alle Kaufläden und Gewölbe zum Schutze gegen die Sonne auf⸗
gespannt sind, so daß man in den Hauptstraßen wie unter einem
fortlaufenden Zeltdache dahinwandelt. Die liebliche Bucht von
Muggia, sonst nur von friedlichen Fischerbarken und den Renn⸗
booten unserer Rudervereine befahren, gleicht einem von Eisen⸗
schiffen und Kanonen starrenden Kriegshafen. Hier haben die
mächtigen Panzercolosse der Evolutions=Escadre, „Kronprinz
Rudolph“, „Kronprinzessin Stephanie“, „Tegett⸗
hoff“ und „Pelikan“, ihre Ausstellung genommen. Die Hitze,
welche in den letzten Tagen einen tropischen Charakter ange⸗
nommen hatte, ist heute weniger fühlbar, da ein kühler Wind
weht, der Erquickung spendet. Die Fremden halten denselben für
die legendäre kühle Meeresbrise, von der in Romanen so schön zu
lesen ist, von welcher wir Triestiner im Sommer jedoch nur selten
etwas zu fühlen bekommen. Der herrliche, glühend rothe Sonnen⸗
untergang verspricht für morgen günstiges Festwetter.</Unicode>
         </TextEquiv>
      </TextRegion>
      <TextRegion type="paragraph" id="r_9_4" custom="readingOrder {index:15;}">
         <Coords points="155,3662 1188,3662 1188,3900 155,3900"/>
         <TextLine id="tl_89"
                   primaryLanguage="German"
                   custom="readingOrder {index:0;}">
            <Coords points="234,3663 1185,3663 1185,3705 234,3705"/>
            <Baseline points="234,3699 358,3697 402,3695 498,3694 611,3694 802,3695 880,3695 940,3695 1020,3693 1075,3696 1185,3697"/>
            <TextEquiv>
               <Unicode>Triest, 5. Juli. Heute Vormittags kam die von der Stadt</Unicode>
            </TextEquiv>
            <TextStyle fontFamily="Times New Roman" fontSize="6.5"/>
         </TextLine>
         <TextLine id="tl_90"
                   primaryLanguage="German"
                   custom="readingOrder {index:1;}">
            <Coords points="156,3702 1187,3702 1187,3746 156,3746"/>
            <Baseline points="156,3737 239,3735 305,3734 402,3734 467,3733 680,3733 755,3733 1187,3735"/>
            <TextEquiv>
               <Unicode>Wien zur Feier des Stapellaufes des Küstenvertheidigungsschiffes</Unicode>
            </TextEquiv>
            <TextStyle fontFamily="Times New Roman" fontSize="6.5"/>
         </TextLine>
         <TextLine id="tl_91"
                   primaryLanguage="German"
                   custom="readingOrder {index:2;}">
            <Coords points="161,3741 1187,3741 1187,3783 161,3783"/>
            <Baseline points="156,3776 185,3775 465,3772 674,3771 826,3773 899,3772 968,3773 1090,3774 1191,3772"/>
            <TextEquiv>
               <Unicode>„Wien“ entsendete Deputation, bestehend aus den Herren Graf</Unicode>
            </TextEquiv>
         </TextLine>
         <TextLine id="tl_92"
                   primaryLanguage="German"
                   custom="readingOrder {index:3;}">
            <Coords points="156,3780 1186,3780 1186,3822 156,3822"/>
            <Baseline points="156,3815 200,3813 328,3813 827,3811 891,3812 916,3811 942,3811 971,3812 993,3812 1018,3812 1105,3813 1186,3813"/>
            <TextEquiv>
               <Unicode>Hanns Wilczek, Magistrats=Secretär Rosner und den</Unicode>
            </TextEquiv>
         </TextLine>
         <TextLine id="tl_93"
                   primaryLanguage="German"
                   custom="readingOrder {index:4;}">
            <Coords points="156,3819 1186,3819 1186,3860 156,3860"/>
            <Baseline points="156,3853 303,3850 379,3850 428,3851 453,3850 478,3850 501,3850 523,3850 570,3851 614,3851 644,3850 669,3850 728,3851 801,3850 851,3852 880,3850 907,3850 929,3850 956,3851 1040,3852 1102,3853 1124,3852 1148,3852 1175,3854 1190,3837"/>
            <TextEquiv>
               <Unicode>Beiräthen Dr. Vogler, Wurm, Dr. Kupka und Stro⸗</Unicode>
            </TextEquiv>
            <TextStyle fontFamily="Times New Roman" fontSize="6.5"/>
         </TextLine>
         <TextLine id="tl_94"
                   primaryLanguage="German"
                   custom="readingOrder {index:5;}">
            <Coords points="156,3860 386,3860 386,3899 156,3899"/>
            <Baseline points="156,3891 247,3891 321,3890 386,3889"/>
            <TextEquiv>
               <Unicode>bach, hier an.</Unicode>
            </TextEquiv>
            <TextStyle fontFamily="Times New Roman" fontSize="6.5"/>
         </TextLine>
         <TextEquiv>
            <Unicode>Triest, 5. Juli. Heute Vormittags kam die von der Stadt
Wien zur Feier des Stapellaufes des Küstenvertheidigungsschiffes
„Wien“ entsendete Deputation, bestehend aus den Herren Graf
Hanns Wilczek, Magistrats=Secretär Rosner und den
Beiräthen Dr. Vogler, Wurm, Dr. Kupka und Stro⸗
bach, hier an.</Unicode>
         </TextEquiv>
      </TextRegion>
      <TextRegion type="paragraph" id="r_9_5" custom="readingOrder {index:16;}">
         <Coords points="435,3896 926,3896 926,3925 435,3925"/>
         <TextLine id="tl_95"
                   primaryLanguage="German"
                   custom="readingOrder {index:0;}">
            <Coords points="436,3897 925,3897 925,3924 436,3924"/>
            <Baseline points="436,3917 579,3918 628,3918 927,3919"/>
            <TextEquiv>
               <Unicode>(Telegramm des Correspondenz=Bureau.)</Unicode>
            </TextEquiv>
            <TextStyle fontFamily="Times New Roman" fontSize="5.0"/>
         </TextLine>
         <TextEquiv>
            <Unicode>(Telegramm des Correspondenz=Bureau.)</Unicode>
         </TextEquiv>
      </TextRegion>
      <TextRegion type="paragraph" id="r_9_6" custom="readingOrder {index:17;}">
         <Coords points="155,3928 1188,3928 1188,4447 155,4447"/>
         <TextLine id="tl_96"
                   primaryLanguage="German"
                   custom="readingOrder {index:0;}">
            <Coords points="235,3929 1185,3929 1185,3972 235,3972"/>
            <Baseline points="235,3965 268,3965 405,3961 501,3960 598,3961 751,3961 830,3961 1043,3963 1102,3964 1174,3963 1186,3952"/>
            <TextEquiv>
               <Unicode>Triest, 5. Juli. Die Gemalin des Vorsitzenden im Mi⸗</Unicode>
            </TextEquiv>
         </TextLine>
         <TextLine id="tl_97"
                   primaryLanguage="German"
                   custom="readingOrder {index:1;}">
            <Coords points="156,3969 1185,3969 1185,4013 156,4013"/>
            <Baseline points="156,4004 309,4000 384,4001 551,3999 617,3999 754,4000 875,4000 917,4002 937,4000 960,4001 982,4001 1019,4001 1047,4002 1075,4002 1104,4002 1124,4002 1153,4003 1187,4004"/>
            <TextEquiv>
               <Unicode>nisterrathe und Ministers des Innern, Gräfin Kielmansegg,</Unicode>
            </TextEquiv>
            <TextStyle fontFamily="Times New Roman" fontSize="6.5"/>
         </TextLine>
         <TextLine id="tl_98"
                   primaryLanguage="German"
                   custom="readingOrder {index:2;}">
            <Coords points="157,4006 1184,4006 1184,4051 157,4051"/>
            <Baseline points="157,4043 197,4042 250,4040 458,4038 521,4038 801,4038 860,4039 905,4038 954,4040 976,4040 1003,4040 1030,4041 1056,4041 1079,4040 1108,4041 1131,4040 1159,4042 1186,4043"/>
            <TextEquiv>
               <Unicode>ist in Begleitung des Ministerialrathes R. v. Fraydenegg</Unicode>
            </TextEquiv>
            <TextStyle fontFamily="Times New Roman" fontSize="6.5"/>
         </TextLine>
         <TextLine id="tl_99"
                   primaryLanguage="German"
                   custom="readingOrder {index:3;}">
            <Coords points="158,4045 1185,4045 1185,4089 158,4089"/>
            <Baseline points="158,4080 213,4079 316,4079 468,4077 541,4077 777,4078 842,4078 1175,4079 1186,4068"/>
            <TextEquiv>
               <Unicode>und dessen Gemalin zur Stapellassung des Küstenvertheidigungs⸗</Unicode>
            </TextEquiv>
            <TextStyle fontFamily="Times New Roman" fontSize="6.5"/>
         </TextLine>
         <TextLine id="tl_100"
                   primaryLanguage="German"
                   custom="readingOrder {index:4;}">
            <Coords points="157,4085 1186,4085 1186,4128 157,4128"/>
            <Baseline points="157,4119 257,4118 394,4117 488,4116 618,4116 821,4116 906,4116 1025,4117 1105,4119 1186,4119"/>
            <TextEquiv>
               <Unicode>schiffes „Wien“ heute Abends angekommen und wurde auf dem</Unicode>
            </TextEquiv>
            <TextStyle fontFamily="Times New Roman" fontSize="6.5"/>
         </TextLine>
         <TextLine id="tl_101"
                   primaryLanguage="German"
                   custom="readingOrder {index:5;}">
            <Coords points="157,4123 1185,4123 1185,4167 157,4167"/>
            <Baseline points="157,4159 300,4156 394,4156 584,4155 706,4154 742,4155 803,4156 1082,4156 1185,4157"/>
            <TextEquiv>
               <Unicode>Bahnhofe vom Statthalter Ritter v. Rinaldini und dessen</Unicode>
            </TextEquiv>
         </TextLine>
         <TextLine id="tl_102"
                   primaryLanguage="German"
                   custom="readingOrder {index:6;}">
            <Coords points="158,4161 1185,4161 1185,4204 158,4204"/>
            <Baseline points="158,4199 316,4194 408,4194 564,4193 589,4191 838,4194 1005,4194 1185,4196"/>
            <TextEquiv>
               <Unicode>Gemalin, dem Marine=Commandanten Admiral Freiherrn</Unicode>
            </TextEquiv>
            <TextStyle fontFamily="Times New Roman" fontSize="6.5"/>
         </TextLine>
         <TextLine id="tl_103"
                   primaryLanguage="German"
                   custom="readingOrder {index:7;}">
            <Coords points="158,4200 1186,4200 1186,4241 158,4241"/>
            <Baseline points="158,4236 175,4236 237,4235 258,4234 280,4233 306,4233 334,4233 357,4234 388,4232 463,4232 541,4232 770,4232 821,4233 881,4233 908,4232 929,4233 950,4233 973,4232 997,4233 1018,4234 1113,4234 1186,4235"/>
            <TextEquiv>
               <Unicode>v. Sterneck und dem Bürgermeister Dr. Pitteri sowie von</Unicode>
            </TextEquiv>
         </TextLine>
         <TextLine id="tl_104"
                   primaryLanguage="German"
                   custom="readingOrder {index:8;}">
            <Coords points="160,4239 1187,4239 1187,4281 160,4281"/>
            <Baseline points="160,4273 209,4273 337,4272 426,4270 662,4270 796,4270 870,4271 997,4271 1187,4273"/>
            <TextEquiv>
               <Unicode>den bereits hier eingetroffenen Herren der Wiener Deputation</Unicode>
            </TextEquiv>
            <TextStyle fontFamily="Times New Roman" fontSize="6.5"/>
         </TextLine>
         <TextLine id="tl_105"
                   primaryLanguage="German"
                   custom="readingOrder {index:9;}">
            <Coords points="161,4278 1187,4278 1187,4322 161,4322"/>
            <Baseline points="161,4311 326,4310 430,4309 604,4309 700,4309 785,4309 875,4309 1007,4310 1177,4311 1192,4301"/>
            <TextEquiv>
               <Unicode>empfangen. Mit demselben Zuge sind nebst anderen Persönlich⸗</Unicode>
            </TextEquiv>
            <TextStyle fontFamily="Times New Roman" fontSize="6.5"/>
         </TextLine>
         <TextLine id="tl_106"
                   primaryLanguage="German"
                   custom="readingOrder {index:10;}">
            <Coords points="161,4312 1187,4312 1187,4358 161,4358"/>
            <Baseline points="161,4351 240,4349 317,4349 560,4347 645,4347 940,4350 980,4351 1177,4351 1190,4340"/>
            <TextEquiv>
               <Unicode>keiten der Landmarschall von Niederösterreich, Graf Abens⸗</Unicode>
            </TextEquiv>
         </TextLine>
         <TextLine id="tl_107"
                   primaryLanguage="German"
                   custom="readingOrder {index:11;}">
            <Coords points="160,4355 1187,4355 1187,4399 160,4399"/>
            <Baseline points="160,4392 186,4389 500,4387 600,4387 752,4386 827,4387 919,4388 1024,4389 1074,4390 1091,4389 1110,4390 1130,4390 1149,4390 1168,4390 1187,4390"/>
            <TextEquiv>
               <Unicode>perg=Traun, mit seiner Gemalin und Graf Hanns Wilczek</Unicode>
            </TextEquiv>
         </TextLine>
         <TextLine id="tl_108"
                   primaryLanguage="German"
                   custom="readingOrder {index:12;}">
            <Coords points="159,4397 828,4397 828,4446 159,4446"/>
            <Baseline points="159,4429 338,4426"/>
            <TextEquiv>
               <Unicode>eingetroffen.</Unicode>
            </TextEquiv>
            <TextStyle fontFamily="Times New Roman" fontSize="6.5"/>
         </TextLine>
         <TextEquiv>
            <Unicode>Triest, 5. Juli. Die Gemalin des Vorsitzenden im Mi⸗
nisterrathe und Ministers des Innern, Gräfin Kielmansegg,
ist in Begleitung des Ministerialrathes R. v. Fraydenegg
und dessen Gemalin zur Stapellassung des Küstenvertheidigungs⸗
schiffes „Wien“ heute Abends angekommen und wurde auf dem
Bahnhofe vom Statthalter Ritter v. Rinaldini und dessen
Gemalin, dem Marine=Commandanten Admiral Freiherrn
v. Sterneck und dem Bürgermeister Dr. Pitteri sowie von
den bereits hier eingetroffenen Herren der Wiener Deputation
empfangen. Mit demselben Zuge sind nebst anderen Persönlich⸗
keiten der Landmarschall von Niederösterreich, Graf Abens⸗
perg=Traun, mit seiner Gemalin und Graf Hanns Wilczek
eingetroffen.</Unicode>
         </TextEquiv>
      </TextRegion>
      <TextRegion type="paragraph" id="r_9_7" custom="readingOrder {index:18;}">
         <Coords points="339,4465 1009,4465 1009,4513 339,4513"/>
         <TextLine id="tl_109"
                   primaryLanguage="German"
                   custom="readingOrder {index:0;}">
            <Coords points="340,4466 1008,4466 1008,4512 340,4512"/>
            <Baseline points="338,4505 582,4502 1008,4505"/>
            <TextEquiv>
               <Unicode>Preußisches Abgeordnetenhaus.</Unicode>
            </TextEquiv>
            <TextStyle fontFamily="Times New Roman" fontSize="7.5" bold="true"/>
         </TextLine>
         <TextEquiv>
            <Unicode>Preußisches Abgeordnetenhaus.</Unicode>
         </TextEquiv>
      </TextRegion>
      <TextRegion type="paragraph" id="r_9_8" custom="readingOrder {index:19;}">
         <Coords points="422,4518 921,4518 921,4546 422,4546"/>
         <TextLine id="tl_110"
                   primaryLanguage="German"
                   custom="readingOrder {index:0;}">
            <Coords points="423,4519 920,4519 920,4545 423,4545"/>
            <Baseline points="423,4543 565,4540 616,4539 922,4539"/>
            <TextEquiv>
               <Unicode>(Telegramm des Correspondenz=Bureau.)</Unicode>
            </TextEquiv>
            <TextStyle fontFamily="Times New Roman" fontSize="5.0"/>
         </TextLine>
         <TextEquiv>
            <Unicode>(Telegramm des Correspondenz=Bureau.)</Unicode>
         </TextEquiv>
      </TextRegion>
      <TextRegion type="paragraph" id="r_9_9" custom="readingOrder {index:20;}">
         <Coords points="158,4550 1190,4550 1190,5216 158,5216"/>
         <TextLine id="tl_111"
                   primaryLanguage="German"
                   custom="readingOrder {index:0;}">
            <Coords points="237,4551 1189,4551 1189,4595 237,4595"/>
            <Baseline points="237,4586 270,4586 431,4583 537,4583 602,4583 705,4584 1057,4585 1118,4586 1189,4586"/>
            <TextEquiv>
               <Unicode>Berlin, 5. Juli. Abg. Rintelen begründete in der</Unicode>
            </TextEquiv>
         </TextLine>
         <TextLine id="tl_112"
                   primaryLanguage="German"
                   custom="readingOrder {index:1;}">
            <Coords points="159,4591 1189,4591 1189,4633 159,4633"/>
            <Baseline points="160,4626 279,4623 420,4621 479,4621 789,4622 836,4621 1191,4625"/>
            <TextEquiv>
               <Unicode>heutigen Sitzung des Abgeordnetenhauses seine Interpellation,</Unicode>
            </TextEquiv>
         </TextLine>
         <TextLine id="tl_113"
                   primaryLanguage="German"
                   custom="readingOrder {index:2;}">
            <Coords points="159,4629 1189,4629 1189,4672 159,4672"/>
            <Baseline points="159,4662 299,4661 328,4661 642,4659 1130,4664 1189,4664"/>
            <TextEquiv>
               <Unicode>betreffend den katholischen Religions=Unterricht in</Unicode>
            </TextEquiv>
         </TextLine>
         <TextLine id="tl_114"
                   primaryLanguage="German"
                   custom="readingOrder {index:3;}">
            <Coords points="160,4667 1189,4667 1189,4708 160,4708"/>
            <Baseline points="160,4701 228,4700 276,4701 612,4699 801,4702 938,4700 1078,4701 1189,4703"/>
            <TextEquiv>
               <Unicode>den Volksschulen. Die Katholiken, bemerkte Redner, können</Unicode>
            </TextEquiv>
         </TextLine>
         <TextLine id="tl_115"
                   primaryLanguage="German"
                   custom="readingOrder {index:4;}">
            <Coords points="160,4706 1187,4706 1187,4750 160,4750"/>
            <Baseline points="160,4740 228,4739 381,4738 458,4739 540,4737 755,4739 1009,4740 1071,4740 1187,4742"/>
            <TextEquiv>
               <Unicode>nicht zugeben, daß ein evangelischer Cultusminister in letzter</Unicode>
            </TextEquiv>
            <TextStyle fontFamily="Times New Roman" fontSize="6.5"/>
         </TextLine>
         <TextLine id="tl_116"
                   primaryLanguage="German"
                   custom="readingOrder {index:5;}">
            <Coords points="160,4739 1187,4739 1187,4788 160,4788"/>
            <Baseline points="160,4781 279,4777 359,4776 436,4776 620,4776 942,4778 1004,4778 1071,4779 1187,4775"/>
            <TextEquiv>
               <Unicode>Instanz über den katholischen Religions=Unterricht an den Volks⸗</Unicode>
            </TextEquiv>
            <TextStyle fontFamily="Times New Roman" fontSize="6.5"/>
         </TextLine>
         <TextLine id="tl_117"
                   primaryLanguage="German"
                   custom="readingOrder {index:6;}">
            <Coords points="159,4782 1188,4782 1188,4825 159,4825"/>
            <Baseline points="159,4823 260,4815 435,4814 538,4814 610,4814 671,4816 938,4816 1088,4817 1188,4818"/>
            <TextEquiv>
               <Unicode>schulen entscheide. Nur die Kirche allein könne den</Unicode>
            </TextEquiv>
         </TextLine>
         <TextLine id="tl_118"
                   primaryLanguage="German"
                   custom="readingOrder {index:7;}">
            <Coords points="161,4822 1187,4822 1187,4866 161,4866"/>
            <Baseline points="161,4856 638,4853 669,4853 872,4854 937,4855 990,4855 1187,4857"/>
            <TextEquiv>
               <Unicode>Religions=Unterricht leiten. Der für die gegenwärtige</Unicode>
            </TextEquiv>
         </TextLine>
         <TextLine id="tl_119"
                   primaryLanguage="German"
                   custom="readingOrder {index:8;}">
            <Coords points="161,4860 1186,4860 1186,4903 161,4903"/>
            <Baseline points="161,4895 302,4893 375,4892 736,4893 793,4894 1097,4896 1186,4895"/>
            <TextEquiv>
               <Unicode>Regelung des Religions=Unterrichtes maßgebende Erlaß des</Unicode>
            </TextEquiv>
         </TextLine>
         <TextLine id="tl_120"
                   primaryLanguage="German"
                   custom="readingOrder {index:9;}">
            <Coords points="161,4899 1186,4899 1186,4943 161,4943"/>
            <Baseline points="162,4930 350,4933 731,4932 789,4932 898,4932 1188,4934"/>
            <TextEquiv>
               <Unicode>früheren Cultusministers Falk sei verfassungswidrig,</Unicode>
            </TextEquiv>
         </TextLine>
         <TextLine id="tl_121"
                   primaryLanguage="German"
                   custom="readingOrder {index:10;}">
            <Coords points="160,4935 1188,4935 1188,4982 160,4982"/>
            <Baseline points="162,4972 326,4969 419,4970 711,4970 835,4971 985,4971 1016,4972 1178,4973 1191,4965"/>
            <TextEquiv>
               <Unicode>gesetzwidrig und vernunftwidrig; derselbe müsse daher auf⸗</Unicode>
            </TextEquiv>
         </TextLine>
         <TextLine id="tl_122"
                   primaryLanguage="German"
                   custom="readingOrder {index:11;}">
            <Coords points="163,4977 1186,4977 1186,5020 163,5020"/>
            <Baseline points="164,5011 208,5007 459,5007 546,5008 594,5010 614,5008 639,5008 670,5010 697,5008 745,5010 773,5009 793,5009 808,5011 835,5010 1037,5012 1188,5012"/>
            <TextEquiv>
               <Unicode>gehoben werden. Die Kirche müsse Freiheit haben,</Unicode>
            </TextEquiv>
         </TextLine>
         <TextLine id="tl_123"
                   primaryLanguage="German"
                   custom="readingOrder {index:12;}">
            <Coords points="162,5015 1185,5015 1185,5059 162,5059"/>
            <Baseline points="162,5048 239,5047 292,5047 351,5048 498,5047 632,5048 715,5048 793,5048 943,5051 1111,5050 1185,5049"/>
            <TextEquiv>
               <Unicode>wenn sie die Religion fördern und den Umsturz bekämpfen soll.</Unicode>
            </TextEquiv>
            <TextStyle fontFamily="Times New Roman" fontSize="6.5"/>
         </TextLine>
         <TextLine id="tl_124"
                   primaryLanguage="German"
                   custom="readingOrder {index:13;}">
            <Coords points="165,5054 1187,5054 1187,5097 165,5097"/>
            <Baseline points="165,5086 221,5085 374,5085 446,5085 593,5085 885,5088 967,5088 1078,5087 1187,5088"/>
            <TextEquiv>
               <Unicode>Die Eingabe der Fuldaer Bischofsconferenz vom Jahre 1893</Unicode>
            </TextEquiv>
            <TextStyle fontFamily="Times New Roman" fontSize="6.5"/>
         </TextLine>
         <TextLine id="tl_125"
                   primaryLanguage="German"
                   custom="readingOrder {index:14;}">
            <Coords points="164,5093 1187,5093 1187,5139 164,5139"/>
            <Baseline points="164,5124 185,5124 491,5125 594,5124 869,5125 979,5127 1187,5127"/>
            <TextEquiv>
               <Unicode>um Aufhebung des erwähnten Erlasses des</Unicode>
            </TextEquiv>
         </TextLine>
         <TextLine id="tl_126"
                   primaryLanguage="German"
                   custom="readingOrder {index:15;}">
            <Coords points="165,5131 1187,5131 1187,5172 165,5172"/>
            <Baseline points="165,5169 286,5162 542,5162 595,5163 702,5164 799,5164 911,5165 999,5165 1187,5167"/>
            <TextEquiv>
               <Unicode>früheren Cultusministers sei bisher noch immer nicht beantwortet</Unicode>
            </TextEquiv>
            <TextStyle fontFamily="Times New Roman" fontSize="6.5"/>
         </TextLine>
         <TextLine id="tl_127"
                   primaryLanguage="German"
                   custom="readingOrder {index:16;}">
            <Coords points="164,5170 1186,5170 1186,5215 164,5215"/>
            <Baseline points="164,5203 279,5201 426,5203 546,5201 621,5203 698,5204 845,5205 910,5205 1190,5207"/>
            <TextEquiv>
               <Unicode>worden. Redner schloß mit den Worten: „Der Zedlitz'sche</Unicode>
            </TextEquiv>
         </TextLine>
         <TextEquiv>
            <Unicode>Berlin, 5. Juli. Abg. Rintelen begründete in der
heutigen Sitzung des Abgeordnetenhauses seine Interpellation,
betreffend den katholischen Religions=Unterricht in
den Volksschulen. Die Katholiken, bemerkte Redner, können
nicht zugeben, daß ein evangelischer Cultusminister in letzter
Instanz über den katholischen Religions=Unterricht an den Volks⸗
schulen entscheide. Nur die Kirche allein könne den
Religions=Unterricht leiten. Der für die gegenwärtige
Regelung des Religions=Unterrichtes maßgebende Erlaß des
früheren Cultusministers Falk sei verfassungswidrig,
gesetzwidrig und vernunftwidrig; derselbe müsse daher auf⸗
gehoben werden. Die Kirche müsse Freiheit haben,
wenn sie die Religion fördern und den Umsturz bekämpfen soll.
Die Eingabe der Fuldaer Bischofsconferenz vom Jahre 1893
um Aufhebung des erwähnten Erlasses des
früheren Cultusministers sei bisher noch immer nicht beantwortet
worden. Redner schloß mit den Worten: „Der Zedlitz'sche</Unicode>
         </TextEquiv>
      </TextRegion>
      <TextRegion type="paragraph" id="r_10_1" custom="readingOrder {index:21;}">
         <Coords points="1221,278 2250,278 2250,388 1221,388"/>
         <TextLine id="tl_128"
                   primaryLanguage="German"
                   custom="readingOrder {index:0;}">
            <Coords points="1222,279 2249,279 2249,320 1222,320"/>
            <Baseline points="1222,310 1687,309 1945,310 2013,311 2249,310"/>
            <TextEquiv>
               <Unicode>Schulgesetz=Entwurf desavouire den Falk'schen</Unicode>
            </TextEquiv>
            <TextStyle fontFamily="Times New Roman" fontSize="6.5"/>
         </TextLine>
         <TextLine id="tl_129"
                   primaryLanguage="German"
                   custom="readingOrder {index:1;}">
            <Coords points="1222,317 2247,317 2247,358 1222,358"/>
            <Baseline points="1222,349 1248,349 1561,350 1688,350 1765,349 1892,349 1988,352 2112,350 2247,349"/>
            <TextEquiv>
               <Unicode>Erlaß vollkommen; warum soll letzterer noch aufrecht erhalten</Unicode>
            </TextEquiv>
         </TextLine>
         <TextLine id="tl_130"
                   primaryLanguage="German"
                   custom="readingOrder {index:2;}">
            <Coords points="1222,357 1362,357 1362,387 1222,387"/>
            <Baseline points="1222,387 1363,386"/>
            <TextEquiv>
               <Unicode>werden?“</Unicode>
            </TextEquiv>
            <TextStyle fontFamily="Times New Roman" fontSize="6.5"/>
         </TextLine>
         <TextEquiv>
            <Unicode>Schulgesetz=Entwurf desavouire den Falk'schen
Erlaß vollkommen; warum soll letzterer noch aufrecht erhalten
werden?“</Unicode>
         </TextEquiv>
      </TextRegion>
      <TextRegion type="paragraph" id="r_10_2" custom="readingOrder {index:22;}">
         <Coords points="1221,393 2251,393 2251,1208 1221,1208"/>
         <TextLine id="tl_131"
                   primaryLanguage="German"
                   custom="readingOrder {index:0;}">
            <Coords points="1300,394 2247,394 2247,434 1300,434"/>
            <Baseline points="1300,426 1330,426 1405,427 1842,426 1982,426 2056,427 2251,424"/>
            <TextEquiv>
               <Unicode>Der Cultusminister erklärte namens der Regierung,</Unicode>
            </TextEquiv>
         </TextLine>
         <TextLine id="tl_132"
                   primaryLanguage="German"
                   custom="readingOrder {index:1;}">
            <Coords points="1223,433 2248,433 2248,474 1223,474"/>
            <Baseline points="1223,464 1265,463 1409,464 1530,467 1632,465 1710,463 1787,464 1872,464 1942,464 2160,463 2240,464 2251,449"/>
            <TextEquiv>
               <Unicode>der Falk'sche Erlaß beziehe sich nicht auf den dogmatischen In⸗</Unicode>
            </TextEquiv>
            <TextStyle fontFamily="Times New Roman" fontSize="6.5"/>
         </TextLine>
         <TextLine id="tl_133"
                   primaryLanguage="German"
                   custom="readingOrder {index:2;}">
            <Coords points="1223,471 2249,471 2249,512 1223,512"/>
            <Baseline points="1220,502 1279,502 1344,502 1721,501 1852,503 1969,504 2048,503 2118,503 2249,503"/>
            <TextEquiv>
               <Unicode>halt des Religions=Unterrichtes.; derselbe wollte nur das Recht</Unicode>
            </TextEquiv>
            <TextStyle fontFamily="Times New Roman" fontSize="6.5"/>
         </TextLine>
         <TextLine id="tl_134"
                   primaryLanguage="German"
                   custom="readingOrder {index:3;}">
            <Coords points="1224,510 2249,510 2249,552 1224,552"/>
            <Baseline points="1224,540 1238,540 1349,542 1654,542 1696,542 1947,541 2021,542 2115,541 2200,541 2239,541 2253,528"/>
            <TextEquiv>
               <Unicode>des Staates bezüglich der Aufsicht über das ge⸗</Unicode>
            </TextEquiv>
         </TextLine>
         <TextLine id="tl_135"
                   primaryLanguage="German"
                   custom="readingOrder {index:4;}">
            <Coords points="1222,547 2248,547 2248,588 1222,588"/>
            <Baseline points="1220,581 1230,580 1259,579 1298,579 1336,579 1357,579 1380,579 1434,579 1463,579 1485,580 1507,580 1531,580 1556,580 1576,580 1613,579 1633,580 1658,580 1693,580 1716,580 1736,580 1759,579 1804,577 1884,580 1989,581 2078,580 2160,578 2241,580 2250,567"/>
            <TextEquiv>
               <Unicode>sammte Unterrichtswesen, also auch über den Re⸗</Unicode>
            </TextEquiv>
            <TextStyle fontFamily="Times New Roman" fontSize="6.5"/>
         </TextLine>
         <TextLine id="tl_136"
                   primaryLanguage="German"
                   custom="readingOrder {index:5;}">
            <Coords points="1223,586 2248,586 2248,627 1223,627"/>
            <Baseline points="1223,617 1495,619 1614,618 1669,618 1749,619 1817,618 1976,619 2144,618 2248,617"/>
            <TextEquiv>
               <Unicode>ligions=Unterricht, wahren. In einer fast 20jährigen Erfahrung fanden</Unicode>
            </TextEquiv>
            <TextStyle fontFamily="Times New Roman" fontSize="6.5"/>
         </TextLine>
         <TextLine id="tl_137"
                   primaryLanguage="German"
                   custom="readingOrder {index:6;}">
            <Coords points="1223,626 2248,626 2248,666 1223,666"/>
            <Baseline points="1225,657 1264,656 1370,656 1457,656 1560,658 1830,656 1880,656 1967,657 2248,656"/>
            <TextEquiv>
               <Unicode>sich Staat und Kirche zusammen in dem wohlverstandenen</Unicode>
            </TextEquiv>
         </TextLine>
         <TextLine id="tl_138"
                   primaryLanguage="German"
                   custom="readingOrder {index:7;}">
            <Coords points="1224,664 2249,664 2249,705 1224,705"/>
            <Baseline points="1224,693 1411,695 1561,695 1613,695 1640,695 1671,695 1709,695 1731,695 1752,695 1780,695 1802,695 1827,695 1865,696 1888,695 1912,695 1969,697 1994,694 2024,696 2045,695 2065,695 2094,698 2112,695 2134,695 2155,695 2176,696 2249,695"/>
            <TextEquiv>
               <Unicode>beiderseitigen Interesse zu gemeinsamer Thätigkeit auf</Unicode>
            </TextEquiv>
            <TextStyle fontFamily="Times New Roman" fontSize="6.5"/>
         </TextLine>
         <TextLine id="tl_139"
                   primaryLanguage="German"
                   custom="readingOrder {index:8;}">
            <Coords points="1224,702 2248,702 2248,743 1224,743"/>
            <Baseline points="1224,733 1239,733 1486,734 1584,734 2072,734 2248,733"/>
            <TextEquiv>
               <Unicode>dem Gebiete des Religions=Unterrichtes. Die</Unicode>
            </TextEquiv>
         </TextLine>
         <TextLine id="tl_140"
                   primaryLanguage="German"
                   custom="readingOrder {index:9;}">
            <Coords points="1225,740 2249,740 2249,782 1225,782"/>
            <Baseline points="1225,772 1388,774 1409,774 1586,772 1757,772 1865,772 2036,773 2064,773 2128,772 2249,772"/>
            <TextEquiv>
               <Unicode>Erörterung principieller Gegensätze werde vermieden; der Staat</Unicode>
            </TextEquiv>
            <TextStyle fontFamily="Times New Roman" fontSize="6.5"/>
         </TextLine>
         <TextLine id="tl_141"
                   primaryLanguage="German"
                   custom="readingOrder {index:10;}">
            <Coords points="1223,780 2248,780 2248,820 1223,820"/>
            <Baseline points="1226,811 1287,809 1358,810 1467,810 1758,811 1806,811 1894,812 1960,811 2065,811 2248,809"/>
            <TextEquiv>
               <Unicode>zeige das größte Entgegenkommen, so daß ein ganz erträglicher</Unicode>
            </TextEquiv>
            <TextStyle fontFamily="Times New Roman" fontSize="6.5"/>
         </TextLine>
         <TextLine id="tl_142"
                   primaryLanguage="German"
                   custom="readingOrder {index:11;}">
            <Coords points="1225,818 2249,818 2249,865 1225,865"/>
            <Baseline points="1225,847 1323,847 1456,848 1615,849 1731,849 1833,849 1952,849 2076,849 2151,848 2249,849"/>
            <TextEquiv>
               <Unicode>Modus vivendi geschaffen wurde. Der Staat glaube sich damit</Unicode>
            </TextEquiv>
            <TextStyle fontFamily="Times New Roman" fontSize="6.5"/>
         </TextLine>
         <TextLine id="tl_143"
                   primaryLanguage="German"
                   custom="readingOrder {index:12;}">
            <Coords points="1225,857 2249,857 2249,897 1225,897"/>
            <Baseline points="1225,886 1263,887 1523,887 1594,888 1661,888 1888,888 1961,888 2037,888 2183,887 2249,887"/>
            <TextEquiv>
               <Unicode>im Einverständnisse mit den Anschauungen der zur Leitung der</Unicode>
            </TextEquiv>
            <TextStyle fontFamily="Times New Roman" fontSize="6.5"/>
         </TextLine>
         <TextLine id="tl_144"
                   primaryLanguage="German"
                   custom="readingOrder {index:13;}">
            <Coords points="1222,895 2248,895 2248,936 1222,936"/>
            <Baseline points="1223,928 1372,926 1436,926 1549,926 1707,926 1830,926 1927,926 2086,927 2142,927 2238,927 2249,913"/>
            <TextEquiv>
               <Unicode>Interessen der Kirche berufenen Stellen unter Wahrung der beider⸗</Unicode>
            </TextEquiv>
            <TextStyle fontFamily="Times New Roman" fontSize="6.5"/>
         </TextLine>
         <TextLine id="tl_145"
                   primaryLanguage="German"
                   custom="readingOrder {index:14;}">
            <Coords points="1225,934 2249,934 2249,975 1225,975"/>
            <Baseline points="1226,965 1327,964 1528,965 1746,966 1832,965 2010,965 2150,965 2249,965"/>
            <TextEquiv>
               <Unicode>seitigen principiellen Standpunkte. Die Regierung vermeide daher</Unicode>
            </TextEquiv>
            <TextStyle fontFamily="Times New Roman" fontSize="6.5"/>
         </TextLine>
         <TextLine id="tl_146"
                   primaryLanguage="German"
                   custom="readingOrder {index:15;}">
            <Coords points="1223,972 2249,972 2249,1014 1223,1014"/>
            <Baseline points="1221,1005 1384,1005 1431,1004 1506,1004 1709,1005 1852,1006 1913,1003 2143,1003 2234,1004 2251,993"/>
            <TextEquiv>
               <Unicode>principiell, in eine Erörterung anläßlich der Interpellation einzu⸗</Unicode>
            </TextEquiv>
            <TextStyle fontFamily="Times New Roman" fontSize="6.5"/>
         </TextLine>
         <TextLine id="tl_147"
                   primaryLanguage="German"
                   custom="readingOrder {index:16;}">
            <Coords points="1223,1011 2249,1011 2249,1051 1223,1051"/>
            <Baseline points="1223,1041 1321,1044 1389,1042 1488,1042 1547,1042 1666,1042 1725,1041 1799,1042 1953,1041 2076,1043 2249,1042"/>
            <TextEquiv>
               <Unicode>treten, und könne die Frage, ob der Falk'sche Erlaß aufgehoben</Unicode>
            </TextEquiv>
            <TextStyle fontFamily="Times New Roman" fontSize="6.5"/>
         </TextLine>
         <TextLine id="tl_148"
                   primaryLanguage="German"
                   custom="readingOrder {index:17;}">
            <Coords points="1224,1050 2250,1050 2250,1088 1224,1088"/>
            <Baseline points="1224,1079 1317,1078 1353,1079 1423,1081 1648,1080 1858,1081 1972,1081 2060,1081 2160,1081 2250,1080"/>
            <TextEquiv>
               <Unicode>werde, nur verneinend beantworten, damit nicht durch einen</Unicode>
            </TextEquiv>
         </TextLine>
         <TextLine id="tl_149"
                   primaryLanguage="German"
                   custom="readingOrder {index:18;}">
            <Coords points="1223,1085 2249,1085 2249,1129 1223,1129"/>
            <Baseline points="1223,1118 1306,1118 1420,1118 1475,1119 1670,1119 1832,1119 1893,1119 2033,1118 2116,1119 2251,1118"/>
            <TextEquiv>
               <Unicode>neuen Erlaß die principiellen Gegensätze neu aufleben. Wir glauben,</Unicode>
            </TextEquiv>
            <TextStyle fontFamily="Times New Roman" fontSize="6.5"/>
         </TextLine>
         <TextLine id="tl_150"
                   primaryLanguage="German"
                   custom="readingOrder {index:19;}">
            <Coords points="1224,1127 2249,1127 2249,1167 1224,1167"/>
            <Baseline points="1227,1157 1308,1158 1370,1157 1534,1157 1667,1160 1719,1158 1850,1158 1962,1158 2050,1158 2174,1158 2249,1157"/>
            <TextEquiv>
               <Unicode>schloß der Minister, dadurch in gleicher Weise zum Besten des</Unicode>
            </TextEquiv>
            <TextStyle fontFamily="Times New Roman" fontSize="6.5"/>
         </TextLine>
         <TextLine id="tl_151"
                   primaryLanguage="German"
                   custom="readingOrder {index:20;}">
            <Coords points="1226,1165 1788,1165 1788,1207 1226,1207"/>
            <Baseline points="1226,1197 1343,1196 1417,1196 1481,1196 1595,1196 1646,1197 1788,1196"/>
            <TextEquiv>
               <Unicode>Staates und der Kirche zu handeln.</Unicode>
            </TextEquiv>
            <TextStyle fontFamily="Times New Roman" fontSize="6.5"/>
         </TextLine>
         <TextEquiv>
            <Unicode>Der Cultusminister erklärte namens der Regierung,
der Falk'sche Erlaß beziehe sich nicht auf den dogmatischen In⸗
halt des Religions=Unterrichtes.; derselbe wollte nur das Recht
des Staates bezüglich der Aufsicht über das ge⸗
sammte Unterrichtswesen, also auch über den Re⸗
ligions=Unterricht, wahren. In einer fast 20jährigen Erfahrung fanden
sich Staat und Kirche zusammen in dem wohlverstandenen
beiderseitigen Interesse zu gemeinsamer Thätigkeit auf
dem Gebiete des Religions=Unterrichtes. Die
Erörterung principieller Gegensätze werde vermieden; der Staat
zeige das größte Entgegenkommen, so daß ein ganz erträglicher
Modus vivendi geschaffen wurde. Der Staat glaube sich damit
im Einverständnisse mit den Anschauungen der zur Leitung der
Interessen der Kirche berufenen Stellen unter Wahrung der beider⸗
seitigen principiellen Standpunkte. Die Regierung vermeide daher
principiell, in eine Erörterung anläßlich der Interpellation einzu⸗
treten, und könne die Frage, ob der Falk'sche Erlaß aufgehoben
werde, nur verneinend beantworten, damit nicht durch einen
neuen Erlaß die principiellen Gegensätze neu aufleben. Wir glauben,
schloß der Minister, dadurch in gleicher Weise zum Besten des
Staates und der Kirche zu handeln.</Unicode>
         </TextEquiv>
      </TextRegion>
      <TextRegion type="paragraph" id="r_10_3" custom="readingOrder {index:23;}">
         <Coords points="1223,1203 2251,1203 2251,1670 1223,1670"/>
         <TextLine id="tl_152"
                   primaryLanguage="German"
                   custom="readingOrder {index:0;}">
            <Coords points="1302,1204 2248,1204 2248,1244 1302,1244"/>
            <Baseline points="1302,1237 1346,1234 1422,1235 1635,1234 1699,1235 1931,1235 2071,1235 2172,1234 2248,1235"/>
            <TextEquiv>
               <Unicode>In der Besprechung der Interpellation erklärte Abg. Dr.</Unicode>
            </TextEquiv>
            <TextStyle fontFamily="Times New Roman" fontSize="6.5"/>
         </TextLine>
         <TextLine id="tl_153"
                   primaryLanguage="German"
                   custom="readingOrder {index:1;}">
            <Coords points="1225,1243 2250,1243 2250,1283 1225,1283"/>
            <Baseline points="1225,1275 1242,1275 1415,1273 1538,1273 1672,1274 1732,1274 1947,1274 2094,1274 2150,1274 2237,1276 2254,1262"/>
            <TextEquiv>
               <Unicode>Lieber, er erkenne dankbar die wohlwollende Haltung des gegen⸗</Unicode>
            </TextEquiv>
         </TextLine>
         <TextLine id="tl_154"
                   primaryLanguage="German"
                   custom="readingOrder {index:2;}">
            <Coords points="1225,1281 2250,1281 2250,1323 1225,1323"/>
            <Baseline points="1225,1312 1352,1312 1610,1312 1678,1313 1763,1312 1829,1313 2012,1312 2074,1312 2250,1308"/>
            <TextEquiv>
               <Unicode>wärtigen Cultusministers an, aber zur Ertheilung des Religions=</Unicode>
            </TextEquiv>
            <TextStyle fontFamily="Times New Roman" fontSize="6.5"/>
         </TextLine>
         <TextLine id="tl_155"
                   primaryLanguage="German"
                   custom="readingOrder {index:3;}">
            <Coords points="1226,1320 2250,1320 2250,1359 1226,1359"/>
            <Baseline points="1226,1351 1400,1350 1466,1351 1526,1350 1724,1351 1846,1352 1913,1351 1999,1351 2072,1351 2250,1351"/>
            <TextEquiv>
               <Unicode>Unterrichtes an die katholischen Kinder sei nur die katholische</Unicode>
            </TextEquiv>
            <TextStyle fontFamily="Times New Roman" fontSize="6.5"/>
         </TextLine>
         <TextLine id="tl_156"
                   primaryLanguage="German"
                   custom="readingOrder {index:4;}">
            <Coords points="1225,1358 2250,1358 2250,1399 1225,1399"/>
            <Baseline points="1225,1392 1317,1389 1480,1389 1552,1390 1739,1389 1833,1390 2155,1389 2250,1390"/>
            <TextEquiv>
               <Unicode>Kirche berechtigt. Die Zeiten des Weißglühens des</Unicode>
            </TextEquiv>
         </TextLine>
         <TextLine id="tl_157"
                   primaryLanguage="German"
                   custom="readingOrder {index:5;}">
            <Coords points="1225,1398 2249,1398 2249,1437 1225,1437"/>
            <Baseline points="1225,1429 1250,1429 1281,1427 1645,1428 1693,1428 1728,1428 2024,1429 2088,1429 2135,1430 2238,1430 2255,1416"/>
            <TextEquiv>
               <Unicode>Culturkampfes seien ja verschwunden, die Katho⸗</Unicode>
            </TextEquiv>
         </TextLine>
         <TextLine id="tl_158"
                   primaryLanguage="German"
                   custom="readingOrder {index:6;}">
            <Coords points="1224,1436 2249,1436 2249,1476 1224,1476"/>
            <Baseline points="1224,1466 1235,1466 1277,1466 1299,1465 1327,1465 1445,1466 1527,1466 1562,1467 1946,1467 2142,1467 2171,1467 2249,1467"/>
            <TextEquiv>
               <Unicode>liken können aber die grundsätzlichen Forderungen</Unicode>
            </TextEquiv>
         </TextLine>
         <TextLine id="tl_159"
                   primaryLanguage="German"
                   custom="readingOrder {index:7;}">
            <Coords points="1225,1474 2250,1474 2250,1514 1225,1514"/>
            <Baseline points="1225,1505 1321,1505 1358,1505 1650,1506 1809,1506 1875,1505 1996,1505 2058,1506 2162,1506 2243,1507 2250,1491"/>
            <TextEquiv>
               <Unicode>nicht aufgeben. Das Centrum sei bisher in seinen For⸗</Unicode>
            </TextEquiv>
         </TextLine>
         <TextLine id="tl_160"
                   primaryLanguage="German"
                   custom="readingOrder {index:8;}">
            <Coords points="1226,1513 2250,1513 2250,1553 1226,1553"/>
            <Baseline points="1226,1543 1356,1543 1541,1544 1684,1543 1764,1543 1813,1544 1881,1543 2045,1543 2109,1544 2250,1544"/>
            <TextEquiv>
               <Unicode>derungen bescheidener gewesen, als es den Wünschen der weiteren</Unicode>
            </TextEquiv>
            <TextStyle fontFamily="Times New Roman" fontSize="6.5"/>
         </TextLine>
         <TextLine id="tl_161"
                   primaryLanguage="German"
                   custom="readingOrder {index:9;}">
            <Coords points="1224,1552 2250,1552 2250,1591 1224,1591"/>
            <Baseline points="1224,1583 1314,1582 1392,1582 1714,1583 1892,1583 1958,1585 2164,1582 2250,1582"/>
            <TextEquiv>
               <Unicode>Kreise des katholischen Volkes entspricht. Im Wesen sei</Unicode>
            </TextEquiv>
         </TextLine>
         <TextLine id="tl_162"
                   primaryLanguage="German"
                   custom="readingOrder {index:10;}">
            <Coords points="1225,1590 2249,1590 2249,1631 1225,1631"/>
            <Baseline points="1226,1620 1361,1621 1406,1621 1607,1620 1645,1620 1762,1621 2103,1621 2249,1621"/>
            <TextEquiv>
               <Unicode>obiger Erlaß doch bereits aufgegeben. Das Falk'sche</Unicode>
            </TextEquiv>
         </TextLine>
         <TextLine id="tl_163"
                   primaryLanguage="German"
                   custom="readingOrder {index:11;}">
            <Coords points="1225,1628 2117,1628 2117,1669 1225,1669"/>
            <Baseline points="1224,1661 1334,1659 1430,1659 1467,1659 1718,1660 1755,1661 2117,1660"/>
            <TextEquiv>
               <Unicode>Princip sollte auch formell aufgehoben werden.</Unicode>
            </TextEquiv>
         </TextLine>
         <TextEquiv>
            <Unicode>In der Besprechung der Interpellation erklärte Abg. Dr.
Lieber, er erkenne dankbar die wohlwollende Haltung des gegen⸗
wärtigen Cultusministers an, aber zur Ertheilung des Religions=
Unterrichtes an die katholischen Kinder sei nur die katholische
Kirche berechtigt. Die Zeiten des Weißglühens des
Culturkampfes seien ja verschwunden, die Katho⸗
liken können aber die grundsätzlichen Forderungen
nicht aufgeben. Das Centrum sei bisher in seinen For⸗
derungen bescheidener gewesen, als es den Wünschen der weiteren
Kreise des katholischen Volkes entspricht. Im Wesen sei
obiger Erlaß doch bereits aufgegeben. Das Falk'sche
Princip sollte auch formell aufgehoben werden.</Unicode>
         </TextEquiv>
      </TextRegion>
      <TextRegion type="paragraph" id="r_10_4" custom="readingOrder {index:24;}">
         <Coords points="1223,1666 2253,1666 2253,2483 1223,2483"/>
         <TextLine id="tl_164"
                   primaryLanguage="German"
                   custom="readingOrder {index:0;}">
            <Coords points="1304,1667 2251,1667 2251,1708 1304,1708"/>
            <Baseline points="1304,1699 1359,1698 1576,1698 1636,1700 1661,1699 1686,1699 1713,1699 1742,1699 1764,1699 1796,1699 1823,1700 1843,1699 1865,1699 2078,1698 2251,1699"/>
            <TextEquiv>
               <Unicode>Die Abgeordneten Kropatschek, Rickert, Eynern</Unicode>
            </TextEquiv>
         </TextLine>
         <TextLine id="tl_165"
                   primaryLanguage="German"
                   custom="readingOrder {index:1;}">
            <Coords points="1225,1706 2251,1706 2251,1748 1225,1748"/>
            <Baseline points="1225,1737 1279,1737 1350,1735 1589,1737 1679,1736 1725,1737 1852,1738 1941,1738 2101,1739 2156,1738 2251,1738"/>
            <TextEquiv>
               <Unicode>und Zedlitz erklärten kurz im Namen ihrer Parteien, sie sähen</Unicode>
            </TextEquiv>
         </TextLine>
         <TextLine id="tl_166"
                   primaryLanguage="German"
                   custom="readingOrder {index:2;}">
            <Coords points="1226,1745 2251,1745 2251,1786 1226,1786"/>
            <Baseline points="1226,1775 1310,1775 1436,1775 1502,1775 1571,1775 1770,1776 1838,1776 2037,1776 2145,1776 2240,1777 2256,1766"/>
            <TextEquiv>
               <Unicode>keinen Anlaß, in die Erörterung der principiellen Frage einzu⸗</Unicode>
            </TextEquiv>
            <TextStyle fontFamily="Times New Roman" fontSize="6.5"/>
         </TextLine>
         <TextLine id="tl_167"
                   primaryLanguage="German"
                   custom="readingOrder {index:3;}">
            <Coords points="1225,1784 2251,1784 2251,1824 1225,1824"/>
            <Baseline points="1225,1813 1314,1813 1411,1813 1636,1814 1772,1814 1846,1815 1970,1816 2092,1815 2176,1817 2251,1815"/>
            <TextEquiv>
               <Unicode>treten. Die Abgeordneten Eynern und Zedlitz dankten noch dem</Unicode>
            </TextEquiv>
            <TextStyle fontFamily="Times New Roman" fontSize="6.5"/>
         </TextLine>
         <TextLine id="tl_168"
                   primaryLanguage="German"
                   custom="readingOrder {index:4;}">
            <Coords points="1226,1815 2251,1815 2251,1863 1226,1863"/>
            <Baseline points="1226,1857 1446,1853 1512,1853 1596,1853 1776,1853 1833,1853 1880,1854 1986,1855 2174,1855 2252,1855"/>
            <TextEquiv>
               <Unicode>Cultusminister für seine Erklärung. — Abg. Motty sagte, daß</Unicode>
            </TextEquiv>
         </TextLine>
         <TextLine id="tl_169"
                   primaryLanguage="German"
                   custom="readingOrder {index:5;}">
            <Coords points="1225,1861 2249,1861 2249,1901 1225,1901"/>
            <Baseline points="1225,1891 1264,1892 1317,1892 1350,1892 1372,1892 1393,1891 1423,1892 1491,1891 1542,1893 1564,1892 1591,1892 1620,1891 1646,1892 1670,1891 1703,1892 1732,1892 1753,1891 1774,1892 1823,1892 2249,1893"/>
            <TextEquiv>
               <Unicode>die Polen den Standpunkt des Interpellanten</Unicode>
            </TextEquiv>
         </TextLine>
         <TextLine id="tl_170"
                   primaryLanguage="German"
                   custom="readingOrder {index:6;}">
            <Coords points="1226,1900 2251,1900 2251,1941 1226,1941"/>
            <Baseline points="1226,1930 1384,1929 1442,1930 1531,1929 1707,1931 1873,1931 1949,1931 2108,1931 2251,1932"/>
            <TextEquiv>
               <Unicode>einnehmen. — Abg. Bachem bemerkte, die Parteien flüchten</Unicode>
            </TextEquiv>
            <TextStyle fontFamily="Times New Roman" fontSize="6.5"/>
         </TextLine>
         <TextLine id="tl_171"
                   primaryLanguage="German"
                   custom="readingOrder {index:7;}">
            <Coords points="1225,1938 2252,1938 2252,1979 1225,1979"/>
            <Baseline points="1225,1969 1275,1970 1369,1969 1427,1968 1615,1971 1666,1969 1843,1969 1944,1969 2012,1969 2129,1970 2252,1971"/>
            <TextEquiv>
               <Unicode>sich, um die Erörterung zu vermeiden, hinter den breiten Rücken</Unicode>
            </TextEquiv>
            <TextStyle fontFamily="Times New Roman" fontSize="6.5"/>
         </TextLine>
         <TextLine id="tl_172"
                   primaryLanguage="German"
                   custom="readingOrder {index:8;}">
            <Coords points="1226,1976 2249,1976 2249,2018 1226,2018"/>
            <Baseline points="1226,2007 1270,2007 1537,2007 1625,2008 1762,2008 1832,2007 1920,2008 2042,2008 2251,2006"/>
            <TextEquiv>
               <Unicode>des Cultusministers. So kommen wir nicht weiter! (Heiterkeit.)</Unicode>
            </TextEquiv>
            <TextStyle fontFamily="Times New Roman" fontSize="6.5"/>
         </TextLine>
         <TextLine id="tl_173"
                   primaryLanguage="German"
                   custom="readingOrder {index:9;}">
            <Coords points="1226,2015 2251,2015 2251,2055 1226,2055"/>
            <Baseline points="1226,2047 1289,2046 1613,2047 1696,2046 1784,2047 1848,2046 1952,2047 2023,2047 2126,2048 2240,2050 2255,2032"/>
            <TextEquiv>
               <Unicode>Den Religions=Unterricht habe nicht der Staat mit seinen wandel⸗</Unicode>
            </TextEquiv>
            <TextStyle fontFamily="Times New Roman" fontSize="6.5"/>
         </TextLine>
         <TextLine id="tl_174"
                   primaryLanguage="German"
                   custom="readingOrder {index:10;}">
            <Coords points="1225,2054 2251,2054 2251,2096 1225,2096"/>
            <Baseline points="1225,2084 1306,2084 1546,2084 1611,2084 1782,2085 1929,2085 2008,2085 2251,2086"/>
            <TextEquiv>
               <Unicode>baren Anschauungen zu ertheilen, sondern die unwandelbare</Unicode>
            </TextEquiv>
            <TextStyle fontFamily="Times New Roman" fontSize="6.5"/>
         </TextLine>
         <TextLine id="tl_175"
                   primaryLanguage="German"
                   custom="readingOrder {index:11;}">
            <Coords points="1224,2093 2252,2093 2252,2134 1224,2134"/>
            <Baseline points="1224,2126 1342,2125 1403,2122 1450,2125 1720,2123 1845,2124 2065,2125 2252,2125"/>
            <TextEquiv>
               <Unicode>Instanz der Kirche. „Unsere Zeit verlangt völlige</Unicode>
            </TextEquiv>
         </TextLine>
         <TextLine id="tl_176"
                   primaryLanguage="German"
                   custom="readingOrder {index:12;}">
            <Coords points="1225,2131 2252,2131 2252,2172 1225,2172"/>
            <Baseline points="1225,2163 1417,2161 1520,2162 1658,2162 1719,2164 2002,2163 2061,2163 2191,2164 2243,2166 2257,2149"/>
            <TextEquiv>
               <Unicode>Klarheit auf allen Gebieten. Soll im Trüben ge⸗</Unicode>
            </TextEquiv>
         </TextLine>
         <TextLine id="tl_177"
                   primaryLanguage="German"
                   custom="readingOrder {index:13;}">
            <Coords points="1225,2170 2252,2170 2252,2210 1225,2210"/>
            <Baseline points="1225,2202 1293,2201 1437,2201 1530,2201 1615,2201 1663,2201 1733,2200 2173,2202 2252,2202"/>
            <TextEquiv>
               <Unicode>fischt werden? Will man in das Kirchendogma eindringen?“ Die</Unicode>
            </TextEquiv>
            <TextStyle fontFamily="Times New Roman" fontSize="6.5"/>
         </TextLine>
         <TextLine id="tl_178"
                   primaryLanguage="German"
                   custom="readingOrder {index:14;}">
            <Coords points="1225,2209 2251,2209 2251,2250 1225,2250"/>
            <Baseline points="1225,2240 1506,2239 1582,2239 1760,2239 1830,2240 1968,2240 2250,2242"/>
            <TextEquiv>
               <Unicode>Nichtbeantwortung des Ersuchens der Fuldaer Bischofsconferenz,</Unicode>
            </TextEquiv>
            <TextStyle fontFamily="Times New Roman" fontSize="6.5"/>
         </TextLine>
         <TextLine id="tl_179"
                   primaryLanguage="German"
                   custom="readingOrder {index:15;}">
            <Coords points="1225,2247 2252,2247 2252,2289 1225,2289"/>
            <Baseline points="1225,2278 1299,2277 1434,2279 1515,2278 1580,2278 1650,2278 1822,2278 1920,2278 2097,2278 2254,2278"/>
            <TextEquiv>
               <Unicode>schloß Redner, sei für das katholische Volk empörend. Hierauf</Unicode>
            </TextEquiv>
            <TextStyle fontFamily="Times New Roman" fontSize="6.5"/>
         </TextLine>
         <TextLine id="tl_180"
                   primaryLanguage="German"
                   custom="readingOrder {index:16;}">
            <Coords points="1224,2286 2252,2286 2252,2328 1224,2328"/>
            <Baseline points="1226,2319 1310,2316 1345,2317 1420,2318 1819,2316 1900,2319 1953,2317 2255,2321"/>
            <TextEquiv>
               <Unicode>führte der Cultusminister aus, daß die Nichtbeantwortung</Unicode>
            </TextEquiv>
         </TextLine>
         <TextLine id="tl_181"
                   primaryLanguage="German"
                   custom="readingOrder {index:17;}">
            <Coords points="1225,2325 2251,2325 2251,2364 1225,2364"/>
            <Baseline points="1226,2358 1295,2356 1455,2356 1519,2356 1662,2355 1717,2356 1751,2356 1773,2356 1799,2356 1820,2357 1836,2356 1857,2355 1872,2356 1893,2355 1919,2356 1948,2356 1971,2356 1993,2356 2014,2356 2032,2356 2058,2357 2098,2359 2124,2357 2141,2357 2161,2357 2183,2358 2203,2357 2230,2358 2251,2357"/>
            <TextEquiv>
               <Unicode>jenes Ansuchens aus Gründen des confessionellen Friedens</Unicode>
            </TextEquiv>
            <TextStyle fontFamily="Times New Roman" fontSize="6.5"/>
         </TextLine>
         <TextLine id="tl_182"
                   primaryLanguage="German"
                   custom="readingOrder {index:18;}">
            <Coords points="1226,2364 2252,2364 2252,2404 1226,2404"/>
            <Baseline points="1226,2395 1334,2394 1429,2394 1549,2394 1633,2395 1733,2394 1870,2394 1934,2395 2111,2397 2183,2396 2252,2396"/>
            <TextEquiv>
               <Unicode>geschah. Die Sache liege allein zwischen der Regierung und den</Unicode>
            </TextEquiv>
            <TextStyle fontFamily="Times New Roman" fontSize="6.5"/>
         </TextLine>
         <TextLine id="tl_183"
                   primaryLanguage="German"
                   custom="readingOrder {index:19;}">
            <Coords points="1225,2402 2252,2402 2252,2444 1225,2444"/>
            <Baseline points="1225,2434 1370,2433 1438,2433 1552,2433 1628,2434 1687,2434 1790,2434 1958,2434 2252,2436"/>
            <TextEquiv>
               <Unicode>Bischöfen. — Hiemit war die Interpellation erledigt. Nächste</Unicode>
            </TextEquiv>
         </TextLine>
         <TextLine id="tl_184"
                   primaryLanguage="German"
                   custom="readingOrder {index:20;}">
            <Coords points="1226,2441 1537,2441 1537,2482 1226,2482"/>
            <Baseline points="1226,2473 1347,2470 1537,2471"/>
            <TextEquiv>
               <Unicode>Sitzung unbestimmt.</Unicode>
            </TextEquiv>
            <TextStyle fontFamily="Times New Roman" fontSize="6.5"/>
         </TextLine>
         <TextEquiv>
            <Unicode>Die Abgeordneten Kropatschek, Rickert, Eynern
und Zedlitz erklärten kurz im Namen ihrer Parteien, sie sähen
keinen Anlaß, in die Erörterung der principiellen Frage einzu⸗
treten. Die Abgeordneten Eynern und Zedlitz dankten noch dem
Cultusminister für seine Erklärung. — Abg. Motty sagte, daß
die Polen den Standpunkt des Interpellanten
einnehmen. — Abg. Bachem bemerkte, die Parteien flüchten
sich, um die Erörterung zu vermeiden, hinter den breiten Rücken
des Cultusministers. So kommen wir nicht weiter! (Heiterkeit.)
Den Religions=Unterricht habe nicht der Staat mit seinen wandel⸗
baren Anschauungen zu ertheilen, sondern die unwandelbare
Instanz der Kirche. „Unsere Zeit verlangt völlige
Klarheit auf allen Gebieten. Soll im Trüben ge⸗
fischt werden? Will man in das Kirchendogma eindringen?“ Die
Nichtbeantwortung des Ersuchens der Fuldaer Bischofsconferenz,
schloß Redner, sei für das katholische Volk empörend. Hierauf
führte der Cultusminister aus, daß die Nichtbeantwortung
jenes Ansuchens aus Gründen des confessionellen Friedens
geschah. Die Sache liege allein zwischen der Regierung und den
Bischöfen. — Hiemit war die Interpellation erledigt. Nächste
Sitzung unbestimmt.</Unicode>
         </TextEquiv>
      </TextRegion>
      <TextRegion type="paragraph" id="r_11_1" custom="readingOrder {index:25;}">
         <Coords points="1385,2513 2091,2513 2091,2560 1385,2560"/>
         <TextLine id="tl_185"
                   primaryLanguage="German"
                   custom="readingOrder {index:0;}">
            <Coords points="1386,2514 2090,2514 2090,2559 1386,2559"/>
            <Baseline points="1386,2551 1469,2549 1824,2550 1886,2550 2090,2552"/>
            <TextEquiv>
               <Unicode>Der Cabinetswechsel in Serbien.</Unicode>
            </TextEquiv>
            <TextStyle fontFamily="Times New Roman" fontSize="7.5" bold="true"/>
         </TextLine>
         <TextEquiv>
            <Unicode>Der Cabinetswechsel in Serbien.</Unicode>
         </TextEquiv>
      </TextRegion>
      <TextRegion type="paragraph" id="r_11_2" custom="readingOrder {index:26;}">
         <Coords points="1486,2565 1990,2565 1990,2594 1486,2594"/>
         <TextLine id="tl_186"
                   primaryLanguage="German"
                   custom="readingOrder {index:0;}">
            <Coords points="1487,2566 1989,2566 1989,2593 1487,2593"/>
            <Baseline points="1487,2591 1631,2587 1679,2587 1779,2587 1871,2587 1989,2589"/>
            <TextEquiv>
               <Unicode>(Telegramm der „Neuen Freien Presse“.)</Unicode>
            </TextEquiv>
            <TextStyle fontFamily="Times New Roman" fontSize="5.0"/>
         </TextLine>
         <TextEquiv>
            <Unicode>(Telegramm der „Neuen Freien Presse“.)</Unicode>
         </TextEquiv>
      </TextRegion>
      <TextRegion type="paragraph" id="r_11_3" custom="readingOrder {index:27;}">
         <Coords points="1224,2598 2255,2598 2255,3890 1224,3890"/>
         <TextLine id="tl_187"
                   primaryLanguage="German"
                   custom="readingOrder {index:0;}">
            <Coords points="1311,2599 2251,2599 2251,2644 1311,2644"/>
            <Baseline points="1311,2635 1352,2635 1546,2631 1652,2631 1716,2632 1743,2632 1769,2633 1796,2633 1818,2632 1844,2632 1871,2633 1890,2632 1912,2632 2036,2633 2101,2634 2251,2635"/>
            <TextEquiv>
               <Unicode>Belgrad, 5. Juli. Novakovic konnte die Mission</Unicode>
            </TextEquiv>
         </TextLine>
         <TextLine id="tl_188"
                   primaryLanguage="German"
                   custom="readingOrder {index:1;}">
            <Coords points="1225,2641 2251,2641 2251,2685 1225,2685"/>
            <Baseline points="1226,2674 1251,2673 1331,2675 1583,2674 1620,2674 2008,2676 2251,2677"/>
            <TextEquiv>
               <Unicode>zur Bildung eines rein fortschrittliche Cabinets</Unicode>
            </TextEquiv>
         </TextLine>
         <TextLine id="tl_189"
                   primaryLanguage="German"
                   custom="readingOrder {index:2;}">
            <Coords points="1226,2685 2250,2685 2250,2728 1226,2728"/>
            <Baseline points="1226,2718 1321,2717 1361,2718 1780,2717 1903,2720 1989,2719 2147,2721 2250,2720"/>
            <TextEquiv>
               <Unicode>nicht vollführen, versprach jedoch dem Könige, seine</Unicode>
            </TextEquiv>
         </TextLine>
         <TextLine id="tl_190"
                   primaryLanguage="German"
                   custom="readingOrder {index:3;}">
            <Coords points="1225,2728 2251,2728 2251,2772 1225,2772"/>
            <Baseline points="1225,2762 1509,2761 1613,2760 1828,2759 1953,2762 2176,2763 2251,2764"/>
            <TextEquiv>
               <Unicode>Bemühungen zur Bildung eines Cabinets im</Unicode>
            </TextEquiv>
            <TextStyle fontFamily="Times New Roman" fontSize="7.0"/>
         </TextLine>
         <TextLine id="tl_191"
                   primaryLanguage="German"
                   custom="readingOrder {index:4;}">
            <Coords points="1225,2772 2251,2772 2251,2813 1225,2813"/>
            <Baseline points="1225,2804 1395,2803 1490,2803 1729,2804 1818,2804 2251,2806"/>
            <TextEquiv>
               <Unicode>Vereine mit außerhalb der Fortschrittspartei</Unicode>
            </TextEquiv>
            <TextStyle fontFamily="Times New Roman" fontSize="7.0"/>
         </TextLine>
         <TextLine id="tl_192"
                   primaryLanguage="German"
                   custom="readingOrder {index:5;}">
            <Coords points="1225,2814 2252,2814 2252,2858 1225,2858"/>
            <Baseline points="1225,2845 1428,2846 1727,2847 1826,2847 2118,2848 2243,2849 2252,2838"/>
            <TextEquiv>
               <Unicode>stehenden Mitgliedern der Skupschtina fort⸗</Unicode>
            </TextEquiv>
            <TextStyle fontFamily="Times New Roman" fontSize="7.0"/>
         </TextLine>
         <TextLine id="tl_193"
                   primaryLanguage="German"
                   custom="readingOrder {index:6;}">
            <Coords points="1225,2857 2251,2857 2251,2901 1225,2901"/>
            <Baseline points="1225,2890 1397,2888 1501,2889 1572,2890 1921,2889 2100,2890 2251,2892"/>
            <TextEquiv>
               <Unicode>zusetzen. Die Skupschtina wird demnach morgen</Unicode>
            </TextEquiv>
         </TextLine>
         <TextLine id="tl_194"
                   primaryLanguage="German"
                   custom="readingOrder {index:7;}">
            <Coords points="1226,2900 2251,2900 2251,2942 1226,2942"/>
            <Baseline points="1226,2933 1334,2933 1385,2932 1779,2932 1869,2933 1916,2933 1991,2934 2164,2935 2237,2936 2255,2925"/>
            <TextEquiv>
               <Unicode>durch das demissionirte Cabinet Kristic er⸗</Unicode>
            </TextEquiv>
         </TextLine>
         <TextLine id="tl_195"
                   primaryLanguage="German"
                   custom="readingOrder {index:8;}">
            <Coords points="1228,2944 2251,2944 2251,2985 1228,2985"/>
            <Baseline points="1228,2975 1242,2975 1523,2975 1633,2975 1898,2976 2005,2976 2066,2977 2251,2978"/>
            <TextEquiv>
               <Unicode>öffnet werden. Der Gesetzentwurf über das neue</Unicode>
            </TextEquiv>
         </TextLine>
         <TextLine id="tl_196"
                   primaryLanguage="German"
                   custom="readingOrder {index:9;}">
            <Coords points="1225,2987 2249,2987 2249,3029 1225,3029"/>
            <Baseline points="1224,3018 1384,3019 1453,3019 1871,3019 2026,3020 2136,3020 2249,3022"/>
            <TextEquiv>
               <Unicode>Finanz=Arrangement wird morgen nebst einem</Unicode>
            </TextEquiv>
         </TextLine>
         <TextLine id="tl_197"
                   primaryLanguage="German"
                   custom="readingOrder {index:10;}">
            <Coords points="1226,3029 2250,3029 2250,3071 1226,3071"/>
            <Baseline points="1226,3062 1326,3061 1613,3061 1696,3062 1910,3062 2092,3063 2250,3064"/>
            <TextEquiv>
               <Unicode>kurzen Motivenberichte der Skupschtina vorgelegt werden.</Unicode>
            </TextEquiv>
            <TextStyle fontFamily="Times New Roman" fontSize="7.0"/>
         </TextLine>
         <TextLine id="tl_198"
                   primaryLanguage="German"
                   custom="readingOrder {index:11;}">
            <Coords points="1226,3072 2252,3072 2252,3115 1226,3115"/>
            <Baseline points="1226,3106 1297,3104 1398,3104 1762,3105 1851,3105 1936,3105 2132,3106 2185,3107 2212,3107 2241,3109 2251,3095"/>
            <TextEquiv>
               <Unicode>Das neue Finanz=Arrangement gilt als unbedingt ver⸗</Unicode>
            </TextEquiv>
            <TextStyle fontFamily="Times New Roman" fontSize="7.0"/>
         </TextLine>
         <TextLine id="tl_199"
                   primaryLanguage="German"
                   custom="readingOrder {index:12;}">
            <Coords points="1226,3115 2252,3115 2252,3158 1226,3158"/>
            <Baseline points="1226,3147 1236,3147 1265,3147 1293,3146 1319,3147 1369,3145 1453,3147 1636,3147 1690,3147 1762,3147 1976,3148 2048,3148 2197,3150 2252,3150"/>
            <TextEquiv>
               <Unicode>loren; eine Majorität in der Skupschtina für dasselbe ist</Unicode>
            </TextEquiv>
            <TextStyle fontFamily="Times New Roman" fontSize="7.0"/>
         </TextLine>
         <TextLine id="tl_200"
                   primaryLanguage="German"
                   custom="readingOrder {index:13;}">
            <Coords points="1227,3158 2253,3158 2253,3201 1227,3201"/>
            <Baseline points="1227,3191 1312,3189 1388,3189 1503,3190 1691,3190 1746,3192 1922,3190 2253,3193"/>
            <TextEquiv>
               <Unicode>unter gar keinen Umständen zu erwarten. Minister=Präsident</Unicode>
            </TextEquiv>
            <TextStyle fontFamily="Times New Roman" fontSize="7.0"/>
         </TextLine>
         <TextLine id="tl_201"
                   primaryLanguage="German"
                   custom="readingOrder {index:14;}">
            <Coords points="1226,3201 2252,3201 2252,3243 1226,3243"/>
            <Baseline points="1226,3234 1329,3233 1410,3232 1486,3233 1604,3233 1717,3233 1834,3233 1910,3234 1982,3234 2102,3235 2173,3235 2244,3237 2255,3223"/>
            <TextEquiv>
               <Unicode>Kristic will um keinen Preis mehr an der Spitze der Re⸗</Unicode>
            </TextEquiv>
            <TextStyle fontFamily="Times New Roman" fontSize="7.0"/>
         </TextLine>
         <TextLine id="tl_202"
                   primaryLanguage="German"
                   custom="readingOrder {index:15;}">
            <Coords points="1227,3244 2251,3244 2251,3288 1227,3288"/>
            <Baseline points="1229,3279 1342,3278 1489,3276 1560,3276 1695,3276 2040,3277 2169,3278 2255,3279"/>
            <TextEquiv>
               <Unicode>gierung bleiben. In seinem Demissions=Gesuche beklagt sich</Unicode>
            </TextEquiv>
            <TextStyle fontFamily="Times New Roman" fontSize="7.0"/>
         </TextLine>
         <TextLine id="tl_203"
                   primaryLanguage="German"
                   custom="readingOrder {index:16;}">
            <Coords points="1228,3286 2252,3286 2252,3330 1228,3330"/>
            <Baseline points="1228,3319 1281,3319 1507,3319 1632,3319 1726,3319 1875,3319 1936,3320 2124,3322 2252,3322"/>
            <TextEquiv>
               <Unicode>das Ministerium Kristic über Mangel an Vertrauen seitens</Unicode>
            </TextEquiv>
            <TextStyle fontFamily="Times New Roman" fontSize="7.0"/>
         </TextLine>
         <TextLine id="tl_204"
                   primaryLanguage="German"
                   custom="readingOrder {index:17;}">
            <Coords points="1228,3330 2253,3330 2253,3373 1228,3373"/>
            <Baseline points="1228,3362 1277,3362 1416,3362 1520,3362 1763,3362 1950,3362 2116,3364 2253,3366"/>
            <TextEquiv>
               <Unicode>der Krone, über fortwährende Berufung radicaler Führer</Unicode>
            </TextEquiv>
            <TextStyle fontFamily="Times New Roman" fontSize="7.0"/>
         </TextLine>
         <TextLine id="tl_205"
                   primaryLanguage="German"
                   custom="readingOrder {index:18;}">
            <Coords points="1228,3373 2253,3373 2253,3416 1228,3416"/>
            <Baseline points="1228,3406 1266,3406 1342,3405 1430,3406 1509,3405 1602,3405 1678,3405 1768,3405 1823,3406 1843,3405 1885,3405 1908,3406 1932,3406 2114,3407 2241,3409 2253,3399"/>
            <TextEquiv>
               <Unicode>an den Hof und über die von Simic geführten Unter⸗</Unicode>
            </TextEquiv>
            <TextStyle fontFamily="Times New Roman" fontSize="7.0"/>
         </TextLine>
         <TextLine id="tl_206"
                   primaryLanguage="German"
                   custom="readingOrder {index:19;}">
            <Coords points="1227,3415 2253,3415 2253,3458 1227,3458"/>
            <Baseline points="1227,3445 1413,3448 1490,3448 1565,3448 1746,3449 1821,3448 1972,3449 2060,3450 2239,3452 2258,3439"/>
            <TextEquiv>
               <Unicode>handlungen mit den Radicalen zur Bildung eines Coalitions=</Unicode>
            </TextEquiv>
            <TextStyle fontFamily="Times New Roman" fontSize="7.0"/>
         </TextLine>
         <TextLine id="tl_207"
                   primaryLanguage="German"
                   custom="readingOrder {index:20;}">
            <Coords points="1228,3458 2254,3458 2254,3503 1228,3503"/>
            <Baseline points="1228,3491 1379,3490 1473,3491 1713,3491 1769,3493 1897,3492 2254,3495"/>
            <TextEquiv>
               <Unicode>Cabinets. Das fortschrittliche Organ Videlo veröffentlicht</Unicode>
            </TextEquiv>
         </TextLine>
         <TextLine id="tl_208"
                   primaryLanguage="German"
                   custom="readingOrder {index:21;}">
            <Coords points="1229,3502 2253,3502 2253,3546 1229,3546"/>
            <Baseline points="1229,3534 1310,3534 1461,3535 1577,3534 1622,3533 1820,3535 1906,3534 1986,3535 2256,3535"/>
            <TextEquiv>
               <Unicode>einen Artikel, worin die Krone vor der Berufung</Unicode>
            </TextEquiv>
         </TextLine>
         <TextLine id="tl_209"
                   primaryLanguage="German"
                   custom="readingOrder {index:22;}">
            <Coords points="1229,3545 2254,3545 2254,3588 1229,3588"/>
            <Baseline points="1229,3576 1299,3576 1362,3577 1661,3576 1731,3577 1925,3575 2186,3581 2254,3581"/>
            <TextEquiv>
               <Unicode>der Radicalen zur Regierung gewarnt wird, da</Unicode>
            </TextEquiv>
         </TextLine>
         <TextLine id="tl_210"
                   primaryLanguage="German"
                   custom="readingOrder {index:23;}">
            <Coords points="1229,3588 2254,3588 2254,3632 1229,3632"/>
            <Baseline points="1231,3623 1265,3620 1362,3620 1415,3620 1516,3620 1683,3620 1846,3620 1939,3621 2134,3623 2254,3624"/>
            <TextEquiv>
               <Unicode>sie sonst in einer künftigen kritischen Lage Niemanden finden</Unicode>
            </TextEquiv>
            <TextStyle fontFamily="Times New Roman" fontSize="7.0"/>
         </TextLine>
         <TextLine id="tl_211"
                   primaryLanguage="German"
                   custom="readingOrder {index:24;}">
            <Coords points="1228,3631 2254,3631 2254,3674 1228,3674"/>
            <Baseline points="1228,3663 1322,3663 1384,3663 1441,3662 1550,3663 1617,3663 1790,3663 1830,3663 2254,3666"/>
            <TextEquiv>
               <Unicode>wird, der sie gegen die Radicalen schütze. Gerüchtweise</Unicode>
            </TextEquiv>
         </TextLine>
         <TextLine id="tl_212"
                   primaryLanguage="German"
                   custom="readingOrder {index:25;}">
            <Coords points="1228,3673 2254,3673 2254,3716 1228,3716"/>
            <Baseline points="1228,3706 1396,3705 1442,3705 1706,3706 1986,3707 2153,3709 2254,3710"/>
            <TextEquiv>
               <Unicode>verlautet, das morgige Amtsblatt werde ein</Unicode>
            </TextEquiv>
         </TextLine>
         <TextLine id="tl_213"
                   primaryLanguage="German"
                   custom="readingOrder {index:26;}">
            <Coords points="1227,3717 2254,3717 2254,3760 1227,3760"/>
            <Baseline points="1227,3749 1490,3749 1818,3749 1919,3749 2065,3751 2253,3753"/>
            <TextEquiv>
               <Unicode>königliches Handschreiben mit einer warmen</Unicode>
            </TextEquiv>
            <TextStyle fontFamily="Times New Roman" fontSize="7.0"/>
         </TextLine>
         <TextLine id="tl_214"
                   primaryLanguage="German"
                   custom="readingOrder {index:27;}">
            <Coords points="1228,3760 2254,3760 2254,3803 1228,3803"/>
            <Baseline points="1228,3793 1536,3790 1838,3793 1929,3792 2093,3795 2254,3795"/>
            <TextEquiv>
               <Unicode>Vertrauens=Kundgebung für Nikola Kristic</Unicode>
            </TextEquiv>
            <TextStyle fontFamily="Times New Roman" fontSize="7.0"/>
         </TextLine>
         <TextLine id="tl_215"
                   primaryLanguage="German"
                   custom="readingOrder {index:28;}">
            <Coords points="1228,3803 2254,3803 2254,3847 1228,3847"/>
            <Baseline points="1228,3835 1390,3833 1457,3835 1617,3835 1664,3836 1900,3836 1984,3837 2056,3838 2254,3839"/>
            <TextEquiv>
               <Unicode>enthalten, um denselben zu bestimmen, an der Spitze</Unicode>
            </TextEquiv>
         </TextLine>
         <TextLine id="tl_216"
                   primaryLanguage="German"
                   custom="readingOrder {index:29;}">
            <Coords points="1228,3846 1931,3846 1931,3889 1228,3889"/>
            <Baseline points="1228,3878 1245,3878 1271,3878 1298,3878 1351,3879 1376,3878 1406,3881 1426,3878 1452,3878 1480,3878 1512,3878 1544,3878 1579,3878 1606,3878 1641,3878 1680,3878 1706,3879 1734,3879 1763,3879 1786,3879 1812,3879 1834,3879 1862,3879 1888,3879 1931,3879"/>
            <TextEquiv>
               <Unicode>der Regierung zu verbleiben.</Unicode>
            </TextEquiv>
            <TextStyle fontFamily="Times New Roman" fontSize="7.0"/>
         </TextLine>
         <TextEquiv>
            <Unicode>Belgrad, 5. Juli. Novakovic konnte die Mission
zur Bildung eines rein fortschrittliche Cabinets
nicht vollführen, versprach jedoch dem Könige, seine
Bemühungen zur Bildung eines Cabinets im
Vereine mit außerhalb der Fortschrittspartei
stehenden Mitgliedern der Skupschtina fort⸗
zusetzen. Die Skupschtina wird demnach morgen
durch das demissionirte Cabinet Kristic er⸗
öffnet werden. Der Gesetzentwurf über das neue
Finanz=Arrangement wird morgen nebst einem
kurzen Motivenberichte der Skupschtina vorgelegt werden.
Das neue Finanz=Arrangement gilt als unbedingt ver⸗
loren; eine Majorität in der Skupschtina für dasselbe ist
unter gar keinen Umständen zu erwarten. Minister=Präsident
Kristic will um keinen Preis mehr an der Spitze der Re⸗
gierung bleiben. In seinem Demissions=Gesuche beklagt sich
das Ministerium Kristic über Mangel an Vertrauen seitens
der Krone, über fortwährende Berufung radicaler Führer
an den Hof und über die von Simic geführten Unter⸗
handlungen mit den Radicalen zur Bildung eines Coalitions=
Cabinets. Das fortschrittliche Organ Videlo veröffentlicht
einen Artikel, worin die Krone vor der Berufung
der Radicalen zur Regierung gewarnt wird, da
sie sonst in einer künftigen kritischen Lage Niemanden finden
wird, der sie gegen die Radicalen schütze. Gerüchtweise
verlautet, das morgige Amtsblatt werde ein
königliches Handschreiben mit einer warmen
Vertrauens=Kundgebung für Nikola Kristic
enthalten, um denselben zu bestimmen, an der Spitze
der Regierung zu verbleiben.</Unicode>
         </TextEquiv>
      </TextRegion>
      <TextRegion type="paragraph" id="r_11_4" custom="readingOrder {index:28;}">
         <Coords points="1485,3903 1988,3903 1988,3933 1485,3933"/>
         <TextLine id="tl_217"
                   primaryLanguage="German"
                   custom="readingOrder {index:0;}">
            <Coords points="1486,3904 1987,3904 1987,3932 1486,3932"/>
            <Baseline points="1487,3927 1639,3925 1689,3926 1990,3927"/>
            <TextEquiv>
               <Unicode>(Telegramme des Correspondenz=Bureau.)</Unicode>
            </TextEquiv>
            <TextStyle fontFamily="Times New Roman" fontSize="5.0"/>
         </TextLine>
         <TextEquiv>
            <Unicode>(Telegramme des Correspondenz=Bureau.)</Unicode>
         </TextEquiv>
      </TextRegion>
      <TextRegion type="paragraph" id="r_11_5" custom="readingOrder {index:29;}">
         <Coords points="1225,3937 2256,3937 2256,4154 1225,4154"/>
         <TextLine id="tl_218"
                   primaryLanguage="German"
                   custom="readingOrder {index:0;}">
            <Coords points="1313,3938 2254,3938 2254,3983 1313,3983"/>
            <Baseline points="1313,3974 1354,3974 1560,3971 1675,3972 1778,3972 1968,3974 2056,3973 2254,3976"/>
            <TextEquiv>
               <Unicode>Belgrad, 5. Juli. Die Meldung der Kölnischen</Unicode>
            </TextEquiv>
         </TextLine>
         <TextLine id="tl_219"
                   primaryLanguage="German"
                   custom="readingOrder {index:1;}">
            <Coords points="1226,3983 2254,3983 2254,4025 1226,4025"/>
            <Baseline points="1226,4015 1360,4013 1444,4015 1512,4014 1548,4016 1581,4013 1612,4014 1641,4014 1674,4014 1695,4015 1728,4015 1754,4015 1776,4014 1804,4014 1833,4014 1855,4015 1888,4018 1955,4015 1988,4016 2254,4018"/>
            <TextEquiv>
               <Unicode>Zeitung, daß der Finanzbeirath die in Karlsbad</Unicode>
            </TextEquiv>
         </TextLine>
         <TextLine id="tl_220"
                   primaryLanguage="German"
                   custom="readingOrder {index:2;}">
            <Coords points="1228,4025 2255,4025 2255,4068 1228,4068"/>
            <Baseline points="1230,4057 1323,4057 1723,4058 2131,4060 2241,4060 2260,4049"/>
            <TextEquiv>
               <Unicode>getroffenen finanziellen Vereinbarungen ver⸗</Unicode>
            </TextEquiv>
         </TextLine>
         <TextLine id="tl_221"
                   primaryLanguage="German"
                   custom="readingOrder {index:3;}">
            <Coords points="1227,4068 2254,4068 2254,4110 1227,4110"/>
            <Baseline points="1227,4100 1253,4100 1502,4100 1608,4100 1701,4100 1926,4101 2039,4102 2091,4103 2244,4104 2259,4093"/>
            <TextEquiv>
               <Unicode>worfen hätte, wird von competenter Seite als voll⸗</Unicode>
            </TextEquiv>
         </TextLine>
         <TextLine id="tl_222"
                   primaryLanguage="German"
                   custom="readingOrder {index:4;}">
            <Coords points="1228,4111 1782,4111 1782,4153 1228,4153"/>
            <Baseline points="1227,4142 1366,4143 1421,4143 1782,4144"/>
            <TextEquiv>
               <Unicode>ständig unrichtig bezeichnet.</Unicode>
            </TextEquiv>
         </TextLine>
         <TextEquiv>
            <Unicode>Belgrad, 5. Juli. Die Meldung der Kölnischen
Zeitung, daß der Finanzbeirath die in Karlsbad
getroffenen finanziellen Vereinbarungen ver⸗
worfen hätte, wird von competenter Seite als voll⸗
ständig unrichtig bezeichnet.</Unicode>
         </TextEquiv>
      </TextRegion>
      <TextRegion type="paragraph" id="r_11_6" custom="readingOrder {index:30;}">
         <Coords points="1226,4159 2256,4159 2256,4292 1226,4292"/>
         <TextLine id="tl_223"
                   primaryLanguage="German"
                   custom="readingOrder {index:0;}">
            <Coords points="1314,4160 2255,4160 2255,4205 1314,4205"/>
            <Baseline points="1314,4196 1353,4196 1575,4194 1702,4194 1780,4196 2255,4199"/>
            <TextEquiv>
               <Unicode>Belgrad, 5. Juli. Die außerordentliche</Unicode>
            </TextEquiv>
         </TextLine>
         <TextLine id="tl_224"
                   primaryLanguage="German"
                   custom="readingOrder {index:1;}">
            <Coords points="1227,4205 2255,4205 2255,4249 1227,4249"/>
            <Baseline points="1227,4238 1399,4237 1497,4237 1563,4237 1907,4237 2051,4240 2126,4240 2169,4241 2255,4241"/>
            <TextEquiv>
               <Unicode>Session der Skupschtina wird morgen um 8 Uhr</Unicode>
            </TextEquiv>
         </TextLine>
         <TextLine id="tl_225"
                   primaryLanguage="German"
                   custom="readingOrder {index:2;}">
            <Coords points="1228,4248 2135,4248 2135,4291 1228,4291"/>
            <Baseline points="1229,4280 1312,4282 1408,4281 1494,4279 1721,4281 1846,4281 1990,4282 2135,4283"/>
            <TextEquiv>
               <Unicode>Früh durch das Ministerium Kristic eröffnet werden.</Unicode>
            </TextEquiv>
            <TextStyle fontFamily="Times New Roman" fontSize="7.0"/>
         </TextLine>
         <TextEquiv>
            <Unicode>Belgrad, 5. Juli. Die außerordentliche
Session der Skupschtina wird morgen um 8 Uhr
Früh durch das Ministerium Kristic eröffnet werden.</Unicode>
         </TextEquiv>
      </TextRegion>
      <TextRegion type="paragraph" id="r_12_1" custom="readingOrder {index:31;}">
         <Coords points="1228,4338 2256,4338 2256,4728 1228,4728"/>
         <TextLine id="tl_226"
                   primaryLanguage="German"
                   custom="readingOrder {index:0;}">
            <Coords points="1308,4339 2255,4339 2255,4380 1308,4380"/>
            <Baseline points="1308,4371 1425,4371 1521,4369 1658,4372 1743,4371 1796,4371 1851,4370 1937,4374 2072,4372 2168,4372 2255,4374"/>
            <TextEquiv>
               <Unicode>[Telegr. der „N. Fr. Pr.“] Prag, 8. Juli. Die</Unicode>
            </TextEquiv>
         </TextLine>
         <TextLine id="tl_227"
                   primaryLanguage="German"
                   custom="readingOrder {index:1;}">
            <Coords points="1229,4377 2255,4377 2255,4419 1229,4419"/>
            <Baseline points="1230,4409 1563,4408 1609,4410 2032,4410 2091,4411 2186,4412 2257,4411"/>
            <TextEquiv>
               <Unicode>Buschtiehrader Eisenbahn vereinnahmte im Juni auf</Unicode>
            </TextEquiv>
         </TextLine>
         <TextLine id="tl_228"
                   primaryLanguage="German"
                   custom="readingOrder {index:2;}">
            <Coords points="1229,4416 2253,4416 2253,4461 1229,4461"/>
            <Baseline points="1229,4446 1273,4447 1407,4446 1553,4447 1601,4446 1678,4449 1761,4446 1839,4447 1907,4447 1945,4448 2078,4449 2214,4450 2253,4451"/>
            <TextEquiv>
               <Unicode>der A-Linie 270,798 fl. (+ 6200 fl.) auf der B-Linie 435,657 fl.</Unicode>
            </TextEquiv>
            <TextStyle fontFamily="Times New Roman" fontSize="6.5"/>
         </TextLine>
         <TextLine id="tl_229"
                   primaryLanguage="German"
                   custom="readingOrder {index:3;}">
            <Coords points="1230,4455 2255,4455 2255,4496 1230,4496"/>
            <Baseline points="1229,4489 1287,4488 1407,4485 1478,4484 1564,4484 1808,4486 1914,4486 1997,4487 2082,4488 2255,4486"/>
            <TextEquiv>
               <Unicode>(+ 17,400 fl.). Die Mehreinnahme rührt aus dem Personen⸗</Unicode>
            </TextEquiv>
            <TextStyle fontFamily="Times New Roman" fontSize="6.5"/>
         </TextLine>
         <TextLine id="tl_230"
                   primaryLanguage="German"
                   custom="readingOrder {index:4;}">
            <Coords points="1229,4489 2255,4489 2255,4535 1229,4535"/>
            <Baseline points="1229,4524 1341,4523 1399,4524 1502,4523 1585,4524 1831,4524 1922,4524 2091,4526 2190,4527 2255,4528"/>
            <TextEquiv>
               <Unicode>verkehre in Folge der Pfingstfeiertage her. Dagegen hatte der</Unicode>
            </TextEquiv>
            <TextStyle fontFamily="Times New Roman" fontSize="6.5"/>
         </TextLine>
         <TextLine id="tl_231"
                   primaryLanguage="German"
                   custom="readingOrder {index:5;}">
            <Coords points="1230,4531 2254,4531 2254,4572 1230,4572"/>
            <Baseline points="1230,4564 1419,4562 1523,4562 1663,4562 1760,4563 1953,4565 2035,4564 2113,4566 2254,4567"/>
            <TextEquiv>
               <Unicode>Güterverkehr einen Ausfall. Die Regulirung für den Februar</Unicode>
            </TextEquiv>
            <TextStyle fontFamily="Times New Roman" fontSize="6.5"/>
         </TextLine>
         <TextLine id="tl_232"
                   primaryLanguage="German"
                   custom="readingOrder {index:6;}">
            <Coords points="1229,4571 2254,4571 2254,4610 1229,4610"/>
            <Baseline points="1229,4600 1306,4600 1384,4600 1439,4601 1572,4601 1640,4601 1735,4601 1807,4602 1901,4601 2003,4601 2073,4601 2121,4603 2254,4604"/>
            <TextEquiv>
               <Unicode>ergab auf der A-Linie ein Plus von 4691 fl., auf der B-Linie</Unicode>
            </TextEquiv>
            <TextStyle fontFamily="Times New Roman" fontSize="6.5"/>
         </TextLine>
         <TextLine id="tl_233"
                   primaryLanguage="German"
                   custom="readingOrder {index:7;}">
            <Coords points="1230,4609 2254,4609 2254,4651 1230,4651"/>
            <Baseline points="1230,4639 1271,4639 1365,4639 1450,4639 1576,4640 1627,4639 1723,4640 1894,4640 1969,4641 2082,4642 2254,4644"/>
            <TextEquiv>
               <Unicode>ein Plus von 16,104 fl. Die Einnahme des ersten Semesters</Unicode>
            </TextEquiv>
            <TextStyle fontFamily="Times New Roman" fontSize="6.5"/>
         </TextLine>
         <TextLine id="tl_234"
                   primaryLanguage="German"
                   custom="readingOrder {index:8;}">
            <Coords points="1229,4647 2253,4647 2253,4690 1229,4690"/>
            <Baseline points="1231,4676 1307,4678 1376,4678 1445,4677 1528,4678 1662,4678 1734,4678 1901,4678 1952,4678 2039,4681 2181,4681 2254,4684"/>
            <TextEquiv>
               <Unicode>stellte sich auf der A-Linie auf 1.694,511 fl. (+ 110.187 fl.),</Unicode>
            </TextEquiv>
            <TextStyle fontFamily="Times New Roman" fontSize="6.5"/>
         </TextLine>
         <TextLine id="tl_235"
                   primaryLanguage="German"
                   custom="readingOrder {index:9;}">
            <Coords points="1229,4686 2040,4686 2040,4727 1229,4727"/>
            <Baseline points="1229,4716 1270,4716 1333,4716 1466,4717 1541,4720 1708,4717 1757,4716 1839,4720 1978,4718 2041,4720"/>
            <TextEquiv>
               <Unicode>bei der B-Linie auf 2.669,788 fl. (+ 156,018 fl.)</Unicode>
            </TextEquiv>
            <TextStyle fontFamily="Times New Roman" fontSize="6.5"/>
         </TextLine>
         <TextEquiv>
            <Unicode>[Telegr. der „N. Fr. Pr.“] Prag, 8. Juli. Die
Buschtiehrader Eisenbahn vereinnahmte im Juni auf
der A-Linie 270,798 fl. (+ 6200 fl.) auf der B-Linie 435,657 fl.
(+ 17,400 fl.). Die Mehreinnahme rührt aus dem Personen⸗
verkehre in Folge der Pfingstfeiertage her. Dagegen hatte der
Güterverkehr einen Ausfall. Die Regulirung für den Februar
ergab auf der A-Linie ein Plus von 4691 fl., auf der B-Linie
ein Plus von 16,104 fl. Die Einnahme des ersten Semesters
stellte sich auf der A-Linie auf 1.694,511 fl. (+ 110.187 fl.),
bei der B-Linie auf 2.669,788 fl. (+ 156,018 fl.)</Unicode>
         </TextEquiv>
      </TextRegion>
      <TextRegion type="paragraph" id="r_12_2" custom="readingOrder {index:32;}">
         <Coords points="1227,4731 2256,4731 2256,4887 1227,4887"/>
         <TextLine id="tl_236"
                   primaryLanguage="German"
                   custom="readingOrder {index:0;}">
            <Coords points="1308,4732 2254,4732 2254,4774 1308,4774"/>
            <Baseline points="1310,4763 1462,4763 1536,4765 1735,4764 1831,4764 2031,4766 2130,4767 2254,4768"/>
            <TextEquiv>
               <Unicode>[Telegr.] Lemberg, 5. Juli. Statthalter Graf Badeni</Unicode>
            </TextEquiv>
         </TextLine>
         <TextLine id="tl_237"
                   primaryLanguage="German"
                   custom="readingOrder {index:1;}">
            <Coords points="1228,4772 2254,4772 2254,4813 1228,4813"/>
            <Baseline points="1227,4803 1274,4802 1420,4803 1487,4803 1548,4802 1660,4802 1846,4803 2076,4802 2254,4806"/>
            <TextEquiv>
               <Unicode>hat gestattet, daß die behufs gründlicher Desinficirung geschlossene</Unicode>
            </TextEquiv>
            <TextStyle fontFamily="Times New Roman" fontSize="6.5"/>
         </TextLine>
         <TextLine id="tl_238"
                   primaryLanguage="German"
                   custom="readingOrder {index:2;}">
            <Coords points="1229,4803 2255,4803 2255,4850 1229,4850"/>
            <Baseline points="1229,4842 1255,4842 1770,4842 1876,4843 1942,4843 1989,4843 2028,4842 2082,4845 2230,4845 2255,4845"/>
            <TextEquiv>
               <Unicode>Confinirungs=Anstalt in Biala am 8. d. M. wieder</Unicode>
            </TextEquiv>
         </TextLine>
         <TextLine id="tl_239"
                   primaryLanguage="German"
                   custom="readingOrder {index:3;}">
            <Coords points="1229,4849 1519,4849 1519,4886 1229,4886"/>
            <Baseline points="1229,4879 1241,4879 1519,4879"/>
            <TextEquiv>
               <Unicode>eröffnet werde.</Unicode>
            </TextEquiv>
         </TextLine>
         <TextEquiv>
            <Unicode>[Telegr.] Lemberg, 5. Juli. Statthalter Graf Badeni
hat gestattet, daß die behufs gründlicher Desinficirung geschlossene
Confinirungs=Anstalt in Biala am 8. d. M. wieder
eröffnet werde.</Unicode>
         </TextEquiv>
      </TextRegion>
      <TextRegion type="paragraph" id="r_12_3" custom="readingOrder {index:33;}">
         <Coords points="1227,4893 2255,4893 2255,5131 1227,5131"/>
         <TextLine id="tl_240"
                   primaryLanguage="German"
                   custom="readingOrder {index:0;}">
            <Coords points="1308,4894 2253,4894 2253,4939 1308,4939"/>
            <Baseline points="1308,4928 1463,4926 1578,4927 1696,4927 1792,4928 1918,4928 2059,4929 2124,4930 2253,4931"/>
            <TextEquiv>
               <Unicode>[Telegr.] Paris, 5. Juli. Durch Beschluß der hiesigen</Unicode>
            </TextEquiv>
         </TextLine>
         <TextLine id="tl_241"
                   primaryLanguage="German"
                   custom="readingOrder {index:1;}">
            <Coords points="1229,4935 2253,4935 2253,4976 1229,4976"/>
            <Baseline points="1229,4964 1374,4965 1534,4965 1610,4965 1669,4966 1784,4967 1858,4968 2076,4968 2123,4969 2239,4970 2258,4962"/>
            <TextEquiv>
               <Unicode>Chambre Syndicale sind die Actien und Obligationen der Tri⸗</Unicode>
            </TextEquiv>
         </TextLine>
         <TextLine id="tl_242"
                   primaryLanguage="German"
                   custom="readingOrder {index:2;}">
            <Coords points="1229,4973 2254,4973 2254,5015 1229,5015"/>
            <Baseline points="1229,5003 1353,5003 1401,5005 1427,5004 1560,5004 1607,5007 1630,5004 1748,5006 1771,5005 1840,5005 1873,5006 1899,5006 2022,5006 2100,5008 2148,5007 2254,5009"/>
            <TextEquiv>
               <Unicode>failer Kohlenwerksgesellschaft, sowie auch die Actien</Unicode>
            </TextEquiv>
         </TextLine>
         <TextLine id="tl_243"
                   primaryLanguage="German"
                   custom="readingOrder {index:3;}">
            <Coords points="1228,5012 2253,5012 2253,5052 1228,5052"/>
            <Baseline points="1228,5042 1243,5042 1353,5044 1762,5045 1785,5044 1813,5044 1838,5044 1861,5043 1890,5044 1913,5044 1945,5043 1999,5046 2025,5045 2051,5046 2075,5046 2103,5046 2127,5046 2151,5046 2176,5046 2200,5047 2222,5047 2238,5049 2255,5035"/>
            <TextEquiv>
               <Unicode>der Oesterreichischen Central=Bodencredit⸗</Unicode>
            </TextEquiv>
         </TextLine>
         <TextLine id="tl_244"
                   primaryLanguage="German"
                   custom="readingOrder {index:4;}">
            <Coords points="1229,5050 2253,5050 2253,5091 1229,5091"/>
            <Baseline points="1229,5080 1243,5080 1270,5080 1300,5080 1322,5080 1371,5081 1469,5080 1555,5081 1660,5081 1726,5082 1793,5082 1952,5084 2007,5086 2033,5084 2055,5085 2078,5085 2156,5085 2253,5086"/>
            <TextEquiv>
               <Unicode>bank in Wien von heute ab zur officiellen Cote an der</Unicode>
            </TextEquiv>
            <TextStyle fontFamily="Times New Roman" fontSize="6.5"/>
         </TextLine>
         <TextLine id="tl_245"
                   primaryLanguage="German"
                   custom="readingOrder {index:5;}">
            <Coords points="1228,5089 1795,5089 1795,5130 1228,5130"/>
            <Baseline points="1227,5120 1393,5119 1536,5119 1794,5121"/>
            <TextEquiv>
               <Unicode>Pariser Börse zugelassen.</Unicode>
            </TextEquiv>
            <TextStyle fontFamily="Times New Roman" fontSize="6.5"/>
         </TextLine>
         <TextEquiv>
            <Unicode>[Telegr.] Paris, 5. Juli. Durch Beschluß der hiesigen
Chambre Syndicale sind die Actien und Obligationen der Tri⸗
failer Kohlenwerksgesellschaft, sowie auch die Actien
der Oesterreichischen Central=Bodencredit⸗
bank in Wien von heute ab zur officiellen Cote an der
Pariser Börse zugelassen.</Unicode>
         </TextEquiv>
      </TextRegion>
      <TextRegion type="paragraph" id="r_12_4" custom="readingOrder {index:34;}">
         <Coords points="1225,5135 2253,5135 2253,5209 1225,5209"/>
         <TextLine id="tl_246"
                   primaryLanguage="German"
                   custom="readingOrder {index:0;}">
            <Coords points="1304,5136 2252,5136 2252,5178 1304,5178"/>
            <Baseline points="1304,5166 1456,5166 1539,5168 1734,5167 1824,5168 1975,5170 2092,5171 2252,5171"/>
            <TextEquiv>
               <Unicode>[Telegr.] Glasgow, 5. Juli. Roheisen Mixed Numbers</Unicode>
            </TextEquiv>
         </TextLine>
         <TextLine id="tl_247"
                   primaryLanguage="German"
                   custom="readingOrder {index:1;}">
            <Coords points="1226,5173 1583,5173 1583,5208 1226,5208"/>
            <Baseline points="1226,5208 1376,5206 1434,5206 1498,5206 1536,5205 1583,5206"/>
            <TextEquiv>
               <Unicode>Warrants 44 sh. 6 d.</Unicode>
            </TextEquiv>
            <TextStyle fontFamily="Times New Roman" fontSize="6.5"/>
         </TextLine>
         <TextEquiv>
            <Unicode>[Telegr.] Glasgow, 5. Juli. Roheisen Mixed Numbers
Warrants 44 sh. 6 d.</Unicode>
         </TextEquiv>
      </TextRegion>
      <TextRegion type="paragraph" id="r_13_1" custom="readingOrder {index:35;}">
         <Coords points="2513,283 3091,283 3091,367 2513,367"/>
         <TextLine id="tl_248"
                   primaryLanguage="German"
                   custom="readingOrder {index:0;}">
            <Coords points="2514,284 3090,284 3090,366 2514,366"/>
            <Baseline points="2514,356 2650,356 3090,356"/>
            <TextEquiv>
               <Unicode>Der Economist.</Unicode>
            </TextEquiv>
            <TextStyle fontFamily="Times New Roman" fontSize="18.0" bold="true"/>
         </TextLine>
         <TextEquiv>
            <Unicode>Der Economist.</Unicode>
         </TextEquiv>
      </TextRegion>
      <TextRegion type="paragraph" id="r_13_2" custom="readingOrder {index:36;}">
         <Coords points="2371,398 3230,398 3230,520 2371,520"/>
         <TextLine id="tl_249"
                   primaryLanguage="German"
                   custom="readingOrder {index:0;}">
            <Coords points="2372,399 3229,399 3229,461 2372,461"/>
            <Baseline points="2372,451 2455,450 2885,448 2971,448 3129,450 3229,451"/>
            <TextEquiv>
               <Unicode>Das Betriebsreglement im Lichte der</Unicode>
            </TextEquiv>
            <TextStyle fontFamily="Times New Roman" fontSize="11.0" bold="true"/>
         </TextLine>
         <TextLine id="tl_250"
                   primaryLanguage="German"
                   custom="readingOrder {index:1;}">
            <Coords points="2640,462 2969,462 2969,519 2640,519"/>
            <Baseline points="2640,510 2969,509"/>
            <TextEquiv>
               <Unicode>Gerichtspraxis.</Unicode>
            </TextEquiv>
            <TextStyle fontFamily="Times New Roman" fontSize="11.0" bold="true"/>
         </TextLine>
         <TextEquiv>
            <Unicode>Das Betriebsreglement im Lichte der
Gerichtspraxis.</Unicode>
         </TextEquiv>
      </TextRegion>
      <TextRegion type="paragraph" id="r_13_3" custom="readingOrder {index:37;}">
         <Coords points="2675,534 2905,534 2905,562 2675,562"/>
         <TextLine id="tl_251"
                   primaryLanguage="German"
                   custom="readingOrder {index:0;}">
            <Coords points="2676,535 2904,535 2904,561 2676,561"/>
            <Baseline points="2678,559 2773,558 2904,559"/>
            <TextEquiv>
               <Unicode>(Dritter Artikel.*)</Unicode>
            </TextEquiv>
            <TextStyle fontFamily="Times New Roman" fontSize="5.0"/>
         </TextLine>
         <TextEquiv>
            <Unicode>(Dritter Artikel.*)</Unicode>
         </TextEquiv>
      </TextRegion>
      <TextRegion type="paragraph" id="r_13_4" custom="readingOrder {index:38;}">
         <Coords points="3041,561 3286,561 3286,601 3041,601"/>
         <TextLine id="tl_252"
                   primaryLanguage="German"
                   custom="readingOrder {index:0;}">
            <Coords points="3042,562 3285,562 3285,600 3042,600"/>
            <Baseline points="3042,592 3076,592 3196,592 3285,594"/>
            <TextEquiv>
               <Unicode>Wien, 5. Juli.</Unicode>
            </TextEquiv>
         </TextLine>
         <TextEquiv>
            <Unicode>Wien, 5. Juli.</Unicode>
         </TextEquiv>
      </TextRegion>
      <TextRegion type="paragraph" id="r_13_5" custom="readingOrder {index:39;}">
         <Coords points="2290,608 3324,608 3324,3023 2290,3023"/>
         <TextLine id="tl_253"
                   primaryLanguage="German"
                   custom="readingOrder {index:0;}">
            <Coords points="2377,609 3312,609 3312,656 2377,656"/>
            <Baseline points="2375,642 2440,642 2523,643 2576,643 2677,644 2887,645 3038,645 3111,646 3178,646 3312,647"/>
            <TextEquiv>
               <Unicode>Für eine in einer ungarischen Station an die Adresse</Unicode>
            </TextEquiv>
            <TextStyle fontFamily="Times New Roman" fontSize="7.0"/>
         </TextLine>
         <TextLine id="tl_254"
                   primaryLanguage="German"
                   custom="readingOrder {index:1;}">
            <Coords points="2292,653 3314,653 3314,699 2292,699"/>
            <Baseline points="2292,684 2369,685 2502,686 2732,687 2892,687 3155,688 3314,690"/>
            <TextEquiv>
               <Unicode>eines Wiener Kaufmannes expedirte Waggonladung Roheisen</Unicode>
            </TextEquiv>
            <TextStyle fontFamily="Times New Roman" fontSize="7.0"/>
         </TextLine>
         <TextLine id="tl_255"
                   primaryLanguage="German"
                   custom="readingOrder {index:2;}">
            <Coords points="2292,697 3316,697 3316,741 2292,741"/>
            <Baseline points="2292,727 2388,728 2474,729 2548,729 2643,730 2750,730 2845,731 2953,731 3109,732 3222,733 3316,729"/>
            <TextEquiv>
               <Unicode>wurde am 28. Juli 1891 von einer hiesigen Bahn irr⸗</Unicode>
            </TextEquiv>
            <TextStyle fontFamily="Times New Roman" fontSize="7.0"/>
         </TextLine>
         <TextLine id="tl_256"
                   primaryLanguage="German"
                   custom="readingOrder {index:3;}">
            <Coords points="2292,739 3317,739 3317,783 2292,783"/>
            <Baseline points="2292,770 2429,773 2515,772 2739,772 2831,774 2874,774 2930,774 3139,775 3237,776 3317,777"/>
            <TextEquiv>
               <Unicode>thümlich eine Mehrgebühr von 1 fl. eingehoben und die</Unicode>
            </TextEquiv>
            <TextStyle fontFamily="Times New Roman" fontSize="7.0"/>
         </TextLine>
         <TextLine id="tl_257"
                   primaryLanguage="German"
                   custom="readingOrder {index:4;}">
            <Coords points="2291,782 3318,782 3318,828 2291,828"/>
            <Baseline points="2291,814 2490,816 2586,815 2798,817 2933,817 3028,817 3106,818 3148,818 3227,819 3318,820"/>
            <TextEquiv>
               <Unicode>Rückstellung dieser Mehrgebühr mittelst Klage vom 8. Juli 1894</Unicode>
            </TextEquiv>
            <TextStyle fontFamily="Times New Roman" fontSize="7.0"/>
         </TextLine>
         <TextLine id="tl_258"
                   primaryLanguage="German"
                   custom="readingOrder {index:5;}">
            <Coords points="2292,824 3317,824 3317,870 2292,870"/>
            <Baseline points="2292,856 2432,857 2517,858 2600,858 2785,860 2898,860 2971,860 3106,861 3317,863"/>
            <TextEquiv>
               <Unicode>verlangt. Da eine ungarische Bahn an diesem Transporte</Unicode>
            </TextEquiv>
            <TextStyle fontFamily="Times New Roman" fontSize="7.0"/>
         </TextLine>
         <TextLine id="tl_259"
                   primaryLanguage="German"
                   custom="readingOrder {index:6;}">
            <Coords points="2293,868 3319,868 3319,914 2293,914"/>
            <Baseline points="2293,899 2433,900 2531,902 2669,901 2835,902 2923,903 3040,904 3236,905 3306,908 3318,890"/>
            <TextEquiv>
               <Unicode>betheiligt war, wurde entgegen dem sonst gepflogenen Ge⸗</Unicode>
            </TextEquiv>
            <TextStyle fontFamily="Times New Roman" fontSize="7.0"/>
         </TextLine>
         <TextLine id="tl_260"
                   primaryLanguage="German"
                   custom="readingOrder {index:7;}">
            <Coords points="2292,912 3318,912 3318,958 2292,958"/>
            <Baseline points="2292,942 2409,942 2505,943 2575,944 2755,945 2897,946 3011,946 3091,947 3318,949"/>
            <TextEquiv>
               <Unicode>brauche von der geklagten hiesigen Bahn die Einwendung</Unicode>
            </TextEquiv>
            <TextStyle fontFamily="Times New Roman" fontSize="7.0"/>
         </TextLine>
         <TextLine id="tl_261"
                   primaryLanguage="German"
                   custom="readingOrder {index:8;}">
            <Coords points="2294,954 3318,954 3318,1000 2294,1000"/>
            <Baseline points="2294,985 2430,986 2505,989 2568,986 2849,989 2967,990 3016,989 3087,991 3190,991 3245,992 3318,992"/>
            <TextEquiv>
               <Unicode>erhoben, daß die Klageforderung gemäß §. 61, Absatz 4 des</Unicode>
            </TextEquiv>
            <TextStyle fontFamily="Times New Roman" fontSize="7.0"/>
         </TextLine>
         <TextLine id="tl_262"
                   primaryLanguage="German"
                   custom="readingOrder {index:9;}">
            <Coords points="2292,996 3318,996 3318,1041 2292,1041"/>
            <Baseline points="2292,1031 2400,1028 2742,1031 2834,1031 2980,1032 3063,1032 3210,1034 3318,1035"/>
            <TextEquiv>
               <Unicode>jetzigen Betriebsreglements mit Ablauf des Jahres 1893</Unicode>
            </TextEquiv>
            <TextStyle fontFamily="Times New Roman" fontSize="7.0"/>
         </TextLine>
         <TextLine id="tl_263"
                   primaryLanguage="German"
                   custom="readingOrder {index:10;}">
            <Coords points="2293,1040 3320,1040 3320,1086 2293,1086"/>
            <Baseline points="2293,1071 2417,1071 2487,1072 2591,1073 2773,1074 2885,1075 2964,1072 3040,1075 3169,1076 3315,1079"/>
            <TextEquiv>
               <Unicode>verjährt sei. Dem gegenüber berief sich der Kläger darauf,</Unicode>
            </TextEquiv>
            <TextStyle fontFamily="Times New Roman" fontSize="7.0"/>
         </TextLine>
         <TextLine id="tl_264"
                   primaryLanguage="German"
                   custom="readingOrder {index:11;}">
            <Coords points="2294,1083 3320,1083 3320,1129 2294,1129"/>
            <Baseline points="2294,1114 2351,1114 2441,1114 2644,1117 2738,1116 2924,1115 3016,1117 3205,1121 3320,1116"/>
            <TextEquiv>
               <Unicode>daß seine Forderung auf Rückstellung der gezahlten Mehr⸗</Unicode>
            </TextEquiv>
            <TextStyle fontFamily="Times New Roman" fontSize="7.0"/>
         </TextLine>
         <TextLine id="tl_265"
                   primaryLanguage="German"
                   custom="readingOrder {index:12;}">
            <Coords points="2294,1126 3319,1126 3319,1171 2294,1171"/>
            <Baseline points="2294,1158 2399,1157 2501,1158 2577,1158 2795,1162 2864,1160 2980,1161 3319,1164"/>
            <TextEquiv>
               <Unicode>gebühr schon vor Einführung des neuen Betriebsreglements</Unicode>
            </TextEquiv>
            <TextStyle fontFamily="Times New Roman" fontSize="7.0"/>
         </TextLine>
         <TextLine id="tl_266"
                   primaryLanguage="German"
                   custom="readingOrder {index:13;}">
            <Coords points="2295,1169 3318,1169 3318,1215 2295,1215"/>
            <Baseline points="2295,1200 2457,1200 2522,1201 2605,1201 2746,1203 2830,1203 2924,1203 3246,1206 3318,1207"/>
            <TextEquiv>
               <Unicode>entstanden sei und deßhalb das neue Betriebsreglement auf</Unicode>
            </TextEquiv>
            <TextStyle fontFamily="Times New Roman" fontSize="7.0"/>
         </TextLine>
         <TextLine id="tl_267"
                   primaryLanguage="German"
                   custom="readingOrder {index:14;}">
            <Coords points="2294,1212 3320,1212 3320,1258 2294,1258"/>
            <Baseline points="2297,1242 2365,1243 2572,1243 2648,1244 2745,1246 2954,1247 3098,1248 3223,1249 3320,1250"/>
            <TextEquiv>
               <Unicode>seine Forderung gar nicht angewendet werden könne, weil</Unicode>
            </TextEquiv>
            <TextStyle fontFamily="Times New Roman" fontSize="7.0"/>
         </TextLine>
         <TextLine id="tl_268"
                   primaryLanguage="German"
                   custom="readingOrder {index:15;}">
            <Coords points="2294,1255 3319,1255 3319,1301 2294,1301"/>
            <Baseline points="2294,1286 2365,1288 2411,1286 2455,1287 2513,1286 2578,1287 2643,1287 2709,1288 2840,1288 2934,1290 3166,1291 3316,1290"/>
            <TextEquiv>
               <Unicode>nach §. 5 A. B. G. B. Gesetze nicht zurückwirken können;</Unicode>
            </TextEquiv>
            <TextStyle fontFamily="Times New Roman" fontSize="7.0"/>
         </TextLine>
         <TextLine id="tl_269"
                   primaryLanguage="German"
                   custom="readingOrder {index:16;}">
            <Coords points="2297,1298 3321,1298 3321,1343 2297,1343"/>
            <Baseline points="2297,1329 2434,1329 2525,1329 2577,1330 2712,1332 2759,1332 2866,1331 2927,1332 2992,1333 3057,1333 3123,1334 3211,1336 3321,1336"/>
            <TextEquiv>
               <Unicode>vielmehr habe er gemäß §. 1487 A. B. G. B. das Recht</Unicode>
            </TextEquiv>
            <TextStyle fontFamily="Times New Roman" fontSize="7.0"/>
         </TextLine>
         <TextLine id="tl_270"
                   primaryLanguage="German"
                   custom="readingOrder {index:17;}">
            <Coords points="2295,1342 3321,1342 3321,1386 2295,1386"/>
            <Baseline points="2295,1372 2459,1373 2572,1375 2660,1374 2779,1375 2872,1375 2978,1375 3178,1377 3321,1379"/>
            <TextEquiv>
               <Unicode>erworben, durch drei Jahre lang seine Forderung geltend</Unicode>
            </TextEquiv>
            <TextStyle fontFamily="Times New Roman" fontSize="7.0"/>
         </TextLine>
         <TextLine id="tl_271"
                   primaryLanguage="German"
                   custom="readingOrder {index:18;}">
            <Coords points="2294,1384 3319,1384 3319,1430 2294,1430"/>
            <Baseline points="2291,1418 2326,1415 2473,1415 2567,1416 2706,1417 2861,1418 2965,1420 3129,1420 3205,1421 3305,1423 3322,1413"/>
            <TextEquiv>
               <Unicode>zu machen. Das Gericht erkannte auf Abweisung des Klage⸗</Unicode>
            </TextEquiv>
            <TextStyle fontFamily="Times New Roman" fontSize="7.0"/>
         </TextLine>
         <TextLine id="tl_272"
                   primaryLanguage="German"
                   custom="readingOrder {index:19;}">
            <Coords points="2296,1427 3318,1427 3318,1472 2296,1472"/>
            <Baseline points="2296,1458 2462,1458 2544,1459 2609,1459 2790,1460 2991,1463 3134,1463 3204,1464 3318,1465"/>
            <TextEquiv>
               <Unicode>begehrens, weil die klägerische Forderung verjährt sei. Denn</Unicode>
            </TextEquiv>
            <TextStyle fontFamily="Times New Roman" fontSize="7.0"/>
         </TextLine>
         <TextLine id="tl_273"
                   primaryLanguage="German"
                   custom="readingOrder {index:20;}">
            <Coords points="2294,1469 3319,1469 3319,1516 2294,1516"/>
            <Baseline points="2294,1509 2323,1501 2386,1501 2461,1501 2798,1504 2963,1504 3060,1507 3245,1508 3320,1510"/>
            <TextEquiv>
               <Unicode>§. 61 des Betriebsreglements bestimmt ganz allgemein, daß</Unicode>
            </TextEquiv>
            <TextStyle fontFamily="Times New Roman" fontSize="7.0"/>
         </TextLine>
         <TextLine id="tl_274"
                   primaryLanguage="German"
                   custom="readingOrder {index:21;}">
            <Coords points="2294,1513 3320,1513 3320,1559 2294,1559"/>
            <Baseline points="2292,1545 2515,1544 2631,1545 2745,1545 2916,1547 3132,1548 3204,1549 3320,1552"/>
            <TextEquiv>
               <Unicode>Forderungen, welche durch unrichtige Anwendung der Tarife</Unicode>
            </TextEquiv>
            <TextStyle fontFamily="Times New Roman" fontSize="7.0"/>
         </TextLine>
         <TextLine id="tl_275"
                   primaryLanguage="German"
                   custom="readingOrder {index:22;}">
            <Coords points="2296,1555 3319,1555 3319,1601 2296,1601"/>
            <Baseline points="2296,1587 2361,1587 2474,1586 2756,1589 2943,1591 3042,1593 3091,1591 3207,1593 3319,1594"/>
            <TextEquiv>
               <Unicode>oder durch Rechnungsfehler entstanden sind, in einem Jahre</Unicode>
            </TextEquiv>
            <TextStyle fontFamily="Times New Roman" fontSize="7.0"/>
         </TextLine>
         <TextLine id="tl_276"
                   primaryLanguage="German"
                   custom="readingOrder {index:23;}">
            <Coords points="2294,1598 3321,1598 3321,1643 2294,1643"/>
            <Baseline points="2294,1630 2367,1632 2524,1630 2691,1633 2868,1633 2981,1634 3068,1635 3172,1636 3303,1637 3323,1625"/>
            <TextEquiv>
               <Unicode>nach erfolgter Zahlung verjähren, ohne daß diese Bestim⸗</Unicode>
            </TextEquiv>
            <TextStyle fontFamily="Times New Roman" fontSize="7.0"/>
         </TextLine>
         <TextLine id="tl_277"
                   primaryLanguage="German"
                   custom="readingOrder {index:24;}">
            <Coords points="2296,1642 3322,1642 3322,1688 2296,1688"/>
            <Baseline points="2296,1673 2392,1674 2465,1676 2544,1673 2636,1674 2862,1675 2970,1677 3084,1677 3166,1680 3227,1679 3307,1682 3323,1668"/>
            <TextEquiv>
               <Unicode>mung auf jene Fälle eingeschränkt wird, welche sich seit Ein⸗</Unicode>
            </TextEquiv>
            <TextStyle fontFamily="Times New Roman" fontSize="7.0"/>
         </TextLine>
         <TextLine id="tl_278"
                   primaryLanguage="German"
                   custom="readingOrder {index:25;}">
            <Coords points="2295,1684 3321,1684 3321,1729 2295,1729"/>
            <Baseline points="2295,1714 2411,1716 2497,1717 2613,1717 2949,1719 3106,1720 3186,1722 3321,1723"/>
            <TextEquiv>
               <Unicode>führung des neuen Betriebsreglements ergeben. Es werden</Unicode>
            </TextEquiv>
            <TextStyle fontFamily="Times New Roman" fontSize="7.0"/>
         </TextLine>
         <TextLine id="tl_279"
                   primaryLanguage="German"
                   custom="readingOrder {index:26;}">
            <Coords points="2295,1727 3322,1727 3322,1773 2295,1773"/>
            <Baseline points="2294,1760 2380,1759 2495,1761 2579,1760 2815,1763 2884,1762 3002,1762 3175,1765 3322,1762"/>
            <TextEquiv>
               <Unicode>somit durch diese Bestimmung alle durch unrichtige Anwen⸗</Unicode>
            </TextEquiv>
            <TextStyle fontFamily="Times New Roman" fontSize="7.0"/>
         </TextLine>
         <TextLine id="tl_280"
                   primaryLanguage="German"
                   custom="readingOrder {index:27;}">
            <Coords points="2295,1770 3320,1770 3320,1817 2295,1817"/>
            <Baseline points="2295,1802 2372,1802 2445,1803 2575,1803 2668,1804 2788,1804 3073,1806 3321,1808"/>
            <TextEquiv>
               <Unicode>dung des Tarifs oder durch Rechnungsfehler entstandenen,</Unicode>
            </TextEquiv>
            <TextStyle fontFamily="Times New Roman" fontSize="7.0"/>
         </TextLine>
         <TextLine id="tl_281"
                   primaryLanguage="German"
                   custom="readingOrder {index:28;}">
            <Coords points="2295,1814 3320,1814 3320,1859 2295,1859"/>
            <Baseline points="2294,1847 2346,1845 2433,1845 2504,1845 2674,1847 2759,1847 2903,1848 3243,1851 3320,1847"/>
            <TextEquiv>
               <Unicode>zur Zeit der Giltigkeit des jetzigen Betriebsreglements be⸗</Unicode>
            </TextEquiv>
            <TextStyle fontFamily="Times New Roman" fontSize="7.0"/>
         </TextLine>
         <TextLine id="tl_282"
                   primaryLanguage="German"
                   custom="readingOrder {index:29;}">
            <Coords points="2296,1857 3321,1857 3321,1903 2296,1903"/>
            <Baseline points="2297,1888 2440,1889 2673,1891 2846,1891 2928,1892 3041,1895 3108,1893 3228,1891 3320,1893"/>
            <TextEquiv>
               <Unicode>stehenden Forderungen getroffen. Da jedoch ein Gesetz nicht</Unicode>
            </TextEquiv>
            <TextStyle fontFamily="Times New Roman" fontSize="7.0"/>
         </TextLine>
         <TextLine id="tl_283"
                   primaryLanguage="German"
                   custom="readingOrder {index:30;}">
            <Coords points="2295,1893 3319,1893 3319,1946 2295,1946"/>
            <Baseline points="2297,1928 2467,1932 2533,1932 2629,1932 2695,1933 3137,1937 3208,1936 3265,1937 3319,1939"/>
            <TextEquiv>
               <Unicode>zurückwirkt, so kann die Verjährungs=Bestimmung des §. 61</Unicode>
            </TextEquiv>
            <TextStyle fontFamily="Times New Roman" fontSize="7.0"/>
         </TextLine>
         <TextLine id="tl_284"
                   primaryLanguage="German"
                   custom="readingOrder {index:31;}">
            <Coords points="2296,1943 3320,1943 3320,1990 2296,1990"/>
            <Baseline points="2296,1974 2344,1974 2682,1976 2761,1977 2848,1977 3038,1979 3138,1980 3323,1982"/>
            <TextEquiv>
               <Unicode>des Betriebsreglements erst vom Zeitpunkte ihrer Giltigkeit,</Unicode>
            </TextEquiv>
            <TextStyle fontFamily="Times New Roman" fontSize="7.0"/>
         </TextLine>
         <TextLine id="tl_285"
                   primaryLanguage="German"
                   custom="readingOrder {index:32;}">
            <Coords points="2296,1986 3320,1986 3320,2032 2296,2032"/>
            <Baseline points="2296,2018 2354,2017 2435,2018 2526,2018 2578,2017 2728,2019 2850,2020 2938,2020 3113,2022 3190,2023 3255,2023 3308,2025 3322,2016"/>
            <TextEquiv>
               <Unicode>hier also vom 1. Januar 1893, ihre Wirkung auf die er⸗</Unicode>
            </TextEquiv>
            <TextStyle fontFamily="Times New Roman" fontSize="7.0"/>
         </TextLine>
         <TextLine id="tl_286"
                   primaryLanguage="German"
                   custom="readingOrder {index:33;}">
            <Coords points="2295,2029 3320,2029 3320,2074 2295,2074"/>
            <Baseline points="2295,2060 2426,2060 2658,2062 2855,2063 3085,2065 3154,2067 3215,2066 3320,2061"/>
            <TextEquiv>
               <Unicode>wähnten Forderungen beginnen. Demgemäß ist die Ver⸗</Unicode>
            </TextEquiv>
            <TextStyle fontFamily="Times New Roman" fontSize="7.0"/>
         </TextLine>
         <TextLine id="tl_287"
                   primaryLanguage="German"
                   custom="readingOrder {index:34;}">
            <Coords points="2294,2071 3322,2071 3322,2116 2294,2116"/>
            <Baseline points="2293,2103 2408,2103 2552,2104 2636,2104 2731,2106 2850,2106 2958,2107 3191,2109 3310,2111 3323,2100"/>
            <TextEquiv>
               <Unicode>jährung solcher vor dem Jahre 1893 entstandenen Forde⸗</Unicode>
            </TextEquiv>
            <TextStyle fontFamily="Times New Roman" fontSize="7.0"/>
         </TextLine>
         <TextLine id="tl_288"
                   primaryLanguage="German"
                   custom="readingOrder {index:35;}">
            <Coords points="2295,2115 3320,2115 3320,2161 2295,2161"/>
            <Baseline points="2295,2147 2407,2147 2484,2149 2560,2147 2698,2148 2765,2149 2902,2150 3010,2151 3215,2153 3320,2154"/>
            <TextEquiv>
               <Unicode>rungen erst mit Ablauf des Jahres 1893 eingetreten, wenn</Unicode>
            </TextEquiv>
            <TextStyle fontFamily="Times New Roman" fontSize="7.0"/>
         </TextLine>
         <TextLine id="tl_289"
                   primaryLanguage="German"
                   custom="readingOrder {index:36;}">
            <Coords points="2296,2158 3323,2158 3323,2203 2296,2203"/>
            <Baseline points="2296,2189 2366,2189 2432,2190 2522,2193 2597,2190 2757,2191 2877,2192 3089,2194 3323,2192"/>
            <TextEquiv>
               <Unicode>nicht die nach dem früheren Gesetze ungeordnete Verjährungs⸗</Unicode>
            </TextEquiv>
            <TextStyle fontFamily="Times New Roman" fontSize="7.0"/>
         </TextLine>
         <TextLine id="tl_290"
                   primaryLanguage="German"
                   custom="readingOrder {index:37;}">
            <Coords points="2295,2201 3320,2201 3320,2247 2295,2247"/>
            <Baseline points="2297,2234 2357,2233 2429,2232 2632,2233 2716,2234 2790,2235 2937,2236 3067,2239 3243,2238 3320,2239"/>
            <TextEquiv>
               <Unicode>frist für denjenigen, der sich darauf beruft, günstiger ist.</Unicode>
            </TextEquiv>
            <TextStyle fontFamily="Times New Roman" fontSize="7.0"/>
         </TextLine>
         <TextLine id="tl_291"
                   primaryLanguage="German"
                   custom="readingOrder {index:38;}">
            <Coords points="2295,2244 3321,2244 3321,2289 2295,2289"/>
            <Baseline points="2295,2277 2380,2275 2515,2276 2610,2277 2794,2278 2903,2280 2978,2280 3092,2281 3133,2281 3206,2281 3321,2278"/>
            <TextEquiv>
               <Unicode>Diese Ansicht wird unterstützt durch den Absatz 6 des Kund⸗</Unicode>
            </TextEquiv>
            <TextStyle fontFamily="Times New Roman" fontSize="7.0"/>
         </TextLine>
         <TextLine id="tl_292"
                   primaryLanguage="German"
                   custom="readingOrder {index:39;}">
            <Coords points="2296,2288 3322,2288 3322,2334 2296,2334"/>
            <Baseline points="2297,2318 2585,2319 2672,2320 2892,2322 3111,2323 3320,2325"/>
            <TextEquiv>
               <Unicode>machungspatentes zum Allgemeinen Bürgerlichen Gesetzbuche,</Unicode>
            </TextEquiv>
            <TextStyle fontFamily="Times New Roman" fontSize="7.0"/>
         </TextLine>
         <TextLine id="tl_293"
                   primaryLanguage="German"
                   custom="readingOrder {index:40;}">
            <Coords points="2297,2328 3320,2328 3320,2377 2297,2377"/>
            <Baseline points="2297,2362 2344,2361 2537,2363 2624,2362 2741,2364 2831,2364 3051,2366 3171,2367 3320,2369"/>
            <TextEquiv>
               <Unicode>der bestimmt, daß, wenn vor Einführung dieses Gesetzes</Unicode>
            </TextEquiv>
            <TextStyle fontFamily="Times New Roman" fontSize="7.0"/>
         </TextLine>
         <TextLine id="tl_294"
                   primaryLanguage="German"
                   custom="readingOrder {index:41;}">
            <Coords points="2296,2373 3321,2373 3321,2419 2296,2419"/>
            <Baseline points="2298,2404 2363,2404 2416,2406 2491,2405 2709,2407 2929,2409 3155,2409 3235,2412 3321,2407"/>
            <TextEquiv>
               <Unicode>(das ist des Allgemeinen Bürgerlichen Gesetzbuches) eine Ver⸗</Unicode>
            </TextEquiv>
            <TextStyle fontFamily="Times New Roman" fontSize="7.0"/>
         </TextLine>
         <TextLine id="tl_295"
                   primaryLanguage="German"
                   custom="readingOrder {index:42;}">
            <Coords points="2296,2417 3321,2417 3321,2463 2296,2463"/>
            <Baseline points="2295,2446 2410,2450 2591,2449 2724,2451 2814,2451 2913,2454 2990,2452 3096,2453 3228,2454 3308,2455 3320,2443"/>
            <TextEquiv>
               <Unicode>jährung begonnen wurde, diese nach dem alten Gesetze voll⸗</Unicode>
            </TextEquiv>
            <TextStyle fontFamily="Times New Roman" fontSize="7.0"/>
         </TextLine>
         <TextLine id="tl_296"
                   primaryLanguage="German"
                   custom="readingOrder {index:43;}">
            <Coords points="2297,2459 3320,2459 3320,2506 2297,2506"/>
            <Baseline points="2297,2491 2376,2491 2512,2491 2623,2492 2753,2493 2819,2495 2910,2495 3053,2495 3125,2497 3188,2497 3320,2499"/>
            <TextEquiv>
               <Unicode>endet werden müsse. Wollte sich aber Jemand auf die kürzere</Unicode>
            </TextEquiv>
            <TextStyle fontFamily="Times New Roman" fontSize="7.0"/>
         </TextLine>
         <TextLine id="tl_297"
                   primaryLanguage="German"
                   custom="readingOrder {index:44;}">
            <Coords points="2296,2502 3321,2502 3321,2549 2296,2549"/>
            <Baseline points="2296,2535 2567,2535 2630,2535 2713,2536 2971,2537 3190,2540 3321,2537"/>
            <TextEquiv>
               <Unicode>Verjährungsfrist des neu einzuführenden Bürgerlichen Gesetz⸗</Unicode>
            </TextEquiv>
            <TextStyle fontFamily="Times New Roman" fontSize="7.0"/>
         </TextLine>
         <TextLine id="tl_298"
                   primaryLanguage="German"
                   custom="readingOrder {index:45;}">
            <Coords points="2298,2545 3320,2545 3320,2592 2298,2592"/>
            <Baseline points="2298,2577 2395,2577 2550,2575 2599,2578 2706,2579 2748,2579 2802,2580 3002,2582 3071,2582 3155,2583 3248,2584 3320,2585"/>
            <TextEquiv>
               <Unicode>buches berufen, so müßte er die Verjährung von dem Tage der</Unicode>
            </TextEquiv>
            <TextStyle fontFamily="Times New Roman" fontSize="7.0"/>
         </TextLine>
         <TextLine id="tl_299"
                   primaryLanguage="German"
                   custom="readingOrder {index:46;}">
            <Coords points="2297,2588 3322,2588 3322,2635 2297,2635"/>
            <Baseline points="2297,2622 2444,2622 2515,2620 2645,2621 2793,2623 2880,2623 3054,2624 3172,2626 3322,2624"/>
            <TextEquiv>
               <Unicode>Giltigkeit des neuen Gesetzes neu beginnen. Diese Bestim⸗</Unicode>
            </TextEquiv>
            <TextStyle fontFamily="Times New Roman" fontSize="7.0"/>
         </TextLine>
         <TextLine id="tl_300"
                   primaryLanguage="German"
                   custom="readingOrder {index:47;}">
            <Coords points="2297,2631 3322,2631 3322,2678 2297,2678"/>
            <Baseline points="2297,2663 2393,2666 2484,2663 2594,2664 2663,2664 2912,2666 3157,2670 3239,2668 3322,2667"/>
            <TextEquiv>
               <Unicode>mung wird unter der ausdrücklichen Begründung, daß Ge⸗</Unicode>
            </TextEquiv>
            <TextStyle fontFamily="Times New Roman" fontSize="7.0"/>
         </TextLine>
         <TextLine id="tl_301"
                   primaryLanguage="German"
                   custom="readingOrder {index:48;}">
            <Coords points="2296,2673 3321,2673 3321,2719 2296,2719"/>
            <Baseline points="2294,2708 2355,2705 2452,2706 2684,2707 2846,2708 2966,2710 3043,2710 3135,2709 3206,2712 3307,2713 3324,2702"/>
            <TextEquiv>
               <Unicode>setze nicht zurückwirken, getroffen. Wenn nun auch das Kund⸗</Unicode>
            </TextEquiv>
            <TextStyle fontFamily="Times New Roman" fontSize="7.0"/>
         </TextLine>
         <TextLine id="tl_302"
                   primaryLanguage="German"
                   custom="readingOrder {index:49;}">
            <Coords points="2297,2717 3321,2717 3321,2763 2297,2763"/>
            <Baseline points="2297,2749 2552,2749 2633,2750 2706,2750 2782,2751 2871,2751 2942,2752 3157,2756 3237,2755 3321,2751"/>
            <TextEquiv>
               <Unicode>machungspatent nur für den Fall der Einführung des All⸗</Unicode>
            </TextEquiv>
            <TextStyle fontFamily="Times New Roman" fontSize="7.0"/>
         </TextLine>
         <TextLine id="tl_303"
                   primaryLanguage="German"
                   custom="readingOrder {index:50;}">
            <Coords points="2296,2760 3322,2760 3322,2805 2296,2805"/>
            <Baseline points="2297,2794 2441,2792 2674,2793 2892,2795 2988,2796 3030,2796 3082,2797 3178,2797 3239,2799 3310,2800 3325,2783"/>
            <TextEquiv>
               <Unicode>gemeinen Bürgerlichen Gesetzbuches gilt, so ist doch die Be⸗</Unicode>
            </TextEquiv>
            <TextStyle fontFamily="Times New Roman" fontSize="7.0"/>
         </TextLine>
         <TextLine id="tl_304"
                   primaryLanguage="German"
                   custom="readingOrder {index:51;}">
            <Coords points="2296,2803 3322,2803 3322,2849 2296,2849"/>
            <Baseline points="2296,2836 2445,2837 2525,2835 2677,2835 2720,2836 2798,2838 2958,2838 3049,2839 3108,2839 3227,2841 3322,2838"/>
            <TextEquiv>
               <Unicode>stimmung des Absatzes 6 mit Rücksicht auf die darin aus⸗</Unicode>
            </TextEquiv>
            <TextStyle fontFamily="Times New Roman" fontSize="7.0"/>
         </TextLine>
         <TextLine id="tl_305"
                   primaryLanguage="German"
                   custom="readingOrder {index:52;}">
            <Coords points="2296,2846 3320,2846 3320,2892 2296,2892"/>
            <Baseline points="2294,2880 2474,2878 2796,2879 2883,2880 2962,2882 3041,2883 3244,2883 3320,2886"/>
            <TextEquiv>
               <Unicode>gesprochene Rechtsanschauung auch hier von Wichtigkeit. Da</Unicode>
            </TextEquiv>
            <TextStyle fontFamily="Times New Roman" fontSize="7.0"/>
         </TextLine>
         <TextLine id="tl_306"
                   primaryLanguage="German"
                   custom="readingOrder {index:53;}">
            <Coords points="2296,2890 3321,2890 3321,2936 2296,2936"/>
            <Baseline points="2296,2921 2420,2923 2527,2921 2784,2924 2940,2924 3036,2927 3112,2926 3190,2927 3321,2928"/>
            <TextEquiv>
               <Unicode>nämlich unter ausdrücklichem Hinweis auf den im Gesetze</Unicode>
            </TextEquiv>
            <TextStyle fontFamily="Times New Roman" fontSize="7.0"/>
         </TextLine>
         <TextLine id="tl_307"
                   primaryLanguage="German"
                   custom="readingOrder {index:54;}">
            <Coords points="2296,2931 3320,2931 3320,2979 2296,2979"/>
            <Baseline points="2293,2969 2337,2967 2379,2965 2438,2964 2504,2964 2568,2964 2668,2966 2931,2968 3124,2970 3209,2971 3320,2971"/>
            <TextEquiv>
               <Unicode>(§. 5 A. B. G. B.) ausgesprochenen Grundsatz, daß Gesetze</Unicode>
            </TextEquiv>
            <TextStyle fontFamily="Times New Roman" fontSize="7.0"/>
         </TextLine>
         <TextLine id="tl_308"
                   primaryLanguage="German"
                   custom="readingOrder {index:55;}">
            <Coords points="2296,2974 3320,2974 3320,3022 2296,3022"/>
            <Baseline points="2296,3007 2367,3007 2641,3010 2742,3008 2899,3010 3214,3013 3320,3014"/>
            <TextEquiv>
               <Unicode>nicht zurückwirken, eine kürzere Verjährungsfrist des</Unicode>
            </TextEquiv>
            <TextStyle fontFamily="Times New Roman" fontSize="7.0"/>
         </TextLine>
         <TextEquiv>
            <Unicode>Für eine in einer ungarischen Station an die Adresse
eines Wiener Kaufmannes expedirte Waggonladung Roheisen
wurde am 28. Juli 1891 von einer hiesigen Bahn irr⸗
thümlich eine Mehrgebühr von 1 fl. eingehoben und die
Rückstellung dieser Mehrgebühr mittelst Klage vom 8. Juli 1894
verlangt. Da eine ungarische Bahn an diesem Transporte
betheiligt war, wurde entgegen dem sonst gepflogenen Ge⸗
brauche von der geklagten hiesigen Bahn die Einwendung
erhoben, daß die Klageforderung gemäß §. 61, Absatz 4 des
jetzigen Betriebsreglements mit Ablauf des Jahres 1893
verjährt sei. Dem gegenüber berief sich der Kläger darauf,
daß seine Forderung auf Rückstellung der gezahlten Mehr⸗
gebühr schon vor Einführung des neuen Betriebsreglements
entstanden sei und deßhalb das neue Betriebsreglement auf
seine Forderung gar nicht angewendet werden könne, weil
nach §. 5 A. B. G. B. Gesetze nicht zurückwirken können;
vielmehr habe er gemäß §. 1487 A. B. G. B. das Recht
erworben, durch drei Jahre lang seine Forderung geltend
zu machen. Das Gericht erkannte auf Abweisung des Klage⸗
begehrens, weil die klägerische Forderung verjährt sei. Denn
§. 61 des Betriebsreglements bestimmt ganz allgemein, daß
Forderungen, welche durch unrichtige Anwendung der Tarife
oder durch Rechnungsfehler entstanden sind, in einem Jahre
nach erfolgter Zahlung verjähren, ohne daß diese Bestim⸗
mung auf jene Fälle eingeschränkt wird, welche sich seit Ein⸗
führung des neuen Betriebsreglements ergeben. Es werden
somit durch diese Bestimmung alle durch unrichtige Anwen⸗
dung des Tarifs oder durch Rechnungsfehler entstandenen,
zur Zeit der Giltigkeit des jetzigen Betriebsreglements be⸗
stehenden Forderungen getroffen. Da jedoch ein Gesetz nicht
zurückwirkt, so kann die Verjährungs=Bestimmung des §. 61
des Betriebsreglements erst vom Zeitpunkte ihrer Giltigkeit,
hier also vom 1. Januar 1893, ihre Wirkung auf die er⸗
wähnten Forderungen beginnen. Demgemäß ist die Ver⸗
jährung solcher vor dem Jahre 1893 entstandenen Forde⸗
rungen erst mit Ablauf des Jahres 1893 eingetreten, wenn
nicht die nach dem früheren Gesetze ungeordnete Verjährungs⸗
frist für denjenigen, der sich darauf beruft, günstiger ist.
Diese Ansicht wird unterstützt durch den Absatz 6 des Kund⸗
machungspatentes zum Allgemeinen Bürgerlichen Gesetzbuche,
der bestimmt, daß, wenn vor Einführung dieses Gesetzes
(das ist des Allgemeinen Bürgerlichen Gesetzbuches) eine Ver⸗
jährung begonnen wurde, diese nach dem alten Gesetze voll⸗
endet werden müsse. Wollte sich aber Jemand auf die kürzere
Verjährungsfrist des neu einzuführenden Bürgerlichen Gesetz⸗
buches berufen, so müßte er die Verjährung von dem Tage der
Giltigkeit des neuen Gesetzes neu beginnen. Diese Bestim⸗
mung wird unter der ausdrücklichen Begründung, daß Ge⸗
setze nicht zurückwirken, getroffen. Wenn nun auch das Kund⸗
machungspatent nur für den Fall der Einführung des All⸗
gemeinen Bürgerlichen Gesetzbuches gilt, so ist doch die Be⸗
stimmung des Absatzes 6 mit Rücksicht auf die darin aus⸗
gesprochene Rechtsanschauung auch hier von Wichtigkeit. Da
nämlich unter ausdrücklichem Hinweis auf den im Gesetze
(§. 5 A. B. G. B.) ausgesprochenen Grundsatz, daß Gesetze
nicht zurückwirken, eine kürzere Verjährungsfrist des</Unicode>
         </TextEquiv>
      </TextRegion>
      <TextRegion type="paragraph" id="r_13_6" custom="readingOrder {index:40;}">
         <Coords points="2294,3017 3321,3017 3321,3109 2294,3109"/>
         <TextLine id="tl_309"
                   primaryLanguage="German"
                   custom="readingOrder {index:0;}">
            <Coords points="2296,3018 3320,3018 3320,3065 2296,3065"/>
            <Baseline points="2296,3050 2365,3047 2583,3050 2742,3052 2823,3052 2910,3054 3034,3056 3123,3054 3210,3056 3304,3058 3320,3040"/>
            <TextEquiv>
               <Unicode>neu eingeführten Gesetzes für den Fall, als die Ver⸗</Unicode>
            </TextEquiv>
            <TextStyle fontFamily="Times New Roman" fontSize="7.0"/>
         </TextLine>
         <TextLine id="tl_310"
                   primaryLanguage="German"
                   custom="readingOrder {index:1;}">
            <Coords points="2295,3062 3318,3062 3318,3108 2295,3108"/>
            <Baseline points="2293,3094 2425,3093 2531,3094 2735,3095 2891,3094 2986,3097 3161,3098 3318,3101"/>
            <TextEquiv>
               <Unicode>jährung neu begonnen wird, als zulässig erklärt</Unicode>
            </TextEquiv>
            <TextStyle fontFamily="Times New Roman" fontSize="7.0"/>
         </TextLine>
         <TextEquiv>
            <Unicode>neu eingeführten Gesetzes für den Fall, als die Ver⸗
jährung neu begonnen wird, als zulässig erklärt</Unicode>
         </TextEquiv>
      </TextRegion>
      <TextRegion type="paragraph" id="r_13_7" custom="readingOrder {index:41;}">
         <Coords points="2295,3103 3321,3103 3321,3151 2295,3151"/>
         <TextLine id="tl_311"
                   primaryLanguage="German"
                   custom="readingOrder {index:0;}">
            <Coords points="2296,3104 3320,3104 3320,3150 2296,3150"/>
            <Baseline points="2296,3139 2381,3138 2450,3136 2538,3137 2602,3136 2724,3137 2822,3140 2890,3139 2998,3140 3123,3141 3219,3142 3320,3143"/>
            <TextEquiv>
               <Unicode>wird, so ist es klar, daß es dem Geiste des von</Unicode>
            </TextEquiv>
            <TextStyle fontFamily="Times New Roman" fontSize="7.0"/>
         </TextLine>
         <TextEquiv>
            <Unicode>wird, so ist es klar, daß es dem Geiste des von</Unicode>
         </TextEquiv>
      </TextRegion>
      <TextRegion type="paragraph" id="r_13_8" custom="readingOrder {index:42;}">
         <Coords points="2294,3146 3323,3146 3323,4436 2294,4436"/>
         <TextLine id="tl_312"
                   primaryLanguage="German"
                   custom="readingOrder {index:0;}">
            <Coords points="2296,3147 3320,3147 3320,3189 2296,3189"/>
            <Baseline points="2296,3179 2358,3179 2500,3179 2650,3180 2719,3180 2775,3181 2846,3181 2926,3181 3006,3182 3085,3183 3320,3187"/>
            <TextEquiv>
               <Unicode>dem Kläger citirten §. 5 A. B. G. B. vollkommen</Unicode>
            </TextEquiv>
            <TextStyle fontFamily="Times New Roman" fontSize="7.0"/>
         </TextLine>
         <TextLine id="tl_313"
                   primaryLanguage="German"
                   custom="readingOrder {index:1;}">
            <Coords points="2295,3191 3319,3191 3319,3238 2295,3238"/>
            <Baseline points="2295,3222 2455,3221 2568,3223 2676,3220 2744,3224 3101,3227 3176,3227 3319,3229"/>
            <TextEquiv>
               <Unicode>entspricht, wenn auch im Eisenbahnfrachtrecht die kürzere</Unicode>
            </TextEquiv>
            <TextStyle fontFamily="Times New Roman" fontSize="7.0"/>
         </TextLine>
         <TextLine id="tl_314"
                   primaryLanguage="German"
                   custom="readingOrder {index:2;}">
            <Coords points="2295,3233 3319,3233 3319,3281 2295,3281"/>
            <Baseline points="2295,3266 2575,3267 2653,3266 2717,3266 2792,3267 2883,3268 3237,3272 3320,3274"/>
            <TextEquiv>
               <Unicode>Verjährungsfrist des §. 61 des Betriebsreglements auf</Unicode>
            </TextEquiv>
            <TextStyle fontFamily="Times New Roman" fontSize="7.0"/>
         </TextLine>
         <TextLine id="tl_315"
                   primaryLanguage="German"
                   custom="readingOrder {index:3;}">
            <Coords points="2296,3276 3320,3276 3320,3321 2296,3321"/>
            <Baseline points="2296,3309 2337,3308 2423,3308 2495,3308 2664,3309 2748,3310 2874,3311 3225,3314 3308,3316 3320,3306"/>
            <TextEquiv>
               <Unicode>die vor der Giltigkeit des neuen Betriebsreglements ent⸗</Unicode>
            </TextEquiv>
            <TextStyle fontFamily="Times New Roman" fontSize="7.0"/>
         </TextLine>
         <TextLine id="tl_316"
                   primaryLanguage="German"
                   custom="readingOrder {index:4;}">
            <Coords points="2295,3319 3318,3319 3318,3366 2295,3366"/>
            <Baseline points="2297,3353 2447,3352 2766,3354 3003,3355 3151,3357 3320,3357"/>
            <TextEquiv>
               <Unicode>standenen Rechtsverhältnisse Anwendung findet, natürlich</Unicode>
            </TextEquiv>
            <TextStyle fontFamily="Times New Roman" fontSize="7.0"/>
         </TextLine>
         <TextLine id="tl_317"
                   primaryLanguage="German"
                   custom="readingOrder {index:5;}">
            <Coords points="2296,3362 3319,3362 3319,3409 2296,3409"/>
            <Baseline points="2296,3395 2381,3394 2462,3395 2748,3397 2838,3399 2912,3397 3139,3400 3222,3401 3319,3402"/>
            <TextEquiv>
               <Unicode>unter der Voraussetzung, daß die Verjährung mit dem</Unicode>
            </TextEquiv>
            <TextStyle fontFamily="Times New Roman" fontSize="7.0"/>
         </TextLine>
         <TextLine id="tl_318"
                   primaryLanguage="German"
                   custom="readingOrder {index:6;}">
            <Coords points="2295,3405 3320,3405 3320,3451 2295,3451"/>
            <Baseline points="2295,3439 2429,3437 2522,3438 2659,3438 3019,3440 3124,3443 3320,3445"/>
            <TextEquiv>
               <Unicode>Beginne des neuen Betriebsreglements neu begonnen</Unicode>
            </TextEquiv>
            <TextStyle fontFamily="Times New Roman" fontSize="7.0"/>
         </TextLine>
         <TextLine id="tl_319"
                   primaryLanguage="German"
                   custom="readingOrder {index:7;}">
            <Coords points="2296,3448 3318,3448 3318,3493 2296,3493"/>
            <Baseline points="2296,3480 2377,3480 2492,3481 2607,3481 2849,3482 2931,3482 2982,3484 3045,3485 3131,3485 3308,3487 3321,3476"/>
            <TextEquiv>
               <Unicode>wird. Von einer Rückwirkung des §. 61 des Betriebs⸗</Unicode>
            </TextEquiv>
            <TextStyle fontFamily="Times New Roman" fontSize="7.0"/>
         </TextLine>
         <TextLine id="tl_320"
                   primaryLanguage="German"
                   custom="readingOrder {index:8;}">
            <Coords points="2295,3491 3318,3491 3318,3538 2295,3538"/>
            <Baseline points="2295,3524 2469,3523 2564,3524 2675,3525 2772,3525 2965,3527 3112,3528 3209,3529 3318,3531"/>
            <TextEquiv>
               <Unicode>reglements kann hiebei nicht gesprochen werden. Eine solche</Unicode>
            </TextEquiv>
            <TextStyle fontFamily="Times New Roman" fontSize="7.0"/>
         </TextLine>
         <TextLine id="tl_321"
                   primaryLanguage="German"
                   custom="readingOrder {index:9;}">
            <Coords points="2296,3535 3320,3535 3320,3580 2296,3580"/>
            <Baseline points="2295,3568 2380,3566 2463,3567 2564,3567 2669,3569 2780,3569 2856,3569 2935,3570 3020,3570 3140,3573 3247,3573 3320,3569"/>
            <TextEquiv>
               <Unicode>fände nur dann statt, wenn die vor dem Jahre 1893 ab⸗</Unicode>
            </TextEquiv>
            <TextStyle fontFamily="Times New Roman" fontSize="7.0"/>
         </TextLine>
         <TextLine id="tl_322"
                   primaryLanguage="German"
                   custom="readingOrder {index:10;}">
            <Coords points="2296,3578 3318,3578 3318,3625 2296,3625"/>
            <Baseline points="2297,3609 2443,3610 2528,3610 2591,3610 2668,3611 2971,3614 3187,3614 3319,3617"/>
            <TextEquiv>
               <Unicode>gelaufene Zeit in die Verjährungsfrist eingerechnet würde,</Unicode>
            </TextEquiv>
            <TextStyle fontFamily="Times New Roman" fontSize="7.0"/>
         </TextLine>
         <TextLine id="tl_323"
                   primaryLanguage="German"
                   custom="readingOrder {index:11;}">
            <Coords points="2296,3621 3317,3621 3317,3669 2296,3669"/>
            <Baseline points="2296,3662 2318,3653 2382,3652 2489,3653 2598,3653 2663,3653 2736,3654 2788,3655 2884,3654 2992,3656 3204,3659 3317,3660"/>
            <TextEquiv>
               <Unicode>z. B. wenn gegen die am 1. Juli 1893 eingebrachte Klage</Unicode>
            </TextEquiv>
            <TextStyle fontFamily="Times New Roman" fontSize="7.0"/>
         </TextLine>
         <TextLine id="tl_324"
                   primaryLanguage="German"
                   custom="readingOrder {index:12;}">
            <Coords points="2297,3664 3320,3664 3320,3711 2297,3711"/>
            <Baseline points="2297,3696 2353,3696 2620,3696 2729,3697 2814,3698 2898,3698 3014,3698 3133,3701 3320,3704"/>
            <TextEquiv>
               <Unicode>auf Rückforderung einer am 30. Juni 1892 geleisteten</Unicode>
            </TextEquiv>
            <TextStyle fontFamily="Times New Roman" fontSize="7.0"/>
         </TextLine>
         <TextLine id="tl_325"
                   primaryLanguage="German"
                   custom="readingOrder {index:13;}">
            <Coords points="2296,3707 3321,3707 3321,3750 2296,3750"/>
            <Baseline points="2297,3738 2424,3738 2510,3738 2726,3741 2941,3742 3080,3743 3183,3744 3320,3746"/>
            <TextEquiv>
               <Unicode>Zahlung die Verjährung eingewendet würde. Die weitere</Unicode>
            </TextEquiv>
            <TextStyle fontFamily="Times New Roman" fontSize="7.0"/>
         </TextLine>
         <TextLine id="tl_326"
                   primaryLanguage="German"
                   custom="readingOrder {index:14;}">
            <Coords points="2297,3749 3319,3749 3319,3795 2297,3795"/>
            <Baseline points="2297,3783 2407,3781 2481,3781 2654,3784 2726,3786 2779,3784 2903,3786 2955,3785 3062,3786 3122,3787 3187,3788 3252,3788 3319,3790"/>
            <TextEquiv>
               <Unicode>Ansicht des Klägers, daß er gemäß §. 1487 A. B. G. B.</Unicode>
            </TextEquiv>
            <TextStyle fontFamily="Times New Roman" fontSize="7.0"/>
         </TextLine>
         <TextLine id="tl_327"
                   primaryLanguage="German"
                   custom="readingOrder {index:15;}">
            <Coords points="2298,3794 3320,3794 3320,3839 2298,3839"/>
            <Baseline points="2298,3825 2351,3825 2458,3825 2620,3826 2716,3827 2774,3827 3051,3830 3124,3830 3240,3831 3320,3833"/>
            <TextEquiv>
               <Unicode>das Recht erworben habe, die Klagsforderung drei Jahre von</Unicode>
            </TextEquiv>
            <TextStyle fontFamily="Times New Roman" fontSize="7.0"/>
         </TextLine>
         <TextLine id="tl_328"
                   primaryLanguage="German"
                   custom="readingOrder {index:16;}">
            <Coords points="2298,3837 3320,3837 3320,3883 2298,3883"/>
            <Baseline points="2298,3869 2346,3868 2495,3870 2554,3869 2604,3869 2777,3869 2824,3870 2898,3871 3030,3872 3198,3875 3272,3875 3320,3876"/>
            <TextEquiv>
               <Unicode>der Zahlung an zu begehren, ist aber deßhalb unrichtig, weil in</Unicode>
            </TextEquiv>
            <TextStyle fontFamily="Times New Roman" fontSize="7.0"/>
         </TextLine>
         <TextLine id="tl_329"
                   primaryLanguage="German"
                   custom="readingOrder {index:17;}">
            <Coords points="2298,3879 3321,3879 3321,3925 2298,3925"/>
            <Baseline points="2298,3912 2360,3911 2461,3911 2774,3912 2848,3913 3073,3917 3220,3918 3321,3919"/>
            <TextEquiv>
               <Unicode>dem alten Betriebsreglement eine Bestimmung darüber, unter</Unicode>
            </TextEquiv>
            <TextStyle fontFamily="Times New Roman" fontSize="7.0"/>
         </TextLine>
         <TextLine id="tl_330"
                   primaryLanguage="German"
                   custom="readingOrder {index:18;}">
            <Coords points="2297,3921 3322,3921 3322,3970 2297,3970"/>
            <Baseline points="2297,3954 2412,3953 2637,3954 2723,3955 2771,3956 2896,3956 3085,3958 3188,3960 3308,3958 3321,3953"/>
            <TextEquiv>
               <Unicode>welchen Bedingungen oder in welcher bestimmten Frist (Präju⸗</Unicode>
            </TextEquiv>
            <TextStyle fontFamily="Times New Roman" fontSize="7.0"/>
         </TextLine>
         <TextLine id="tl_331"
                   primaryLanguage="German"
                   custom="readingOrder {index:19;}">
            <Coords points="2298,3964 3321,3964 3321,4010 2298,4010"/>
            <Baseline points="2298,3997 2458,3998 2534,3997 2633,3997 2820,4001 2937,4000 3065,4001 3166,4002 3249,4003 3309,4000 3325,3992"/>
            <TextEquiv>
               <Unicode>dicialfrist) eine solche Forderung gestellt werden kann, nicht ent⸗</Unicode>
            </TextEquiv>
            <TextStyle fontFamily="Times New Roman" fontSize="7.0"/>
         </TextLine>
         <TextLine id="tl_332"
                   primaryLanguage="German"
                   custom="readingOrder {index:20;}">
            <Coords points="2298,4008 3319,4008 3319,4054 2298,4054"/>
            <Baseline points="2297,4038 2393,4040 2458,4039 2583,4040 2667,4041 2739,4041 2860,4042 2955,4043 3043,4044 3126,4044 3233,4046 3319,4042"/>
            <TextEquiv>
               <Unicode>halten ist. Daher war der Kläger nicht blos drei Jahre hin⸗</Unicode>
            </TextEquiv>
            <TextStyle fontFamily="Times New Roman" fontSize="7.0"/>
         </TextLine>
         <TextLine id="tl_333"
                   primaryLanguage="German"
                   custom="readingOrder {index:21;}">
            <Coords points="2298,4051 3320,4051 3320,4097 2298,4097"/>
            <Baseline points="2298,4082 2387,4082 2477,4083 2671,4084 2781,4085 2948,4087 3060,4087 3135,4088 3320,4091"/>
            <TextEquiv>
               <Unicode>durch und überhaupt nicht während einer im vorhinein</Unicode>
            </TextEquiv>
            <TextStyle fontFamily="Times New Roman" fontSize="7.0"/>
         </TextLine>
         <TextLine id="tl_334"
                   primaryLanguage="German"
                   custom="readingOrder {index:22;}">
            <Coords points="2299,4094 3320,4094 3320,4142 2299,4142"/>
            <Baseline points="2302,4128 2394,4128 2591,4127 2714,4128 2847,4128 2931,4129 3142,4132 3229,4132 3321,4132"/>
            <TextEquiv>
               <Unicode>genau bestimmten Frist, sondern eine unbegrenzte Zeit lang</Unicode>
            </TextEquiv>
            <TextStyle fontFamily="Times New Roman" fontSize="7.0"/>
         </TextLine>
         <TextLine id="tl_335"
                   primaryLanguage="German"
                   custom="readingOrder {index:23;}">
            <Coords points="2300,4137 3319,4137 3319,4183 2300,4183"/>
            <Baseline points="2300,4169 2467,4171 2551,4169 2753,4170 2889,4171 2957,4173 3119,4173 3198,4175 3319,4177"/>
            <TextEquiv>
               <Unicode>berechtigt, seine Forderung geltend zu machen, nur mußte</Unicode>
            </TextEquiv>
            <TextStyle fontFamily="Times New Roman" fontSize="7.0"/>
         </TextLine>
         <TextLine id="tl_336"
                   primaryLanguage="German"
                   custom="readingOrder {index:24;}">
            <Coords points="2299,4180 3321,4180 3321,4226 2299,4226"/>
            <Baseline points="2297,4215 2326,4214 2403,4214 2640,4215 2793,4216 3049,4215 3155,4216 3235,4214 3310,4218 3322,4208"/>
            <TextEquiv>
               <Unicode>er alle erforderlichen Schritte unternehmen, damit sein An⸗</Unicode>
            </TextEquiv>
            <TextStyle fontFamily="Times New Roman" fontSize="7.0"/>
         </TextLine>
         <TextLine id="tl_337"
                   primaryLanguage="German"
                   custom="readingOrder {index:25;}">
            <Coords points="2299,4223 3320,4223 3320,4267 2299,4267"/>
            <Baseline points="2301,4256 2392,4255 2492,4255 2674,4256 2812,4256 2962,4258 3161,4260 3258,4262 3320,4263"/>
            <TextEquiv>
               <Unicode>spruch nicht verjährte. Unter welchen Umständen und in</Unicode>
            </TextEquiv>
            <TextStyle fontFamily="Times New Roman" fontSize="7.0"/>
         </TextLine>
         <TextLine id="tl_338"
                   primaryLanguage="German"
                   custom="readingOrder {index:26;}">
            <Coords points="2300,4266 3322,4266 3322,4313 2300,4313"/>
            <Baseline points="2300,4298 2412,4298 2496,4298 2587,4298 2653,4299 2863,4298 3002,4300 3182,4304 3248,4304 3322,4306"/>
            <TextEquiv>
               <Unicode>welcher Zeit aber die Verjährung eintritt, bestimmen die für</Unicode>
            </TextEquiv>
            <TextStyle fontFamily="Times New Roman" fontSize="7.0"/>
         </TextLine>
         <TextLine id="tl_339"
                   primaryLanguage="German"
                   custom="readingOrder {index:27;}">
            <Coords points="2299,4309 3321,4309 3321,4355 2680,4342 2301,4340"/>
            <Baseline points="2299,4341 2386,4341 2679,4343 2749,4342 2835,4342 3034,4345 3170,4349 3232,4347 3308,4348 3324,4336"/>
            <TextEquiv>
               <Unicode>dieses Rechtsverhältniß zur Zeit bestehenden Gesetze, im vor⸗</Unicode>
            </TextEquiv>
            <TextStyle fontFamily="Times New Roman" fontSize="7.0"/>
         </TextLine>
         <TextLine id="tl_340"
                   primaryLanguage="German"
                   custom="readingOrder {index:28;}">
            <Coords points="2299,4352 3319,4352 3319,4399 2299,4399"/>
            <Baseline points="2299,4384 2445,4385 2548,4384 2680,4385 2741,4385 2848,4386 2907,4386 2973,4387 3037,4388 3117,4392 3204,4390 3255,4390 3319,4392"/>
            <TextEquiv>
               <Unicode>liegenden Falle früher §. 1487 A. B. G. B., jetzt §. 61</Unicode>
            </TextEquiv>
            <TextStyle fontFamily="Times New Roman" fontSize="7.0"/>
         </TextLine>
         <TextLine id="tl_341"
                   primaryLanguage="German"
                   custom="readingOrder {index:29;}">
            <Coords points="2299,4394 2698,4394 2698,4435 2299,4435"/>
            <Baseline points="2299,4427 2350,4426 2697,4427"/>
            <TextEquiv>
               <Unicode>des Betriebsreglements.</Unicode>
            </TextEquiv>
            <TextStyle fontFamily="Times New Roman" fontSize="7.0"/>
         </TextLine>
         <TextEquiv>
            <Unicode>dem Kläger citirten §. 5 A. B. G. B. vollkommen
entspricht, wenn auch im Eisenbahnfrachtrecht die kürzere
Verjährungsfrist des §. 61 des Betriebsreglements auf
die vor der Giltigkeit des neuen Betriebsreglements ent⸗
standenen Rechtsverhältnisse Anwendung findet, natürlich
unter der Voraussetzung, daß die Verjährung mit dem
Beginne des neuen Betriebsreglements neu begonnen
wird. Von einer Rückwirkung des §. 61 des Betriebs⸗
reglements kann hiebei nicht gesprochen werden. Eine solche
fände nur dann statt, wenn die vor dem Jahre 1893 ab⸗
gelaufene Zeit in die Verjährungsfrist eingerechnet würde,
z. B. wenn gegen die am 1. Juli 1893 eingebrachte Klage
auf Rückforderung einer am 30. Juni 1892 geleisteten
Zahlung die Verjährung eingewendet würde. Die weitere
Ansicht des Klägers, daß er gemäß §. 1487 A. B. G. B.
das Recht erworben habe, die Klagsforderung drei Jahre von
der Zahlung an zu begehren, ist aber deßhalb unrichtig, weil in
dem alten Betriebsreglement eine Bestimmung darüber, unter
welchen Bedingungen oder in welcher bestimmten Frist (Präju⸗
dicialfrist) eine solche Forderung gestellt werden kann, nicht ent⸗
halten ist. Daher war der Kläger nicht blos drei Jahre hin⸗
durch und überhaupt nicht während einer im vorhinein
genau bestimmten Frist, sondern eine unbegrenzte Zeit lang
berechtigt, seine Forderung geltend zu machen, nur mußte
er alle erforderlichen Schritte unternehmen, damit sein An⸗
spruch nicht verjährte. Unter welchen Umständen und in
welcher Zeit aber die Verjährung eintritt, bestimmen die für
dieses Rechtsverhältniß zur Zeit bestehenden Gesetze, im vor⸗
liegenden Falle früher §. 1487 A. B. G. B., jetzt §. 61
des Betriebsreglements.</Unicode>
         </TextEquiv>
      </TextRegion>
      <TextRegion type="paragraph" id="r_13_9" custom="readingOrder {index:43;}">
         <Coords points="2295,4437 3322,4437 3322,5132 2295,5132"/>
         <TextLine id="tl_342"
                   primaryLanguage="German"
                   custom="readingOrder {index:0;}">
            <Coords points="2384,4438 3321,4438 3321,4480 2384,4480"/>
            <Baseline points="2384,4471 2484,4470 2587,4470 2787,4472 2976,4473 3095,4474 3175,4475 3321,4478"/>
            <TextEquiv>
               <Unicode>Gegen diese richterliche Deduction wurde von anderer</Unicode>
            </TextEquiv>
            <TextStyle fontFamily="Times New Roman" fontSize="7.0"/>
         </TextLine>
         <TextLine id="tl_343"
                   primaryLanguage="German"
                   custom="readingOrder {index:1;}">
            <Coords points="2298,4480 3321,4480 3321,4527 2298,4527"/>
            <Baseline points="2298,4513 2384,4512 2455,4513 2624,4512 2764,4514 2841,4518 2912,4515 3224,4519 3321,4521"/>
            <TextEquiv>
               <Unicode>Seite der Einwurf erhoben, daß das Betriebsreglement nicht</Unicode>
            </TextEquiv>
            <TextStyle fontFamily="Times New Roman" fontSize="7.0"/>
         </TextLine>
         <TextLine id="tl_344"
                   primaryLanguage="German"
                   custom="readingOrder {index:2;}">
            <Coords points="2299,4523 3320,4523 3320,4572 2299,4572"/>
            <Baseline points="2299,4555 2349,4556 2422,4555 2501,4555 2640,4559 2793,4558 2886,4559 3028,4559 3321,4559"/>
            <TextEquiv>
               <Unicode>an sich als Gesetz, sondern nur zufolge Frachtvertrages,</Unicode>
            </TextEquiv>
            <TextStyle fontFamily="Times New Roman" fontSize="7.0"/>
         </TextLine>
         <TextLine id="tl_345"
                   primaryLanguage="German"
                   custom="readingOrder {index:3;}">
            <Coords points="2298,4566 3320,4566 3320,4613 2298,4613"/>
            <Baseline points="2298,4598 2382,4598 2478,4597 2552,4598 2838,4600 2922,4601 3046,4602 3117,4602 3195,4604 3311,4604 3324,4599"/>
            <TextEquiv>
               <Unicode>somit kraft des Vertragswillens der Partei für das fracht⸗</Unicode>
            </TextEquiv>
            <TextStyle fontFamily="Times New Roman" fontSize="7.0"/>
         </TextLine>
         <TextLine id="tl_346"
                   primaryLanguage="German"
                   custom="readingOrder {index:4;}">
            <Coords points="2298,4609 3320,4609 3320,4657 2298,4657"/>
            <Baseline points="2300,4641 2435,4641 2615,4642 2717,4643 2890,4646 2985,4645 3086,4646 3158,4647 3320,4649"/>
            <TextEquiv>
               <Unicode>führende Publicum gelte. Darauf weise schon der Umstand</Unicode>
            </TextEquiv>
            <TextStyle fontFamily="Times New Roman" fontSize="7.0"/>
         </TextLine>
         <TextLine id="tl_347"
                   primaryLanguage="German"
                   custom="readingOrder {index:5;}">
            <Coords points="2298,4652 3320,4652 3320,4698 2298,4698"/>
            <Baseline points="2300,4686 2350,4686 2440,4683 2516,4685 2607,4685 2804,4686 3218,4689 3312,4691 3325,4681"/>
            <TextEquiv>
               <Unicode>hin, daß in den gedruckten Frachtbrief=Formularen aus⸗</Unicode>
            </TextEquiv>
            <TextStyle fontFamily="Times New Roman" fontSize="7.0"/>
         </TextLine>
         <TextLine id="tl_348"
                   primaryLanguage="German"
                   custom="readingOrder {index:6;}">
            <Coords points="2297,4693 3321,4693 3321,4743 2297,4743"/>
            <Baseline points="2297,4727 2429,4729 2500,4727 2655,4728 2751,4727 2828,4730 3146,4732 3321,4736"/>
            <TextEquiv>
               <Unicode>drücklich der Hinweis auf das Betriebsreglement enthalten</Unicode>
            </TextEquiv>
            <TextStyle fontFamily="Times New Roman" fontSize="7.0"/>
         </TextLine>
         <TextLine id="tl_349"
                   primaryLanguage="German"
                   custom="readingOrder {index:7;}">
            <Coords points="2298,4738 3321,4738 3321,4789 2298,4789"/>
            <Baseline points="2298,4770 2341,4769 2460,4770 2548,4770 2624,4770 2784,4773 2849,4773 2945,4773 3050,4774 3184,4776 3321,4774"/>
            <TextEquiv>
               <Unicode>ist. Wenn nun die Parteien im Juli 1891 zufolge Fracht⸗</Unicode>
            </TextEquiv>
            <TextStyle fontFamily="Times New Roman" fontSize="7.0"/>
         </TextLine>
         <TextLine id="tl_350"
                   primaryLanguage="German"
                   custom="readingOrder {index:8;}">
            <Coords points="2299,4780 3320,4780 3320,4827 2299,4827"/>
            <Baseline points="2299,4812 2402,4812 2469,4812 2733,4814 2806,4815 2906,4815 3236,4820 3320,4817"/>
            <TextEquiv>
               <Unicode>briefes die Bestimmungen des alten Betriebsreglements ver⸗</Unicode>
            </TextEquiv>
            <TextStyle fontFamily="Times New Roman" fontSize="7.0"/>
         </TextLine>
         <TextLine id="tl_351"
                   primaryLanguage="German"
                   custom="readingOrder {index:9;}">
            <Coords points="2298,4824 3319,4824 3319,4869 2298,4869"/>
            <Baseline points="2298,4856 2409,4855 2545,4857 2591,4857 2737,4857 2802,4858 3059,4860 3132,4860 3248,4863 3307,4865 3326,4851"/>
            <TextEquiv>
               <Unicode>einbart hätten, so könnten die Bestimmungen des neuen Be⸗</Unicode>
            </TextEquiv>
            <TextStyle fontFamily="Times New Roman" fontSize="7.0"/>
         </TextLine>
         <TextLine id="tl_352"
                   primaryLanguage="German"
                   custom="readingOrder {index:10;}">
            <Coords points="2299,4867 3319,4867 3319,4915 2299,4915"/>
            <Baseline points="2299,4899 2566,4899 2659,4900 2763,4901 3057,4902 3241,4905 3308,4906 3328,4897"/>
            <TextEquiv>
               <Unicode>triebsreglements auf dieses Rechtsverhältniß unmöglich An⸗</Unicode>
            </TextEquiv>
            <TextStyle fontFamily="Times New Roman" fontSize="7.0"/>
         </TextLine>
         <TextLine id="tl_353"
                   primaryLanguage="German"
                   custom="readingOrder {index:11;}">
            <Coords points="2297,4910 3319,4910 3319,4959 2297,4959"/>
            <Baseline points="2297,4942 2451,4944 2567,4943 2647,4944 2732,4944 2837,4944 3156,4948 3246,4949 3319,4951"/>
            <TextEquiv>
               <Unicode>wendung finden, da das neue Betriebsreglement nur für</Unicode>
            </TextEquiv>
            <TextStyle fontFamily="Times New Roman" fontSize="7.0"/>
         </TextLine>
         <TextLine id="tl_354"
                   primaryLanguage="German"
                   custom="readingOrder {index:12;}">
            <Coords points="2300,4953 3320,4953 3320,4998 2300,4998"/>
            <Baseline points="2300,4985 2354,4985 2443,4986 2567,4986 2709,4986 2780,4987 2939,4989 3022,4990 3117,4991 3170,4991 3320,4995"/>
            <TextEquiv>
               <Unicode>den Fall gelten könne, als Parteien seit dem 1. Januar</Unicode>
            </TextEquiv>
            <TextStyle fontFamily="Times New Roman" fontSize="7.0"/>
         </TextLine>
         <TextLine id="tl_355"
                   primaryLanguage="German"
                   custom="readingOrder {index:13;}">
            <Coords points="2298,4996 3318,4996 3318,5042 2298,5042"/>
            <Baseline points="2298,5028 2381,5029 2457,5028 2529,5029 2642,5030 2758,5030 3011,5032 3154,5034 3242,5036 3318,5038"/>
            <TextEquiv>
               <Unicode>1893 mit der Bahn einen Frachtvertrag, welcher mit den</Unicode>
            </TextEquiv>
            <TextStyle fontFamily="Times New Roman" fontSize="7.0"/>
         </TextLine>
         <TextLine id="tl_356"
                   primaryLanguage="German"
                   custom="readingOrder {index:14;}">
            <Coords points="2296,5039 3318,5039 3318,5087 2296,5087"/>
            <Baseline points="2297,5073 2432,5071 2738,5073 2850,5073 2999,5075 3168,5077 3318,5081"/>
            <TextEquiv>
               <Unicode>früheren Frachtverträgen gar nichts gemein haben</Unicode>
            </TextEquiv>
            <TextStyle fontFamily="Times New Roman" fontSize="7.0"/>
         </TextLine>
         <TextLine id="tl_357"
                   primaryLanguage="German"
                   custom="readingOrder {index:15;}">
            <Coords points="2296,5082 3319,5082 3319,5131 2296,5131"/>
            <Baseline points="2296,5115 2388,5114 2619,5115 2760,5116 2856,5117 2953,5118 3172,5121 3306,5125 3320,5107"/>
            <TextEquiv>
               <Unicode>kann, abgeschlossen hätten. Die hier vorgeführte Schluß⸗</Unicode>
            </TextEquiv>
            <TextStyle fontFamily="Times New Roman" fontSize="7.0"/>
         </TextLine>
         <TextEquiv>
            <Unicode>Gegen diese richterliche Deduction wurde von anderer
Seite der Einwurf erhoben, daß das Betriebsreglement nicht
an sich als Gesetz, sondern nur zufolge Frachtvertrages,
somit kraft des Vertragswillens der Partei für das fracht⸗
führende Publicum gelte. Darauf weise schon der Umstand
hin, daß in den gedruckten Frachtbrief=Formularen aus⸗
drücklich der Hinweis auf das Betriebsreglement enthalten
ist. Wenn nun die Parteien im Juli 1891 zufolge Fracht⸗
briefes die Bestimmungen des alten Betriebsreglements ver⸗
einbart hätten, so könnten die Bestimmungen des neuen Be⸗
triebsreglements auf dieses Rechtsverhältniß unmöglich An⸗
wendung finden, da das neue Betriebsreglement nur für
den Fall gelten könne, als Parteien seit dem 1. Januar
1893 mit der Bahn einen Frachtvertrag, welcher mit den
früheren Frachtverträgen gar nichts gemein haben
kann, abgeschlossen hätten. Die hier vorgeführte Schluß⸗</Unicode>
         </TextEquiv>
      </TextRegion>
      <TextRegion type="paragraph" id="r_13_10" custom="readingOrder {index:44;}">
         <Coords points="2294,5147 3320,5147 3320,5227 2294,5227"/>
         <TextLine id="tl_358"
                   primaryLanguage="German"
                   custom="readingOrder {index:0;}">
            <Coords points="2381,5148 3318,5148 3318,5190 2381,5190"/>
            <Baseline points="2379,5166 2404,5182 2503,5178 2566,5178 2670,5180 2703,5179 2768,5182 2962,5181 3078,5183 3147,5185 3198,5184 3306,5184 3325,5173"/>
            <TextEquiv>
               <Unicode>*) Siehe Nr. 10894 der „Neuen Freien Presse“ vom 21. Decem⸗</Unicode>
            </TextEquiv>
         </TextLine>
         <TextLine id="tl_359"
                   primaryLanguage="German"
                   custom="readingOrder {index:1;}">
            <Coords points="2295,5183 3319,5183 3319,5226 2295,5226"/>
            <Baseline points="2295,5213 2337,5214 2414,5215 2449,5214 2520,5215 2688,5215 2902,5216 3016,5220 3080,5219 3112,5218 3321,5220 3319,5223"/>
            <TextEquiv>
               <Unicode>ber 1894 und Nr. 10908 der „Neuen Freien Presse“ vom 5. Januar 1895.</Unicode>
            </TextEquiv>
         </TextLine>
         <TextEquiv>
            <Unicode>*) Siehe Nr. 10894 der „Neuen Freien Presse“ vom 21. Decem⸗
ber 1894 und Nr. 10908 der „Neuen Freien Presse“ vom 5. Januar 1895.</Unicode>
         </TextEquiv>
      </TextRegion>
      <SeparatorRegion id="r_14" custom="readingOrder {index:45;}">
         <Coords points="786,0 1764,0 1764,10 786,10"/>
      </SeparatorRegion>
      <SeparatorRegion id="r_15" custom="readingOrder {index:46;}">
         <Coords points="1786,0 1930,0 1930,2 1786,2"/>
      </SeparatorRegion>
      <SeparatorRegion id="r_16" custom="readingOrder {index:47;}">
         <Coords points="0,0 770,0 770,21 0,21"/>
      </SeparatorRegion>
      <SeparatorRegion id="r_17" custom="readingOrder {index:48;}">
         <Coords points="1237,251 3321,251 3321,264 1237,264"/>
      </SeparatorRegion>
      <SeparatorRegion id="r_18" custom="readingOrder {index:49;}">
         <Coords points="159,252 1211,252 1211,261 159,261"/>
      </SeparatorRegion>
      <SeparatorRegion id="r_19" custom="readingOrder {index:50;}">
         <Coords points="519,2208 823,2208 823,2214 519,2214"/>
      </SeparatorRegion>
      <SeparatorRegion id="r_20" custom="readingOrder {index:51;}">
         <Coords points="532,2424 822,2424 822,2430 532,2430"/>
      </SeparatorRegion>
      <SeparatorRegion id="r_21" custom="readingOrder {index:52;}">
         <Coords points="1590,2487 1892,2487 1892,2496 1590,2496"/>
      </SeparatorRegion>
      <SeparatorRegion id="r_22" custom="readingOrder {index:53;}">
         <Coords points="1592,4313 1898,4313 1898,4320 1592,4320"/>
      </SeparatorRegion>
      <SeparatorRegion id="r_23" custom="readingOrder {index:54;}">
         <Coords points="521,4440 827,4440 827,4446 521,4446"/>
      </SeparatorRegion>
      <SeparatorRegion id="r_24" custom="readingOrder {index:55;}">
         <Coords points="2296,5134 2502,5134 2502,5141 2296,5141"/>
      </SeparatorRegion>
      <SeparatorRegion id="r_25" custom="readingOrder {index:56;}">
         <Coords points="0,0 21,0 21,1063 0,1063"/>
      </SeparatorRegion>
      <SeparatorRegion id="r_26" custom="readingOrder {index:57;}">
         <Coords points="0,1063 41,1063 41,5345 0,5345"/>
      </SeparatorRegion>
      <SeparatorRegion id="r_27" custom="readingOrder {index:58;}">
         <Coords points="1195,285 1207,285 1207,2683 1195,2683"/>
      </SeparatorRegion>
      <SeparatorRegion id="r_28" custom="readingOrder {index:59;}">
         <Coords points="1201,2683 1211,2683 1211,5211 1201,5211"/>
      </SeparatorRegion>
      <SeparatorRegion id="r_29" custom="readingOrder {index:60;}">
         <Coords points="2267,284 2275,284 2275,474 2267,474"/>
      </SeparatorRegion>
      <SeparatorRegion id="r_30" custom="readingOrder {index:61;}">
         <Coords points="2266,478 2280,478 2280,4544 2266,4544"/>
      </SeparatorRegion>
      <SeparatorRegion id="r_31" custom="readingOrder {index:62;}">
         <Coords points="2272,4544 2277,4544 2277,5214 2272,5214"/>
      </SeparatorRegion>
      <SeparatorRegion id="r_32" custom="readingOrder {index:63;}">
         <Coords points="3463,0 3488,0 3488,5345 3463,5345"/>
      </SeparatorRegion>
      <SeparatorRegion id="r_33" custom="readingOrder {index:64;}">
         <Coords points="1363,257 1409,257 1409,259 1363,259"/>
      </SeparatorRegion>
      <SeparatorRegion id="r_34" custom="readingOrder {index:65;}">
         <Coords points="27,2969 32,2969 32,3021 27,3021"/>
      </SeparatorRegion>
   </Page>
</PcGts>
