3599 5366
304 204 457 246 Seite 8
871 207 1187 254 Wien, Samstag
1600 207 2010 258 Arbeiter-Zeitung.
2455 214 2727 256 1. Juli 1911
3114 218 3288 254 Nr. 178
248 307 1258 347 herunterſpringen ſollten. Immer neue Hilfsmann⸗
249 347 1259 388 ſchaften der Feuerwehr trafen ein und machten ſich ſofort
247 386 425 419 ans Werk.
354 425 1258 465 Im ganzen waren ſchließlich nicht weniger als vier⸗
249 464 1259 504 undzwanzig Leitergänge errichtet. Außerdem arbeiteten die
243 502 1258 541 Mannſchaften mit Fangleinen, Säcken und anderen
249 539 1258 588 Rettungsapparaten. Selbſt gewöhnliche Malerleitern, die
249 578 1259 621 im Hofe umherſtanden, wurden bei dem Rettungswerk
249 619 1258 665 verwendet. Die Hauptgefahr lag im Seitenflügel. Hier
252 658 1256 699 entwickelte die Feuerwehr eine fieberhafte Tätigkeit und
239 697 1259 738 mit wahrer Todesverachtung ſtiegen die Feuerwehrleute
250 736 1255 776 immer wieder durch die ſchwarzen Rauchwolken empor.
251 776 1258 815 So gelang es ihnen, eine Perſon nach der anderen in
251 813 1257 853 Sicherheit zu bringen. Die Frauen und die Kinder waren
250 853 1257 892 vor Angſt ſchon halb ohnmächtig, da ſie glaubten, daß
250 891 1256 937 das Feuer ſchon dicht hinter ihnen ſei. Ein Bravourſtück
250 930 1257 970 vollbrachte ein Dachdecker, der im dritten Stocke in un⸗
251 969 1257 1009 mittelbarer Nähe des Brandherdes wohnte. Er hatte zu⸗
250 1007 1257 1054 fällig eine große Waſchleine im Hauſe und ließ zuerſt
251 1040 1258 1092 ſeine Frau und dann ſich ſelbſt an der Leine in den Hof
250 1085 1256 1125 hinab. Vorher hatte er ſein Hündchen, von dem er ſich
250 1124 1257 1164 nicht trennen wollte, in eine Decke gehüllt und in das
253 1162 1254 1203 Sprungtuch der Feuerwehrleute hinabgeworfen. Er ſelbſt
249 1201 1255 1248 und ſeine Frau erreichten mit Hilfe der Feuerwehr
250 1241 1258 1281 glücklich den Hof. Sein Zimmer war inzwiſchen total
253 1280 471 1321 ausgebrannt.
354 1319 1259 1359 Auch an der Front nach der Alexanderſtraße zu
249 1352 1258 1399 ſpielten ſich aufregende Szenen beim Rettungs⸗
249 1397 1259 1437 werk ab. Einzelne Frauen und alte Männer
250 1436 1259 1477 mußten mit den Fangleinen zuſammen⸗
251 1475 1258 1516 gebunden werden, da ſie nicht mehr im⸗
250 1514 1260 1554 ſtande waren, mit eigener Kraft über
251 1552 1259 1592 die Leitern zu gehen. Widerſtandslos ließen ſie
252 1591 1257 1632 ſich von den Feuerwehrleuten packen und hinunter ſchaffen.
254 1631 1259 1672 So gelang es der Feuerwehr im Zeitraum von wenigen
255 1669 1259 1710 Minuten, an der Straßenfront ſieb zehn Perſonen
255 1708 1260 1747 und an der Hofſeite neunzehn Perſonen in
255 1746 1258 1791 Sicherheit zu bringen. Niemand hat,
256 1784 1259 1825 ſoweit ſich bisher feſtſtellen ließ, Brandwunden er⸗
254 1823 1258 1864 litten. Nur eine Frau, die erſt vor einigen Tagen aus
255 1862 1259 1903 dem Krankenhauſe nach einer Typhuserkrankung entlaſſen
254 1901 1259 1941 war, mußte mit ihrem vierjährigen Sohn nach dem
254 1934 1259 1979 Krankenhaus gebracht werden, da beide unter der Ein⸗
255 1979 1260 2025 wirkung des Rauches gelitten hatten. Eine ſiebzigjährige
256 2017 1261 2058 Frau, die wie alle anderen Perſonen unverletzt ins Freie
257 2057 1258 2096 geſchafft worden war, erkrankte ſpäter auf dem Hofe und
256 2095 1262 2136 mußte ſchleunigſt nach dem Krankenhauſe transportiert
257 2133 1260 2175 werden. Dort ſtarb ſie aber bald nach der Einlieferung,
257 2172 885 2213 vermutlich infolge von Herzſchwäche.
1406 1592 2313 1646 Auskünfte in allen Unfall⸗ und Rechtsſchutzangelegenheiten ſowie Erledi⸗
1305 1618 1952 1671 gung geſchäftlicher Dinge nur Dienstag und Freitag.
1403 1644 2313 1696 Die perſönliche Abwicklung irgend welcher Geſchäfte an den übrigen Tagen
1302 1669 1945 1723 iſt nur im Falle der äußerſten Dringlichkeit zuläſſig.
358 2211 1260 2252 Viel Mühe machte den Feuerwehrleuten die Rettung
256 2250 1260 2290 der zahlreichen Hunde, Katzen und Vögel, die in den
258 2289 1261 2330 einzelnen Wohnungen gehalten wurden. Auch hier konnten
255 2328 1261 2368 die Mannſchaften erfolgreich eingreifen und ſchließlich einen
257 2367 1259 2407 ganzen Tierpark in Sicherheit bringen. Nur ein Hund
255 2405 1262 2445 büßte das Leben ein. Das Tier war in einem Zimmer
255 2444 1260 2490 eingeſchloſſen und ſprang in ſeiner Angſt aus dem dritten
257 2482 751 2523 Stockwerk in den Hof hinab.
360 2522 1261 2561 Hand in Hand mit dem Rettungswerk war die Ab⸗
256 2560 1262 2601 löſchung des Feuers gegangen, das ſchließlich das ganze
257 2599 1262 2639 Treppenhaus des Seitenflügels von oben bis unten erfaßt
257 2638 1262 2678 hatte. Im erſten Stock hatte ſich der Brand auch auf ein
258 2676 1262 2717 Möbellager einer Speditionsfirma ausgedehnt. Nach zwei⸗
259 2715 1263 2756 ſtündiger Löſcharbeit der Feuerwehr war die Hauptgefahr
258 2748 396 2793 beſeitigt.
361 2792 1263 2840 Eine genaue Beſichtigung der Brandſtelle zeigte, in
254 2832 1264 2872 welcher Gefahr die Mieter, beſonders im Seitenflügel der
253 2871 1264 2917 Kaſerne, geſchwebt haben. Dort ſind faſt ſämtliche Wohnungs⸗
254 2910 1264 2949 türen zu beiden Seiten des breiten Korridors entweder
254 2949 1264 2987 völlig verbrannt oder ſtark verkohlt. Dies alles wurde
254 2987 1264 3028 durch gewaltige Stichflammen hervorgerufen, die ſich von
257 3026 1264 3072 dem weit entfernt gelegenen und ſogar durch eine Brand⸗
258 3059 1263 3105 mauer getrennten Brandherd auf die langen Gänge fort⸗
257 3103 1263 3144 pflanzten. Die Wohnungen der Mieter ſind durch die un⸗
256 3142 1264 3184 geheuren Waſſermaſſen, die in die Flammen geſchleudert
255 3182 1108 3222 wurden, ſtark in Mitleidenſchaft gezogen worden.
357 3220 1264 3260 Eine beſondere Abteilung der Mannſchaften ſuchte
252 3259 1263 3300 alle Räume ab, um feſtzuſtellen, ob etwa doch Perſonen
253 3297 1263 3338 bei dem Brande ums Leben gekommen ſeien. Bis zu den
241 3336 1260 3379 Mittagsſtunden wurde jedoch niemand gefunden und man
251 3376 1262 3417 kann annehmen, daß ſämtliche Inſaſſen gerettet worden
251 3413 1262 3458 ſind. Die Urſache des Feuers ließ ſich vorläufig
251 3452 1262 3496 noch nicht mit Beſtimmtheit feſtſtellen, doch wird ange⸗
257 3491 1263 3531 nommen, daß einige Kiſten mit Holzwolle, die
258 3524 1261 3569 im Erdgeſchoß unter der Treppe ſtanden, durch
261 3567 1076 3608 Selbſtentzündung in Brand gerieten.
359 3604 1263 3647 Nur durch die veraltete Bauart mit den langen
259 3646 1263 3687 durchgehenden Korridoren und den unzureichenden Holz⸗
256 3685 1264 3726 treppen konnte das an ſich nicht bedrohliche Feuer eine
258 3723 1263 3765 derartige Ausdehnung annehmen und ſo viel Menſchen in
260 3762 1263 3805 ſchwere Lebensgefahr bringen. Wie die Feſtſtellungen der
259 3796 1264 3847 Feuerwehr ergaben waren die langen Korridore nur mit
261 3842 1264 3885 ganz kleinen Lampen erleuchtet, und die Mannſchaften
264 3882 1264 3924 mußten, um überhaupt den Weg zu finden, ihre Magneſium⸗
264 3916 1263 3963 fackeln in Tätigkeit ſetzen. Lediglich der Aufopferung und
263 3959 1266 4001 Tapferkeit der Feuerwehr iſt es zu danken, daß eine
263 3999 1029 4039 ſchreckliche Kataſtrophe vermieden worden iſt.
1421 311 2197 401 Parteiangelegenheiten.
1337 405 1521 441 Mariahilf.
1404 449 2307 485 Heute Samstag um ½8 Uhr Abends im großen Saale
1302 482 2309 521 des Verbandsheims Feſtfeier aus Anlaß des Wahlſieges. Für
1302 519 2307 560 das Programm ſind hervorragende Künſtler gewonnen. Zur
1301 552 2309 589 Aufführung gelangen Chöre, ernſte und heitere Vorträge, Rezita⸗
1301 588 2308 624 tion, Geſang, alte Wiener Muſik. Die beiden Abgeordneten des
1300 622 2307 662 Bezirkes, Karl Leuthner und Franz Reifmüller,
1302 656 1716 693 werden Anſprachen halten.
1336 701 1546 736 Simmering.
1403 736 2307 772 Morgen Sonntag um ½9 Uhr Vormittags im Arbeiter⸗
1300 770 2307 807 heim, Schmidgunſtgaſſe Nr. 52, Vertrauensmännerver⸗
1301 805 1467 840 ſammlung.
1335 848 1484 883 Hietzing.
1403 882 2307 919 Heute Abends um 7 Uhr im Amalienpark, Hütteldorf,
1300 916 2306 955 Linzerſtraße Nr. 403, große Siegesfeier. Um 6 Uhr Abends Zu⸗
1300 952 2306 988 ſammenkunft in Pliſchkes Gaſthaus, Hütteldorferſtraße Nr. 127,
1301 986 2305 1024 von dort Abmarſch mit Muſikbegleitung durch den Bezirk zum
1301 1019 1450 1070 Feſtplatz.
1518 1082 2095 1127 Vereine und Verſammlungen.
1301 1131 2308 1164 Bund der techniſchen Beamten Oeſterreichs. Ortsgruppe
1301 1156 2308 1186 Stockerau. Morgen Sonntag gemeinſamer Familien⸗
1301 1184 2308 1216 ausflug der Zentralleitung des Bundes und aller
1301 1211 2307 1240 niederöſterreichiſchen Ortsgruppen zum Beſuch des
1302 1237 2307 1265 Gartenfeſtes der Ortsgruppe Stockerau. Gemeinſame Ab⸗
1301 1263 2309 1290 fahrt um 2 Uhr 20 Minuten Nachmittags von Wien, Nordweſtbahnhof. Ankunft
1301 1289 2307 1317 i Stockerau um 3 Uhr 7 Minuten Nachmittags. Abmarſch auf den Feſtplatz
1300 1315 2309 1344 (Hartmanns Reſtauration, Pragerſtraße), Begrüßung, Feſtrede (Ingenieur
1301 1341 1502 1368 Joſef Hoorn).
1554 1394 2065 1438 Nachtrag zur Sportrubrik.
1379 1444 2229 1489 Verband der Arbeiterradfahrer Oeſterreichs,
1688 1489 1927 1526 Kreis Wien.
1616 1540 1991 1575 VI/2, Millergaſſe Nr. 3.
1301 1581 2307 1610 Kanzleiſtunden von Dienstag bis Freitag täglich von 6 bis 8 Uhr Abends.
1400 1705 2309 1760 Kreisvertretung der Arbeiterradfahrervereine Wiens. —
1303 1750 2307 1783 Sämtliche Zuſchriften ſind an den Kreisſchriftführer Alois Smolar,
1306 1780 1758 1808 VI/2, Haydngaſſe Nr. 21, zu richten.
1465 1841 2150 1877 Ankündigungen der Verbandsvereine,
1302 1882 2311 1920 deren Mitglieder die Begünſtigungen des Verbandes genießen:
1405 1927 2309 1954 I. A.-R.-Kl. Landſtraße. Klublokal: III. Barichgaſſe Nr. 8.
1303 1951 2309 1980 Jeden Mittwoch Klubabend. — Morgen Sonntag Tagespartie nach Hof an
1303 1978 2308 2007 der Leitha. Abfahrt um 5 Uhr Früh vom Stangler. Schwimmhoſe mitnehmen!
1302 2004 2077 2032 Vormittagspartie und Nachmittagspartie nach Uebereinkommen.
1408 2031 2310 2059 Sonntag den 9. d. Tagespartie nach Oedenburg. Anmeldungen
1302 2055 2025 2084 bei Kollegen Balzer wegen der Verpflegung notwendig.
1408 2079 2311 2118 A.⸗R.⸗Kl. „Rote Nelke“. Klublokal: XVIII/1, Hildebrandgaſſe
1305 2112 2310 2143 Nr. 6, Ipsmillers Gaſthaus. — Klubcafé Weſely, XVIII. Thereſiengaſſe Nr. 12.
1303 2142 2310 2170 — Klubabend jeden Mittwoch von 8 bis ½10 Uhr. — Morgen Sonntag
1302 2168 2310 2195 Tagespartie durchs Kreuttal. Abfahrt um 6 Uhr Früh vom Klubcafé. — Nach⸗
1303 2194 2131 2222 mittagspartie nach Sebarn. Abfahrt um 1 Uhr vom Klublokal.
1407 2228 2310 2256 I. A.⸗R.⸗V. Döbling. Klublokal: Wihards Gaſthaus, XIX. Heiligen⸗
1303 2254 2312 2282 ſtädterſtraße Nr. 131. — Jeden Dienstag Einzahlungen und Mitgliederaufnahme
1305 2280 2310 2308 von ½8 bis 10 Uhr Abends. Jeden letzten Dienstag im Monat Vereinsabend
1304 2306 2310 2333 im Klublokal. — Morgen Sonntag Tagespartie nach Neuſiedl am
1305 2328 2312 2359 See. Abfahrt um 3 Uhr Früh. — Nachmittagspartie nach Schwadorf.
1304 2358 1752 2383 Abfahrt um ½2 Uhr vom Klublokal.
1408 2384 2139 2411 Dienstag den 4. d. Monatsverſammlung.
1405 2417 2310 2444 A.⸗R.⸗V. Schwechat. Vereinslokal in Steinharts Gaſthaus, Haupt⸗
1304 2443 2311 2470 platz Nr. 2. Jeden Mittwoch Klubabend. — Morgen Sonntag Vormittags
1303 2469 2310 2497 Agitationspartie. Zuſammenkunft präziſe 6 Uhr Früh. — Nachmittags
1305 2496 1925 2524 Comitéſitzung. Zuſammenkunft um 2 Uhr.
1551 2632 2062 2682 Jeder Parteigenosse, der
1553 2694 2062 2735 den Wert unserer wirt⸗
1553 2754 2062 2806 schaftlichen Organisation
1552 2816 2062 2867 würdigt, fördere dieselbe
1555 2877 2061 2928 durch ständigen Bezug
1772 2965 1850 2996 von
1378 3030 2250 3270 Hammer
1598 3318 2034 3526 Brot
1555 3777 2062 3827 Verkaufsstellen sind
1558 3840 2062 3889 durch unsere bekann⸗
1556 3903 2064 3951 ten Schilder erkenntlich
421 4071 1101 4157 Theater und Kunſt.
364 4172 1268 4211 Burgtheater. Geſtern nahm die ſchöne Erika
257 4215 1269 4256 v. Wagner als Julia Abſchied von Wien. Die ſeelenvollſte,
257 4260 1269 4299 die leidenſchaftlichſte unter allen jungen Schauſpielerinnen des
258 4302 1268 4343 Burgtheaters, die den Wuchs und inneren Ernſt zur großen
258 4345 1269 4386 Tragödin mitbrachte, läßt Herr v. Berger ziehen, wiewohl
259 4388 1270 4430 wir wahrhaftig an eigentlichen Tragöden im Burgtheater ganz
264 4431 1271 4477 arm geworden ſind. Fräulein v. Wagner iſt über die ſechzehn
262 4475 1272 4522 Jahre der Julia hinaus, ſie hätte die edelſte Hero, die künftige
262 4520 1273 4569 Iphigenie, die geborne Prinzeſſin im „Taſſo“ ſein können, weil
264 4565 1272 4615 ſie natürlichen Adel hat. Da redet man uns fortwährend vom
268 4609 1274 4658 Wiederaufbau des Enſembles, der wahrſcheinlich mit Frau
267 4652 1274 4703 Lewinsky und Fräulein Hönigsvald begonnen werden ſoll, und
267 4695 1276 4749 Dieſe Verheißung läßt man ziehen ... Ueberhaupt dieſe Auf⸗
269 4739 1277 4792 führung von „Romeo und Julia“! Dieſe Herren Pittſchau,
273 4781 1277 4836 Seydelmann, Löwe, Geraſch! Herr Treßler als Mercurio
272 4823 1278 4880 war die Erholung des Abends. Die Aufführung iſt noch von
276 4866 1279 4929 Schlenther übrig. Aber noch nicht ein Stäubchen iſt weg⸗
1200 4894 1251 4945 gr.
273 4919 418 4970 geblaſen!
371 4934 1285 5014 „Urania“. Heute Samstag um ½8 Uhr Abends findet
272 4976 1282 5055 in der „Urania“ der Vortrag „Alt⸗Wien“ von Adam Müller⸗
275 5040 684 5096 Guttenbrunn ſtatt.
1599 4049 2025 4133 Gerichtsſaal.
1311 4185 2313 4230 Die Gelben eine „Klaſſe der bürgerlichen Geſellſchaft“.
1911 4239 2279 4274 Salzburg, 29. Juni.
1415 4280 2315 4316 Zu welchen Tollheiten der Haß gegen die Sozialdemokratie
1312 4322 2316 4358 führt, erkennt man an einem Urteil des hieſigen Bezirksrichters
1312 4365 2314 4402 Dr. Haſſak. Am 13. Juni ſoll Genoſſe Joſef Witternigg
1312 4407 2314 4444 in Maxglan, das zu dem Bezirk gehört, in dem Herr Dr.
1314 4450 2316 4489 Stölzel einen ſo traurigen „Sieg“ errungen hat, zu einer
1315 4494 2315 4533 Gruppe von Sozialdemokraten und Mitgliedern der „deutſchen
1315 4537 2316 4576 Arbeiterpartei“, beſſer unter dem Namen Gelbe bekannt, die
1314 4582 2317 4621 in einem Streite begriffen waren, getreten ſein und gerufen
1316 4626 2316 4667 haben: „Was iſt da los, ihr gelben Schufte, ihr gelben Falloten,
1317 4669 2316 4709 jeder Deutſchnationale iſt ein Gauner, ihr ſeid Falloten und
1319 4712 2315 4750 Streikbrecher!“ Ein Herr Joſef Noiſternigg bezog dieſe
1320 4754 2314 4792 angeblich gefallenen Ausdrücke auf ſich und klagte wegen Be⸗
1320 4796 2313 4836 ſchimpfung. Genoſſe Witternigg führte ſechzehn Zeugen dafür,
1322 4838 2311 4880 daß er geſagt habe: „Genoſſen, laßt die gelben Schufte in Ruhe,
1322 4882 2311 4924 ſtraft ſie mit Verachtung, die Verräter!“ und daß er natürlich
1323 4927 2311 4964 den Herrn Noiſternigg als einzelnen nicht perſönlich habe ver⸗
1323 4972 1523 5008 letzen wollen.
1426 5013 2311 5052 Der Richter nahm aber an, daß Mitternigg den
1326 5054 2312 5094 Noiſternigg beleidigt habe, und verurteilte ihn zu der ungeheuer⸗
2353 313 3357 352 lichen Strafe von acht Tagen ſtrengen Arreſts.
2353 357 3358 395 Aus der Dauer der Strafe und aus der Verhängung des
2352 400 3356 438 ſtrengen Arreſts erkennt man die Triebfeder, die den Richter
2354 444 3356 481 geleitet hat. Um den ſtrengen Arreſt zu verhängen, bedurfte es
2352 486 3358 524 eines ganz beſonderen Umſtandes. Ihn fand der Richter, indem
2352 530 3352 567 er erklärte, das Betragen Witterniggs habe „abſichtliche Gering⸗
2351 572 3356 611 ſchätzung gegen ganze Klaſſen oder Stände der
2350 616 3358 654 bürgerlichen Geſellſchaft an den Tag gelegt“.
2351 660 3360 698 Die Gelben ſind alſo eine „Klaſſe der bürger⸗
2350 703 3360 741 lichen Geſellſchaft“! Solche Ausgeburten zeitigt eine
2350 747 3360 784 Juſtiz, die getrieben iſt vom Haſſe gegen eine Partei. Wenn der
2351 790 3358 827 Richter Haſſak bei der Logik bleibt, wird er nächſtens auch für
2350 832 3360 870 das Wort „Trottel“ ſtrengen Arreſt verhängen müſſen, denn
2351 876 3359 914 ebenſo wie die Gelben ſind auch die Dummköpfe eine Klaſſe
2350 919 2783 956 der bürgerlichen Geſellſchaft.
2453 963 3359 1000 Herr Kunſchak iſt neulich wegen in zwei Gemeinderats⸗
2350 1006 3358 1043 ſitzungen verübter Beſchimpfung von Gemeinderäten mit den
2349 1048 3358 1086 Worten „Schuft“ und „Lausbub“ zu drei Tagen einfachen Arreſts
2349 1093 3361 1130 verurteilt worden. Dieſe drei Tage und die acht Tage für den
2351 1136 3215 1171 Sozialdemokraten zeigen, wie die Juſtiz entarten kann.
2399 1215 3300 1260 Die Sittlichkeit des chriſtlichſozialen Landtags⸗
2727 1260 2989 1303 abgeordneten.
2929 1311 3324 1346 Salzburg, 29. Juni.
2453 1352 3362 1389 Vor dem hieſigen Landesgericht hatte ſich der klerikale
2350 1395 3363 1432 Landtagsabgeordnete Georg Brötzner, der von Großgrund⸗
2350 1438 3362 1476 beſitzern gewählt und auch Gemeindevorſteher in Siezenheim iſt
2350 1482 3359 1520 wegen Verbrechens der Verführung einer ihm als Haushaltungs⸗
2350 1525 3359 1562 vorſtand anvertrauten Minderjährigen, nämlich eines fünfzehn⸗
2349 1567 3357 1606 jährigen Kindermädchens, zu verantworten. Das Mädchen
2351 1611 3356 1649 hatte ſich aus Furcht vor Entlaſſung nichts zu ſagen getraut und
2352 1655 3360 1693 erſt als ſie ſchwanger war, machte ſie ihrer Mutter Mitteilung.
2351 1697 3360 1735 Als Brötzner hievon erfuhr, ſchickte er dem Mädchen fünfzig Kronen.
2354 1741 3363 1781 Die Vaterſchaft beſtritt er. Der Gerichtshof verurteilte ihn zu
2351 1784 3363 1820 ſechs Wochen ſchweren Kerkers. Brötzner iſt eben ein
2352 1827 3363 1863 würdiger Vertreter der chriſtlichſozialen Frömmigkeit. Die Ver⸗
2351 1869 3361 1907 führung des fünfzehnjährigen Dienſtmädchens iſt offenbar die
2351 1913 3360 1950 Bekundung des Patriarchalismus, den die Chriſtlichſozialen als
2353 1957 3360 1994 das wünſchenswerte Verhältnis zwiſchen Dienſtmädchen und
2353 2000 2641 2035 „Herrn“ ausgeben.
2643 2107 3075 2193 Sozialpolitik.
2419 2235 3295 2307 Der Verbandstag der Konſum⸗
2759 2311 2971 2367 vereine.
2458 2392 3360 2433 Im Favoritener Arbeiterheim tagte der achte Ver⸗
2353 2431 2855 2471 bandstag der Konſumvereine.
2456 2469 3363 2511 Der Verbandstag wird von Genoſſen Exner mit
2353 2509 3362 2548 einer Begrüßung der erſchienenen Gäſte, darunter die Ge⸗
2352 2548 3360 2588 noſſen Lorenz, Geſchäftsführer der Großeinkaufsgeſell⸗
2352 2586 3358 2627 ſchaft deutſcher Konſumvereine in Hamburg, und Aß⸗
2353 2625 3356 2672 mann aus Braunſchweig eröffnet. Im ganzen waren
2353 2664 3353 2705 67 Vereine durch 75 Delegierte vertreten. Ueberdies ſind
2354 2703 3353 2744 außer den bereits Genannten noch 22 Gäſte anweſend,
2352 2742 3355 2783 unter ihnen die Abgeordneten Reumann, Dr. Renner,
2354 2781 3358 2821 Seliger und Forſtner. Der Vorſitzende Exner be⸗
2351 2821 3359 2861 merkte, daß der Verbandstag zwar keine große, aber doch
2351 2858 3360 2904 eine wichtige Tagesordnung zu erledigen habe. Vor dem
2352 2897 3359 2939 Eingehen in die Tagesordnung beantragt Dr. Kar⸗
2350 2937 3358 2976 peles als einen weiteren Punkt den korporativen
2351 2975 3360 3017 Beitritt der Verbandsgenoſſenſchaften zum Internationalen
2355 3015 2710 3055 Genoſſenſchaftsbund.
2455 3062 3364 3099 Lorenz (Hamburg) berichtete über die Fortſchritte der
2352 3097 3361 3139 Genoſſenſchaftsbewegung in Deutſchland. Die Zahl der dem
2351 3132 3365 3168 Zentralverband angeſchloſſenen Vereine beträgt 1109 mit
2352 3167 3364 3203 1,171.763 Mitgliedern. Der Umſatz im eigenen Geſchäft beziffert
2351 3201 3362 3236 ſich auf 306,931.612 Mark, in der Eigenproduktion auf
2352 3235 3364 3272 53,342.684 Mark. Die Großeinkaufsgeſellſchaft hat für 88,670.000
2352 3269 3366 3307 Mark Waren abgegeben. Der Redner iſt überzeugt, daß die öſter⸗
2353 3304 3365 3343 reichiſchen Genoſſenſchaften beſtrebt ſeien, ihre Bewegung mit
2354 3338 2740 3374 allen Kräften zu fördern.
2457 3373 3361 3411 Genoſſe Suchanek begrüßt den Verbandstag namens
2353 3404 3362 3446 der Gewerkſchaftskommiſſion; er macht auf die Gleichartigkeit
2352 3438 3364 3480 der Intereſſen bei Gewerkſchafts⸗ und Konſumvereinen aufmerkſam.
2457 3477 3357 3514 Hierauf erſtattet der Verbandsſekretär Wilhelm den
2353 3511 3356 3547 Tätigkeitsbericht des Vorſtandes und des Sekretariats. Aus dem
2353 3546 3358 3583 Bericht iſt zu entnehmen, daß in Oeſterreich das Genoſſenſchafts⸗
2353 3580 3360 3618 weſen ebenfalls im allgemeinen in erfreulichem Aufſchwung be⸗
2356 3615 3361 3653 griffen iſt. Die Mitgliederbewegung in dem Zentralverband im
2356 3650 3108 3687 Jahre 1910 iſt aus folgender Tabelle erſichtlich:
2856 3695 3233 3722 Genoſſenſchaften
2728 3730 3366 3757 deutſche tſchech. poln. ital. ſlov. rum. Summe
2356 3761 2686 3798 Stand am 1. Jänner
2391 3797 2688 3828 1910 . . . . .
2358 3831 2690 3868 Beigetreten im Jahre
2391 3868 2690 3903 1910 . . . . .
2357 3902 2623 3937 Ausgeſchieden im
2391 3938 2688 3974 Jahre 1910 . . .
2357 3981 2687 4012 Stand Ende 1910 .
2756 3781 2819 3831 335
2771 3853 2819 3903 27
2788 3924 2819 3974 2
3027 3783 3077 3834 17
3027 3853 3077 3903 2
3027 3924 3077 3974 —
2856 3782 2906 3833 92
2856 3853 2906 3903 11
2856 3924 2906 3974 14
3114 3785 3171 3836 10
3114 3853 3171 3903 3
3114 3924 3171 3974 —
2947 3783 2988 3833 30
2947 3853 2988 3903 2
2947 3924 2988 3974 2
3193 3786 3251 3836 1
3193 3853 3251 3904 —
3193 3924 3251 3974 —
3291 3786 3353 3836 485
3291 3855 3349 3906 45
3291 3925 3350 3976 18
2461 4266 3369 4301 Die vom Zentralverband der öſterreichiſchen Konſum⸗
2357 4298 3370 4335 vereine herausgegebenen Genoſſenſchaftsblätter haben gleichzeitig
2358 4332 3370 4374 einen erfreulichen Zuwachs zu verzeichnen. Die Auflage des
2359 4365 3371 4407 „Konſumverein“ iſt auf 4650 Exemplare, des „Pionier“ auf
2358 4400 3369 4441 77.000 Exemplare geſtiegen. Das tſchechiſche Verbandsorgan,
2357 4436 3366 4478 der „Potravici Spolek“, hatte mit Jahresſchluß eine Auflage von
2357 4472 3367 4513 1250 Exemplaren, während der „Rozvoj“ monatlich in 12.000
2360 4507 3369 4549 Exemplaren erſcheint. Der „Zespolenic“, der im erſten Jahr⸗
2359 4542 3369 4586 gang ſtand, zählte am Schluß des Jahres eine Auflage von
2358 4578 2630 4614 2800 Exemplaren.
2449 4614 3365 4658 Von den Verbandsreviſoren wurden 1910 224 geſetzliche
2359 4647 3366 4694 Reviſionen durchgeführt. Nicht inbegriffen ſind jene Interven⸗
2358 4663 3365 4729 tionen, Anlagen von Büchern, Aufſtellung von Jahresrechnungs⸗
2359 4718 3366 4766 abſchlüſſen ꝛc., die auf Verlangen der Vereine durchgeführt
2357 4754 3362 4804 wurden. Die im Jahre 1910 errichtete Verſicherungsabteilung
2356 4765 3365 4840 hat für die verbandsangehörigen Genoſſenſchaften 220 Polizzen
2357 4822 3363 4882 gegen Feuer⸗ und 89 Polizzen gegen Einbruchſchäden mit einer
2357 4839 3366 4912 Geſamtprämienſumme von 6855 Kronen abgeſchloſſen. In einigen
2354 4874 3362 4948 Schadensfällen konnte der Zentralverband wiederholt zu Gunſten
2355 4930 3360 4978 der Genoſſenſchaften bei Liquidierung der Schadensſumme inter⸗
2353 4972 3362 5022 venieren. In mehreren Fällen wurde den geſchädigten Genoſſen⸗
2353 4998 3362 5052 ſchaften durch die Intervention des Zentralverbandes eine
2352 5030 3362 5106 weſentlich höhere Schadensſumme zugeſprochen, als dies ſonſt
2352 5046 2723 5108 der Fall geweſen wäre.
2459 4012 3361 4060 Sie verteilen ſich auf die einzelnen Diſtriktsverbände
2358 4056 3362 4093 wie folgt: Der Diſtriktsverband in Nordböhmen zählt 85, in
2359 4090 3362 4127 Weſtböhmen 64, der deutſchen Konſumvereine in Mähren und
2359 4123 3371 4163 Schleſien 77, der Alpenländer 42, der tſchechiſchen Konſum⸗
2357 4160 3364 4197 vereine in Mähren 63, der polniſchen Konſumvereine 35, in
2357 4194 3366 4233 Niederöſterreich 67; außerhalb der Diſtriktsverbände ſtehen
2358 4231 2666 4266 79 Genoſſenſchaften.
2758 3978 2812 4013 360
2855 3978 2898 4013 89
2943 3978 2986 4013 30
3028 3978 3072 4013 19
3117 3978 3159 4013 13
3217 3978 3250 4013 1
3289 3978 3362 4013 512
