2763 3576
124 204 381 245 1. Juli 1911.
843 213 1340 255 Illustrierte Kronen=Zeitung
1751 223 2102 264 Nr. 4130. Seite 3.
80 275 1089 320 Feuerwehr glücklich den Hof. Sein Zimmer war inzwischen
80 312 375 351 total ausgebrannt.
331 354 844 404 Die Rettung der Haustiere.
174 410 1091 451 Viel Mühe machte den Feuerwehrleuten die Rettungs
77 443 1090 487 der zahlreichen Hunde, Katzen und Vögel, die in den
77 480 1090 523 einzelnen Wohnungen gehalten wurden. Auch hier konnten die
77 514 1090 558 Mannschaften erfolgreich eingreifen und schließlich einen
77 551 1090 593 ganzen Tierpark in Sicherheit bringen. Nur ein Hund
74 586 1088 629 büßte das Leben ein. Das Tier war in einem Zimmer ein⸗
74 622 1088 665 geschlossen und sprang in seiner Angst aus dem
73 657 778 696 dritten Stock in den Hof hinab.
340 703 805 746 Die Ursache des Brandes.
164 755 1086 798 Der Brand wurde nach mehrstündiger Arbeit gelöscht.
71 789 1085 832 Die Entstehungsursache ließ sich noch nicht mit Be⸗
70 824 1084 868 stimmtheit feststellen, doch wird angenommen, daß einige
71 861 1084 904 Kisten mit Holzwolle, die im Erdgeschoß unter der
71 896 1083 939 Holztreppe standen, durch Selbstentzündung in
69 933 321 968 Brand gerieten.
161 1005 997 1077 Ein neuer Cholerafall an Bord der
460 1075 698 1145 „Oceania“.
143 1150 1082 1199 An Bord des beim Seelazarett in Triest veranker⸗
68 1196 1082 1246 ten Dampfers „Oceania“ der Austro=Americana ist ein
67 1241 1081 1289 neuer Cholerafall konstatiert worden. Bekanntlich
68 1286 1079 1333 ist der Dampfer am 24. v. M. in Triest angekommen,
65 1330 1078 1377 und knapp nach der Ankunft starb an Bord des Dampfers
64 1374 1078 1422 die Reisende Maria Brenner unter verdächtigen Er⸗
65 1419 1078 1467 scheinungen. Die bakteriologische Untersuchung ergab
67 1464 1073 1512 asiatische Cholera. Der Dampfer wurde nach
64 1509 1076 1557 dem Seelazarett geschickt, wo alle Passagiere und die Be⸗
63 1554 1075 1601 satzung unter ärztliche Beobachtung gestellt und an Bord
62 1600 1075 1647 und Ladung die notwendigen Desinfektionen vorgenom⸗
64 1644 293 1680 men wurden.
139 1689 1074 1735 Donnerstag nachmittags hätte der Dampfer aus der
61 1732 1075 1779 fünftägigen Beobachtung entlassen werden und die Er⸗
59 1776 1075 1822 laubnis zur Abfahrt erhalten sollen; aber als Sanitäts⸗
57 1821 1071 1866 inspektor Dr. Markhl in Sankt Bartholomä eintraf,
57 1864 1069 1911 wurde ihm gemeldet, daß eine Frau heftig
58 1909 1070 1955 fieberte und an Brechdurchfall litt. Die Kranke
58 1954 1072 2001 — es war die Reisende Marie Soldan — wurde aus⸗
57 1999 1069 2046 geschifft und ins Hospital des Lazaretts gebracht. Ihr
58 2043 1072 2092 Zustand soll sehr schwer sein. Die bakteriologi⸗
57 2089 1071 2136 sche Untersuchung ergab ebenfalls asiatische Cho⸗
57 2134 1067 2181 lera. Die ersten Krankheitserscheinungen hatten sich an
55 2178 792 2225 der Patientin erst tags zuvor gezeigt.
136 2223 1070 2271 Indessen wurde dem Dampfer die Erlaubnis zur
54 2268 1064 2317 Abfahrt entzogen, so daß er nun weitere fünf Tage im
53 2313 493 2357 Seelazarett bleiben muß.
275 2362 833 2411 Fliegen als Krankheitsträger?
133 2417 1067 2467 Auf Grund der gemachten Recherchen dürste die
57 2462 1064 2512 Cholera = Infektion an Bord der „Oceania“
56 2509 650 2555 durch Fliegen geschehen sein.
204 2560 916 2610 Ein choleraverdächtiger Fall in Debrezin.
133 2616 1065 2665 In Debrezin sollen, wie verlautet, der Staats⸗
55 2659 1064 2710 bahnlokomotivführer Georg Megyery und dessen
54 2704 1065 2755 Gattin unter choleraverdächtigen Erschei⸗
54 2750 1063 2799 nungen erkrankt sein. Die Behörde traf sofort die zur
55 2794 1061 2846 Hintanhaltung einer Verschleppung der Seuche notwen⸗
54 2839 365 2886 digen Maßregeln.
208 2921 922 2997 Amerikanischer Rekordwahnsinn.
121 3002 981 3050 In einem Faß den Niagarafall durchschwommen.
130 3050 1058 3104 Anders als „Wahnsinn“ kann man das Spielen mit
48 3094 1056 3148 dem Leben, wie es in Amerika üblich ist, nicht nennen.
49 3138 1056 3193 Ein Bravourstück, das gar keinen praktischen Wert hat,
49 3180 1055 3236 sondern nur eine „Rekordleistung“ sein soll, die bisher
49 3228 1055 3283 noch niemand vollbracht hat, sollte als Verbrechen gegen
47 3265 988 3325 die Sicherheit des Lebens gerichtlich bestraft werden.
124 3318 1054 3370 Den neuesten „Rekord“, der ihn beinahe das Leben
43 3351 1052 3417 gekostet hätte, stellte ein Herr Leach auf, der Don⸗
1394 325 2313 408 Demolierung des „Feuerspritzenhauses“.
1627 2319 2039 2365 Die Hofseite des Hauses.
1205 2385 2540 2434 Wieder soll ein altes Wiener Gebäude der Demolierung anheimfallen, an welches
1112 2419 2541 2472 sich die Erinnerung an ein in demselben verübtes Verbrechen knüpft. Es ist dies das
1110 2456 2542 2507 Haus Nr. 31 der Unteren Augartenstraße, das sogenannte „Feuerspritzenhaus“,
1111 2492 2541 2544 für dessen Umbau bereits um die Baulinienbestimmung angesucht wurde. Wie ver⸗
1112 2528 2541 2581 lautet, soll ein Teil des Grundes für die Verlängerung der Leopoldsgasse verwendet
1110 2564 1227 2593 werden.
1203 2601 2542 2654 Das Feuerspritzenhaus ist ein Riesengebäude mit einer Unzahl von Höfen und
1110 2635 2541 2690 Winkeln. Es wird von 118 Parteien mit etwa tausend Personen bewohnt. Am
1112 2672 2542 2728 1. Februar des Jahres 1902 wurde die im Feuerspritzenhause wohnhafte 84jährige
1111 2707 2542 2760 Tischlerswitwe Thekla Hegerhorst ermordet aufgefunden. Als Täter wurde der
1109 2743 2542 2800 Motorführer Johann Frauscher verhaftet, der von den Geschwornen zum Tode
1109 2779 2525 2838 durch den Strang verurteilt wurde. Zur Exekution kam es nicht, denn die Todesstraf
1109 2816 2173 2866 wurde im Gnadenwege in lebenslänglichen Kerker umgewandelt.
1096 2937 2107 2991 nerstag in einem Stahlfaß die Niagarafälle
1094 2982 2106 3036 durchschwamm. Nachdem er drei Stunden lang im
1094 3025 2106 3079 Faß umhergeschleudert worden war, fischte man ihn aus
1093 3068 2105 3123 dem Wasser heraus. Man hielt ihn anfänglich für tot.
1092 3113 2106 3165 Er lebt jedoch und liegt nun besinnungslos in
1092 3156 2106 3211 einem Hotel. Leach hat dieses waghalsige Unter⸗
1092 3201 2102 3249 nehmen in einer eigens konstruierten Tonne vorbereitet.
1090 3244 2106 3299 Sie besteht aus dünnen, aber festen Stahlplatten und ist
1091 3289 2102 3344 innen gepolstert. 300.000 Menschen wohn⸗
1090 3327 1750 3380 ten dem aufregenden Schauspiel bei.
2163 2961 2508 3034 Auskünfte.
2178 3065 2540 3102 E. T., Kurrentgasse.
2143 3098 2542 3140 Die geschiedene Frau er⸗
2143 3135 2541 3178 hält einen Paß nicht.
2143 3173 2540 3213 Ein Mädchen in anderen
2143 3209 2540 3247 Umständen wird in Ame⸗
2140 3245 2540 3288 rika zur Einwanderung
2141 3280 2540 3325 nicht zugelassen, sondern
2141 3319 2537 3361 muß mit dem nächsten
2140 3354 2514 3398 Schiff nach Oesterrei
2141 3390 2238 3419 zurück.
