3488 5349
184 141 319 175 Seite 6
738 133 1011 177 Wien, Samstag
1450 129 2023 169 Neue Freie Presse.
2476 121 2704 159 1. Juli 1911
3068 119 3267 161 Nr. 16830
2281 194 3302 245 bewegung aktiven Anteil nimmt, iſt ſelbſtverſtändlich. Fräu⸗
2282 232 3303 284 lein v. Nauheimer war im Ausſchuſſe des Allgemeinen öſter⸗
2281 270 3303 327 reichiſchen Frauenvereines und hat ſpäter als Mitglied der
2282 313 3303 364 Rechtskommiſſion des Bundes öſterreichiſcher Frauenvereine an
2282 353 3300 403 den bekanntlich ſehr beachtenswerten Vorſchlägen mitgearbeitet,
2283 392 3302 441 die der Bund zur Reform des Bürgerlichen Geſetzbuches er⸗
2282 432 3302 482 ſtattet hat. Als Mitbegründerin des Wiener Frauenſtimmrechts⸗
2282 470 3303 522 komitees ſetzt ſie ſich für das politiſche Vereinsrecht der Fra###
2283 510 3303 560 ein, das in Oeſterreich noch geſchaffen werden muß, da der
2283 549 3302 598 § 30 des beſtehenden Vereinsgeſetzes Frauen und Minder⸗
2281 587 3302 641 jährigen die Teilnahme an politiſchen Vereinen unterſagt. Sie
2282 629 3302 681 hat auf dieſem Gebiete viel Aufklärungsarbeit geleiſtet und in
2282 668 3302 721 mancher begeiſterten Rede den innigen Zuſammenhang der
2282 706 3303 761 Politik mit den Intereſſen der Frau — als Hausfrau, Gattin.
2282 743 3304 797 Mutter und berufliche Tätigkeit — dargetan. Wer Fräulein von
2281 787 3303 837 Nauheimer in Verſammlungen ſprechen oder einer ſolchen mit
2282 824 3300 878 Ruhe, Energie und Gewandtheit präſidieren geſehen hat,
2281 864 3301 917 mußte den Eindruck bekommen, daß er hier einer in ſich ge⸗
2281 902 3304 957 feſtigten, von freiheitlichen Ideen erfüllten Perſönlichkeit gegen⸗
2281 942 3302 995 überſtehe. Ihre Kandidatur für den Bezirksſchulrat hat der
2281 983 3302 1035 Verein der Lehrerinnen und Erzieherinnen aufgeſtellt, in deſſen
2281 1020 3301 1075 Leitung ſie iſt. Die Qualitäten der erſten Bezirksſchulrätin
2283 1060 3301 1114 als Lehrerin beleuchtet am beſten die Tatſache, daß ſie, ſeit
2281 1100 3301 1153 24 Jahren in ſtädtiſchen Dienſten, und zwar an exponierten
2281 1140 3301 1195 Schulen (Meidling, Rudolfsheim) wirkend, trotz ihrer ſtets
2282 1178 3302 1233 unverhüllt zur Schau getragenen Geſinnung, ihrer hervor⸗
2282 1221 3302 1272 ragenden agitatoriſchen Tätigkeit ſelbſt unter dem Regime der
2282 1259 3263 1310 chriſtlichſozialen Machthaber nie einen Anſtand hatte. R. M.
2362 1330 3305 1383 Haag (Niederöſterreich), 30. Juni. [Orig.⸗Korr.]
2284 1368 3303 1422 (Von der Roſegger⸗Stiftung.) Der Sängergauverband
2286 1407 3304 1461 „Oſtmark“ hat auf dem am 25. d. in Haag abgehaltenen Gau⸗
2282 1445 3304 1500 tage einſtimmig beſchloſſen, zur Roſegger⸗Stiftung einen zweiten
2284 1485 3304 1540 Bauſtein zu zeichnen. Der erſte wurde anläßlich des vor zwei
2286 1525 3305 1579 Jahren in Amſtetten ſtattgehabten Gautages über Antrag des
2280 1563 3303 1619 Männergeſangvereines „Liedertafel“ Haag (Niederöſterreich) ge⸗
2280 1603 3300 1655 zeichnet und konnte ſchon im Oktober des Vorjahres an die
2278 1640 3238 1695 Hauptleitung des Deutſchen Schulvereines abgeführt werden.
2358 1716 3305 1770 Graz, 30. Juni. [Orig.⸗Telegr.] (Ankauf der
2282 1754 3302 1811 Grazer Waſſerwerke durch die Gemeinde.)
2283 1795 3300 1847 Der Gemeinderat von Graz hat heute in vertraulicher Sitzung
2281 1832 3300 1888 über den Antrag des Bürgermeiſterſtellvertreters Habiſch
2282 1871 3301 1927 beſchloſſen, den Vertrag wegen Ankauf des Grazer
2282 1908 3303 1967 Waſſerwerkes mit der Grazer Waſſerverſorgungsgeſell⸗
2282 1951 3301 2007 ſchaft, deren Präſident Herr Oskar v. Pongracz in Wien
2282 1991 3302 2045 iſt, abzuſchließen. Mit dieſem Beſchluß geht das Waſſerwerk
2284 2033 3302 2086 um den Betrag von rund 6¼ Millionen Kronen ohne Hinzu⸗
2284 2070 3303 2124 rechnung der Liquidationsgebühren in das Eigentum der
2283 2113 2707 2159 Stadtgemeinde Graz über.
2360 2184 3317 2234 Budapeſt, 30. Juni. [Telegr.] (Abgeordneten⸗
2282 2223 3302 2273 haus.) In Fortſetzung der Appropriationsdebatte erklärt
2282 2262 3301 2314 Abgeordneter Ludwig Hollo (Juſth⸗Partei), er bedauere,
2283 2301 3301 2353 daß die trialiſtiſchen und andere gegen Ungarn gerichteten
2281 2341 3299 2391 ſtaatsrechtlichen Tendenzen bei den Kroaten eine Stütze finden.
2280 2380 3300 2433 Er erörtert ſodann die Gründe ſeines Mißtrauens zur Re⸗
2283 2416 3302 2460 gierung, kritiſiert ihre. kulturelle und wirtschaftliche Tätigkeit.
2282 2459 3301 2509 bemängelt ihre Steuerpolitik, welche die breiten Schichten der
2280 2498 3302 2549 Bevölkerung belaſte, ſowie die anderweitige politiſche Tätigkeit
2283 2538 3300 2593 des Kabinetts und betont, die dringendſte Aufgabe des
2282 2577 3302 2627 Landes bilde jetzt eine parlamentariſche Reform. Redner
2281 2617 3301 2668 nimmt hierauf gegen die Wehrreformvorlagen Stellung, die ein
2282 2656 3303 2704 Ueberhandnehmen des Militarismus zum Schaden der kultu⸗
2281 2697 3305 2744 rellen Entwicklung Ungarns bedeuten. Er unterbreitet einen
2280 2733 3303 2783 Beſchlußantrag, wonach die Regierung vor Be⸗
2280 2775 3301 2823 ratung der Wehrvorlagen eine Wahlreform⸗
2281 2814 3299 2863 vorlage unterbreiten und verhandeln laſſen ſoll, durch
2281 2852 3302 2903 welche das allgemeine Wahlrecht geſchaffen wird. (Beifall
2281 2895 2379 2936 links.)
2355 2933 2952 2977 Die Verhandlung wird abgebrochen.
2353 2966 3304 3024 Bei Feſtſtellung der Tagesordnung der morgigen Sitzung
152 206 1166 268 bringen, ſondern vielmehr den Inhalt des Ausgleiches
147 250 1166 305 mit dem vom ungariſchen Ausgleichsgeſetze abweichenden
151 293 940 351 österreichischen Gesetzestexte zu beeinträchtigen.
366 385 947 450 Die Wahlen in Galizien.
224 449 1171 498 37. Myslenice. Endgiltiges Reſultat: Gewählt Andreas
149 489 1171 537 Sredniawski (Volkspartei) mit 5533 und Anton Banas
145 528 1169 577 (Fronde der Volkspartei) mit 3442 von 10.075 giltigen Stimmen.
150 567 1172 615 Als Erſatzmänner wurden gewählt: Für Sredniawski Fryderyk
154 608 940 659 Czepiel und für Banas Johann Modelski.
194 684 1125 753 Die Wahlexzeſſe und Bauernunruhen im
457 748 862 810 Kaluszer Bezirke.
398 814 907 851 (Telegramm der „Neuen Freien Preſſe“.)
783 847 1131 887 Lemberg, 30. Juni.
223 889 1164 941 Die Vermutung, daß die alarmierenden Nachrichten
147 934 1164 987 eines hieſigen Blattes von blutigen Exzeſſen, die im
148 978 1166 1032 Kaluszer Bezirk geſtern vorgekommen ſein ſollen, über⸗
148 1022 1161 1074 trieben waren, hat sich nunmehr als begründet erwiesen.
147 1066 1165 1120 Wie aus Kalusz telegraphiert wird, iſt es in dieſem
147 1111 1164 1168 Bezirke geſtern überhaupt zu keinem Zuſammenſtoß
146 1156 1164 1212 zwiſchen Bauern und Militär, ſondern nur zu
145 1199 1165 1256 Reibungen zwiſchen Bauern verſchie⸗
148 1246 951 1299 dener Parteirichtungen gekommen.
225 1288 1163 1343 In einigen Dörfern des Kaluszer Bezirkes, den
145 1332 1165 1391 früher zwei Ukrainer, darunter auch der Vizepräſident des
140 1377 1161 1435 Abgeordnetenhauſes Romanczuk, vertreten haben,
146 1420 1164 1480 herrſcht unter den ukrainiſchen Parteigängern eine gewiſſe
147 1462 1165 1523 Mißſtimmung, weil jetzt dort eine ſehr lebhafte und an⸗
145 1509 1163 1570 ſcheinend ausſichtsreiche Agitation zu Gunſten des pol⸗
144 1553 1163 1613 niſchen Demokraten Zaranski, der ſchon in Weſt⸗
145 1598 1163 1656 galizien gewählt iſt, betrieben wird. Die ukrainiſchgeſinnten
146 1638 1161 1700 Bauern ergingen ſich deswegen gegen Andersgeſinnte in
147 1693 352 1745 Drohungen.
227 1729 1164 1783 In der Gemeinde Niegowice haben ſie auch in
147 1773 1165 1831 mehreren von Anhängern der gegneriſchen Partei be⸗
147 1818 1165 1874 wohnten Häuſern die Fenſterſcheiben einge⸗
145 1861 1162 1921 ſchlagen, Zäune und Brunnen zerſtört,
149 1906 1166 1962 einen Teil der Feldſaaten vernichtet und auch ſonſt ver⸗
148 1949 1166 2010 ſchiedene Verherungen angerichtet. Eine größere Aus⸗
150 1995 1165 2054 dehnung haben aber dieſe Krawalle nicht angenommen
150 2044 844 2095 und es wurde auch niemand verwundet.
225 2083 1165 2143 Der Kaluszer Bezirkshauptmann Wahdowski iſt
149 2127 1165 2187 in Niegowice eingetroffen und hat auf die erregten Ge⸗
147 2172 1165 2231 müter beruhigend eingewirkt. Zur Aufrechterhaltung der
149 2216 1162 2276 Ruhe und Ordnung wurde eine Militärabteilung nach
149 2258 863 2319 Kalusz und Umgebung abkommandiert.
224 2304 1168 2362 Nach den telegraphiſchen Meldungen, die abends in
149 2346 1166 2407 Lemberg eingelangt ſind, verhält ſich im Kaluszer Bezirk
150 2390 1167 2451 die bäuerliche Bevölkerung bereits vollkommen
145 2441 299 2495 ruhig.
224 2478 1166 2534 „Kurjer Lwowski“ und „Wiek Nowy“ erfahren, daß
150 2522 1166 2580 die Bauernunruhen in mehreren Dorfgemeinden des
148 2567 1169 2627 Kaluszer Bezirkes einen agrariſchen Hinter⸗
153 2610 1167 2673 grund haben und nur teilweiſe mit der Wahlagitation
153 2663 612 2715 im Zuſammenhang ſtehen.
231 2698 1170 2758 „Kurjer Lwowski“ behauptet, daß es dort zwiſchen
152 2742 1169 2802 den rutheniſchen und polniſchen Bauern zu einem Zu⸗
152 2786 1169 2845 ſammenſtoß gekommen ſei. In mehreren Gutshöfen
159 2828 1175 2888 wurden Heuſchober in Brand geſteckt, was als Zeichen
162 2877 902 2935 für den Beginn der Ausſchreitungen galt.
566 2962 760 3022 Inland.
226 3022 1174 3073 Wien, 30. Juni. (Reiſe des ungariſchen
155 3062 1170 3117 Miniſterpräſidenten Grafen Khuen nach
155 3102 1172 3155 Wien.) Die „Budapeſter Korreſpondenz“ meldet: Miniſter⸗
153 3141 1174 3194 präſident Graf Khuen⸗Hedervary wird vor dem Kaiſer
153 3179 1172 3234 in Audienz erſcheinen, um den Monarchen vor deſſen Abreiſe
154 3221 1172 3273 nach Iſchl einen Vortrag über laufende Angelegenheiten zu
157 3258 1172 3311 erstatten. Da der Miniſterpräſident durch die Appropriations⸗
156 3294 1172 3346 debatte und durch die Beratungen der Ausſchüſſe des Abge⸗
155 3336 1172 3389 ordnetenhauſes an Wochentagen abgehalten iſt, wird er die
154 3375 1171 3426 Reiſe nach Wien Samstag abends in Begleitung ſeines
154 3416 1172 3462 Sekretärs Dr. Stephan v. Barczy antreten, um im
157 3454 1172 3503 Laufe des Sonntags in Audienz zu erſcheinen. An⸗
155 3488 1172 3547 läßlich ſeiner diesmaligen Reiſe nach Wien wird Miniſterpräſi⸗
155 3530 1172 3580 dent Graf Khuen⸗Hedervary auch eine Begegnung mit
155 3570 1171 3618 dem neuernannten öſterreichiſchen Miniſter⸗
155 3615 911 3659 präſidenten Baron Gautſch haben.
229 3683 1175 3729 Wien, 30. Juni. (Freiherr v. Chlumecky für
148 3722 1172 3769 eine Reichspartei.) In der „Oeſterreichiſchen Rund⸗
151 3761 1174 3808 ſchau“ entwickelt Landtagsabgeordneter Freiherr v. Chlu⸗
149 3800 1173 3844 mecky den Gedanken einer Reichspartei, welche die Aufgabe
151 3839 1173 3888 haben ſoll, für die Erhaltung und Stärkung der Einheit der
151 3877 1172 3923 Monarchie zu wirken und ſeparatiſtiſchen Tendenzen entgegenzu⸗
151 3915 1172 3964 treten, Freiherr v. Chlumecky führt aus: Zerſtreut finden ſich
152 3955 1175 4000 hüben und drüben viele Freunde der Einheit der Monarchie.
152 3994 1175 4041 Sie zu einer alle umſchließenden, aus allen Schichten der Be⸗
152 4033 1174 4084 völkerung ſich rekrutierenden Reichspartei zu vereinigen, täte
151 4072 1174 4119 dringend not. Es würde ſich um die Bildung einer politiſchen
151 4111 1177 4158 Organiſation handeln, die ſich nicht auf Oeſter⸗
150 4151 1172 4196 reich allein beſchränkt, ſich vielmehr auch
152 4190 1174 4236 auf Ungarn und die annektierten
151 4228 1176 4275 Provinzen erſtreckt. Denn auch Bosnien und die Herzego⸗
153 4267 1175 4312 wina haben das größte Intereſſe daran, daß die Einheit der
152 4302 1175 4351 Monarchie erhalten und gefeſtigt werde und daß ſie nicht
151 4344 1176 4397 lange mehr den Zankapfel zwiſchen den beiden Reichshälften
151 4376 1175 4428 bilden. Viel Zeit iſt nicht mehr zu verlieren, denn nur eine
153 4421 1176 4474 kurze Friſt trennt uns vom Jahre 1917, bis zu welchem der
151 4460 1176 4506 Ausgleich befriſtet iſt. Und eben dieſe Ausgleichsgeſetze bergen
152 4497 1176 4545 in ſich eine große Gefahr — bieten ſie doch die Möglichkeit
152 4538 1176 4584 der wirtſchaftlichen Trennung Ungarns von Oeſterreich. Dieſe
151 4576 1176 4621 wäre aber der Anfang vom Ende der Monarchie. Denn in
153 4616 1175 4660 dem Augenblicke, wo die wirtſchaftliche Gemeinſamkeit aufhört,
153 4648 1175 4701 endet auch der Zweck aller anderen gemeinſamen Inſtitutionen,
154 4692 1176 4738 die doch ihre lebensfähigſte Wurzel in das Erdreich gemein⸗
153 4731 1175 4779 ſamer wirtſchaftlicher Intereſſen geſenkt haben. Im Jahre 1917
153 4770 1177 4817 wird eine für das Schickſal des Habsburgerreiches unendlich
154 4808 1176 4855 wichtige Frage zu beantworten ſein. Eine glückliche Löſung
155 4846 1177 4893 dieſer Frage vorzubereiten, iſt die Wicht all jener, die noch
155 4887 1177 4933 der Fahne der Gemeinſamkeit folgen. Darum müßten ſie ſich
153 4925 1178 5046 zusammentun ohne Rücksicht auf nationale Divergenzen und
156 4963 1180 5010 politiſche Meinungsverſchiedenheiten. Wo die Einheit und die
156 5002 1179 5050 Machtſtellung der Monarchie in Frage kommt, da ſollten die
156 5042 1181 5095 ſonſtigen politiſchen Differenzen zurückſtehen. Im Lager der
157 5081 1180 5127 Reichspartei können ſich alle finden, denn in dieſem Lager
159 5118 891 5169 befände ſich — die Zukunft der Monarchie.
1294 201 2237 248 Wien, 30. Juni. (Die Gemeindewahlen in
1216 240 2236 289 Mödling.) Aus Mödling wird uns berichtet: Morgen
1216 280 2238 326 finden die Gemeindewahlen mit der Abſtimmung des erſten
1216 315 2238 368 Wahlkörpers ihren Abſchluß. Von deutſchfreiheitlicher Seite ſind
1218 356 2239 404 aufgeſtellt: Handelskammerrat Walter Bohmayer, Advokat
1217 397 2239 441 Dr. Karl Walther, Bäckermeiſter Julius Ratz, Fabrikant
1217 435 2238 483 Richard Fiedler, Gaſtwirt Eugen Biegler und Privatier
1218 473 2238 519 Georg Stelzer. Erlangen die Deutſchfreiheitlichen auch die
1218 513 2240 559 ſechs Mandate des erſten Wahlkörpers, ſo ſtellt ſich das Parteien⸗
1218 551 2239 598 verhältnis in der künftigen Gemeindevertretung folgendermaßen:
1218 591 2239 644 25 Deutſchfreiheitliche, drei von beiden Parteien gewählte Ver⸗
1217 629 2239 677 treter und 14 Chriſtlichſoziale, deren Mandate jetzt nicht zur
1217 673 1522 717 Beſetzung gelangten.
1293 739 2238 795 Wien, 30. Juni. (Der Konflikt zwiſchen All⸗
1216 782 2238 827 deutſchen und Deutſchradikalen in Aſch.) Vom
1216 821 2239 866 Alldeutſchen Verein in Aſch geht uns zum Konflikt über die
1215 859 2238 905 Reichsratswahl eine Darſtellung zu, der wir folgendes ent⸗
1215 898 2233 943 nehmen: Am 20. d. fand im Aſcher Wahlkreiſe eine
1214 937 2238 983 Stichwahl ſtatt zwiſchen dem ſozialdemokratiſchen und dem deutſch⸗
1214 977 2236 1022 radikalen Reichsratswerber. Dieſe hat zu Uugunſten des letzteren
1215 1010 2233 1061 entſchieden. Entgegen den nach der Wahl aufgetauchten und ver⸗
1215 1047 2235 1101 ſchiedentlich auch in der Preſſe wiedergegebenen Gerüchten von
1215 1093 2235 1140 einem Kompromiß zwiſchen Sozialdemokraten und Alldeutſchen
1213 1132 2236 1178 bezüglich des Aſcher Mandats ſei folgendes feſtgeſtellt: 1. Es iſt
1215 1165 2235 1216 weder von den Sozialdemokraten noch von den Alldeutſchen auch
1214 1208 2235 1256 nur der Verſuch eines ſolchen Kompromiſſes angebahnt worden,
1213 1249 2237 1299 ja im Gegenteile, die Leitung der alldeutſchen Partei im Aſcher
1213 1287 2238 1334 Bezirke hätte ſich mit Entſchiedenheit gegen eine ſolche Verein⸗
1214 1321 2239 1373 barung, wäre ſie von welcher Seite immer angeregt worden, ge⸗
1215 1366 2236 1413 wehrt und ſelbe verworfen. Inzwiſchen hat auch die ſozial⸗
1214 1401 2235 1454 demokratiſche Partei in ihrem weſtböhmiſchen Organ erklärt,
1214 1440 2233 1495 daß ein Kompromiß zwiſchen Alldeutſchen und Sozialdemokraten
1215 1483 2236 1533 abſolut nicht vorhanden geweſen ſei, ihr Eintreten für die all⸗
1215 1520 2227 1570 deutſchen Bewerber ſich lediglich auf den Wiener Parteihaupt⸗
1215 1561 2234 1608 beſchluß, oppoſitionelle Bewerber gegenüber anderen bürgerlichen
1215 1600 2234 1647 Parteien zu unterſtützen, zurückführen laſſe Eine Gegen⸗
1216 1639 2235 1685 leiſtung ſei nicht verlangt worden. 2. Wenn die Wahl in Aſch
1215 1679 2236 1724 gleichwohl ungünſtig für den deutſchradikalen Bewerber ausfiel,
1215 1711 2237 1763 ſo iſt das lediglich auf die freie Willensäußerung der alldeutſchen
1215 1757 2235 1803 Wählerſchaft zurückzuführen, hervorgerufen durch die jahrelang
1216 1795 2235 1841 geübte Brüskierungspolitik der gegneriſchen deutſchen Partei.
1215 1827 2237 1880 Dieſe Willensäußerung iſt alſo auch nicht eine Folge der von
1216 1871 2236 1918 den alldeutſchen Führern beim Aſcher Bürgermeisteramte abge⸗
1221 1912 2236 1960 gebenen Erklärung, nach welcher der alldeutſchen Wählerſchaft die
1216 1951 2235 1996 Wahl freigegeben wird, ſondern es iſt umgekehrt dieſe Erklärung
1216 1990 2236 2036 nur das Produkt der Stimmung in der alldeutſchen Wählerſchaft.
1215 2027 2238 2075 Die alldeutſche Wählerſchaft hätte auch ohne dieſe Erklärung
1216 2069 2237 2114 ihren Willen frei kundgetan. Nun' aber werden die alldeutſchen
1216 2108 2236 2154 Führer überall als „Volksverräter“ ausgeſchrieen, in demſelben
1214 2141 2236 2194 Maße, wie ſie ſicher „Wortbrüchige“ genannt würden, wenn ſie
1216 2186 2235 2232 in einer andersgearteten Erklärung für den deutſchradikalen Be⸗
1216 2224 2236 2272 werber eingetreten und von der ihnen unterſtehenden Wähler⸗
1216 2264 2234 2315 ſchaft wären im Stiche gelaſſen worden. Solche Früchte hat der
1216 2295 2235 2349 ſeit Jahren geführte Vernichtungskampf der nur um weniges
1217 2341 2238 2387 ſtärkeren Partei der Deutſchradikalen gegen die alldeutſche Minori⸗
1216 2382 1412 2428 tät gezeitigt.
1294 2452 2239 2501 Wien, 30. Juni. (Ein Erfolg der Deutſchen
1218 2491 2239 2539 in Pilſen.) Die Deutſchen Pilſens, die bereits ſeit zwanzig
1217 2532 2239 2582 Jahren den Reichsrats⸗ und Landtagswahlen ferngeblieben waren,
1218 2569 2237 2624 folgten heuer einem Anrufe des deutſchen Ortsrates und ſtellten
1210 2605 2239 2656 in der Perſon des Fabrikanten Franz Schertler, des Führers
1221 2643 2247 2696 der deutſchen Kammerminorität, einen gemeinſamen Zähl⸗
1221 2681 2246 2734 kandidaten auf. Dank der regen Tätigkeit des Wahlausſchuſſes
1221 2721 2247 2773 und der Parteitreue der deutſchen Wählerſchaft wurde auch ein
1221 2766 2238 2813 kaum gehoffter Erfolg errungen. Im erſten Wahlbezirk Pilſen
1221 2799 2238 2852 wurden auf Schertler 1140 von 7362 Stimmen oder
1222 2843 2238 2894 15·5 Prozent konzentriert, während auf den gewählten Profeſſor
1221 2881 2238 2929 Lukawsky 3909 Stimmen entfielen. Im zweiten Wahlkreis
1221 2915 2237 2969 Pilſen (Vorſtädte), der faſt ausſchließlich czechiſch iſt, entfielen
1221 2955 2237 3007 273 Stimmen auf Schertler; hier wurde nur durch dieſe
1222 2997 2238 3046 Stimmen die Stichwahl zwiſchen dem Radikalnationalen Fresl
1222 3037 2235 3089 und dem Sozialdemokraten Dr. Soukup herbeigeführt. Dieſe
1222 3076 2235 3124 Konzentration von 1413 Stimmen auf den deutſchen Kandidaten
1225 3116 2237 3164 hat bei den Czechen ebenſo tiefen Eindruck hervorgerufen, wie ſie
1222 3155 2239 3202 die Deutſchen mit neuem Mute beſeelt. Das Märchen vom
1227 3194 2237 3245 czechiſchen Pilſen iſt zerſtört und ſoll es auch bleiben, denn
1225 3231 2238 3283 nunmehr ſteht der Entſchluß feſt, bei allen politiſchen Wahlen
1226 3267 2238 3319 einzugreifen. Die 11½ Prozent der Geſamtbevölkerung ſtarke
1226 3308 2239 3362 deutſche Minderheit, die hier große wirtſchaftliche und kulturelle
1223 3348 2239 3399 Werte zu ſchützen hat, iſt nunmehr organiſiert und gewillt, ſich
1223 3383 2239 3436 bei jeder Gelegenheit als ein Faktor, den man nicht überſehen
1222 3432 1857 3477 kann und darf, zur Geltung zu bringen.
1296 3509 2240 3556 Wien, 30. Juni. (Reiſe des Ackerbau⸗
1224 3550 2242 3596 miniſters nach Olmütz.) Ackerbauminiſter Freiherr von
1226 3589 2237 3634 Widmann traf heute um ¼12 Uhr vormittags in Olmütz
1226 3628 2254 3676 ein. Zum Empfang im Bahnhofe waren der Statthalter von
1225 3667 2240 3714 Währen Dr. Freiherr v. Heinold, der Leiter der Bezirks⸗
1226 3705 2237 3757 hauptmannſchaft in Olmütz Statthaltereirat Gaſtheimb,
1226 3745 2240 3791 Gemeinderat Mader und die Vertreter der Gemeinde Hodo⸗
1221 3783 2239 3830 lein erſchienen. Der Miniſter begab ſich hierauſ zur feierlichen
1225 3820 2239 3870 Eröffnung der Landespferdeausſtellung, die durch den Präſi⸗
1223 3861 2239 3906 denten des mähriſchen Landeskulturrates Dr. Jaroslav Graf
1223 3900 2240 3946 Thun⸗Hohenſtein vorgenommen wurde und wobei
1225 3941 2238 3985 der Vizebürgermeiſter der Stadt Olmütz Söhner die Be⸗
1222 3980 2238 4024 grüßungsanſprache hielt. Der Eröffnungsfeier der Ausſtellung,
1223 4018 2239 4064 die ſehr reich beſchickt iſt, wohnten ſämtliche Großgrundbeſitzer
1223 4053 2238 4104 und zahlreiche Landwirte Mährens bei. Der Minister machte
1224 4097 2239 4142 ſodann einen Rundgang durch die Stallungen der ausgeſtellten
1225 4135 2237 4181 Pferde, worauf eine Vorführung des Pferdematerials folgte.
1222 4175 2241 4218 Nachmittags ſtatteten der Ackerbaummister und der Statthalter
1224 4207 2240 4257 dem Fürſterzbiſchof von Olmütz Dr. Bauer einen Beſuch
1224 4252 2237 4296 ab und begaben ſich hierauf im Automobil nach Weſſelicko
1222 4285 2239 4335 zum Grafen Podſtatzky⸗Lichtenstein. Gegen 6 Uhr
1225 4330 2239 4378 abends erfolgte die Rückreiſe des Ackerhauminiſters nach Wien.
1217 4407 2241 4454 Wien, 30. Juni. (Die erſte Bezirksſchul⸗
1223 4446 2240 4496 rätin.) Von geſchätzter Seite wird uns geſchrieben: Zum
1225 4481 2241 4534 erſtenmal iſt eine Frau in den Wiener Bezirksſchulrat gewählt
1225 4523 2242 4574 worden, und es iſt gewiß nicht ohne Intereſſe, näheres über
1223 4566 2239 4615 die Gewählte zu erfahren. Die von ihren Kollegen und
1223 4604 2241 4651 Kolleginnen entſandte Lehrerin iſt in Fach⸗ wie in politiſchen
1224 4643 2239 4690 Kreiſen keine Unbekannte; ſie hat bereits längſt dargetan, daß
1224 4683 2242 4729 ſie in allen Schul⸗, Lehrer⸗ und politiſchen Fragen mit dem
1225 4720 2242 4768 Fortſchritt geht. Fräulein Stephanie v. Nauheimer iſt
1216 4762 2241 4807 die Tochter eines hohen öſterreichiſchen Offiziers und hat als
1224 4801 2241 4853 echtes Soldatenkind die Schulen der verſchiedenſten Provinz⸗
1224 4839 2240 4887 ſtädte beſucht. Ihre Ausbildung zur Lehrerin hat ſie an der
1224 4878 2241 4929 kaiſerlichen Staatsbildungsanſtalt in Wien, 1. Bezirk, Hegel⸗
1225 4917 2241 4964 gaſſe 14, ihre politiſche Schulung im Zentrallehrerverein em⸗
1224 4957 2243 5006 pfangen, in deſſen Ausſchuß ſie ſich durch elf Jahre lebhaft
1224 4996 2241 5043 betätigte. In Wort und Schrift iſt ſie für die Gleichberechti⸗
1226 5035 2242 5082 gung der Frau im Lehrſtande und gegen das Zölibat der
1226 5074 2242 5121 Lehrerin eingetreten. Daß eine ſo fortſchrittlich geſinnte Per⸗
1224 5114 2242 5161 ſönlichkeit auch an den allgemeinen Beſtrebungen der Frauen⸗
2281 3010 3305 3058 beantragt Abg. Deſider Polonyi (Juſth⸗Partei) die Kon⸗
2284 3048 3307 3096 ſtatierung der Beſchlußfähigkeit. Die Aus⸗
2283 3082 3302 3137 zählung des Hauſes ergibt die Anweſenheit von 73. Abge⸗
2282 3128 3106 3176 ordneten. Das Haus iſt daher nicht beſchlußfähig.
2354 3166 3303 3213 Der Präſident ſuspendiert die Sitzung auf 10 Minuten.
2357 3207 3303 3255 Nach Wiederaufnahme der Sitzung verzichtet Abgeordneter
2283 3247 3145 3296 Polonyi auf die Konſtatierung der Beſchlußfähigkeit.
2356 3285 3303 3333 Nächſte Sitzung morgen. Tagesordnung: Fortſetzung der
2285 3330 2420 3371 heutigen.
2681 3395 2902 3448 Ausland.
2324 3461 3301 3512 Wien, 30. Juni. (Zur Tagesgeſchichte.)
2284 3503 3304 3555 Aus Eſſen a. d. R. wird uns, berichtet: Der Ausſchuß
2284 3547 3304 3598 der niederrheiniſch⸗weſtfäliſchen Bezirks⸗
2287 3590 3304 3642 gruppe des Hanſabundes beſchäftigte ſich heute mit der
2287 3633 3304 3682 Situation aus Anlaß des Austrittes des Landrates
2285 3677 3304 3728 Rötger vom Hanſabunde. Die verſammelten Delegierten
2286 3720 3304 3777 beſchloſſen, weil ihnen die Politik des jetzigen Hanſa⸗
2285 3764 3304 3815 bundes zu einſeitig liberal erſchien, mit 47 von 56 Stimmen
2285 3807 3304 3857 die Gründung einer selbſtändigen Organi⸗
2286 3850 3302 3900 ſation. Damit iſt der Austritt der rechtsſtehenden
2286 3897 2864 3946 Gruppe des Hanſabundes erfolgt.
2370 3937 3305 3992 Präſident Taft hat Befehl gegeben, daß vier
2284 3980 3304 4031 Regimenter der Manöverdiviſion in Texas, die jetzt in
2286 4024 3304 4080 San Antonio ſind, zurückgezogen werden.
2285 4065 3304 4122 Verſchiedene Regimenter werden wahrſcheinlich den ganzen
2286 4115 2848 4161 Sommer über in Texas bleiben.
2404 4189 3186 4257 Mitteilungen aus dem Publikum.
2370 4274 3306 4316 Die geehrten Einſender werden erſucht, Briefe, Bei⸗
2285 4317 3305 4360 träge und Bücher, die für unſer Blatt beſtimmt ſind, nicht
2287 4361 3315 4404 an eine einzelne Perſon, ſondern an die Redaktion der
2288 4407 2938 4448 Neuen Freien Presse“ zu adressieren.
2614 4472 2978 4528 Erſtes Verzeichnis
2286 4524 3306 4570 der beim Galiziſchen Hilfsverein, 9. Bezirk, Berggaſſe 4,
2287 4561 3315 4603 eingelangten Spenden für die Opfer der Drohobyezer Ereigniſſe.
2372 4596 3307 4637 Aus Wien: Herr und Frau Alexander Schorr 1000 K. vier⸗
2286 4628 3306 4675 prozentige ungariſche Kronenrente ſamt laufenden Zinſen, Friedrich
2286 4666 3315 4711 Nadler 10 K., k. und k. Oberſtlieutenant i. R. Huſſerl 5 K., Reichs⸗
2286 4700 3307 4741 ratsabgeordneter Nikolaj Ritter v. Waſſilko 100 K., Sammlung des
2286 4735 3309 4775 Vorſtandes des humanitären Vereines zur Unterſtützung jüdiſcher
2287 4769 3309 4811 Kurbedürftiger in Wien durch Herrn Dr. Iſidor J. Braun 14 K.,
2287 4799 3307 4847 Dr. Albert Rachmil 5 K., Albert Winterberg 20 K., Regine Winter⸗
2288 4838 3308 4879 berg 10 K., Jakob Kann 20 K., Guſtav Brüll 5 K., Oberinſpektor
2287 4868 3314 4917 Theodor Sachſel 5 K., Joſef Silberſtein 30 K., Ludwig Bauer
2287 4905 3314 4951 20 K., kaiſerlicher Rat Alois Lemberger 200 K., kaiſerlicher Rat,
2288 4942 3307 4984 Wilhelm Anninger 150 K., Moritz Zweig 100 K., Siegfried Karpeles
2287 4977 3309 5019 10 K., Sammlung des Herrn Siegfried Karpeles: Jacques Schick
2286 5011 3308 5059 5 K., Adolf Fried 5 K., Richard Krall 5 K., H. Kohorn 2 K.,
2287 5042 3309 5091 M. Sonnenschein 3 K., Leopold Singer 10 K.; Kaufmann & Schloß
2287 5072 3309 5124 30 K., Adolf Freiwillig 20 K., Anna. Weſchler 2 K. 2 H., Th. E.
2289 5115 3311 5160 10 K., Dr. Bernhard Singer 10 K., Johann Schindler 10 K., Emil
