3488 5345
184 169 371 204 Nr. 11085
968 155 1245 201 Wien, Samstag
1486 155 2063 201 Neue Freie Presse.
142 228 1166 277 vorbehalten und er außerdem vom Ausſchuſſe ermächtigt, ſeine
142 267 1166 316 über die Poſt für Cilli von der Anſicht der Majorität des Aus⸗
142 306 1166 356 ſchuſſes abweichende Meinung im Hauſe zum Ausdrucke zu
143 345 1167 395 bringen und den Mitgliedern jener Mehrheit, eventuell dem Ge⸗
143 384 1166 433 neral⸗Berichterſtatter die Vertheidigung ihres Beſchluſſes zu über⸗
143 422 1168 472 laſſen. Unter den in dieſer Sitzung des Ausſchuſſes zur Berathung
142 461 1168 512 gelangten Petitionen befand ſich auch eine vom Abg. Dr. Exner
143 494 1167 547 überreichte Petition der Gabriele Baronin Poſſa⸗
142 538 1167 587 ner, Doctor der geſammten Heilkunde und praktiſcher Arzt in
142 577 1168 627 der Schweiz, um Einflußnahme, daß ihr die Ausübung der
143 615 1166 671 ärztlichen Praxis in Oeſterreich geſtattet werde. Referent
142 654 1168 703 Dr. Beer ſtellt den Antrag, dieſe Petition der Regierung zur
145 692 1167 747 eingehendſten Erwägung und zur Berückſichtigung zuzuweiſen,
145 730 1169 782 jedenfalls aber auch dieſe Gelegenheit zu benützen, um über die
146 769 1170 820 Frage der Zulaſſung der Frauen zur Ausübung der ärztlichen
145 808 1161 858 Praxis eine principielle Entſcheidung zu treffen. — Abg. Dr
147 846 1170 898 Exner unterſtützt den Antrag des Referenten unter dem Hinweiſe
146 886 1169 935 darauf, daß die Verwendung von weiblichen Aerzten in Frauen⸗
145 924 1171 974 hoſpitälern, aber insbeſondere in höheren Töchterſchulen und In⸗
144 962 1171 1012 ſtituten für Mädchen⸗Erziehung gewiß in hohem Grade empfehlens⸗
148 1002 1171 1051 werth wäre. Der Antrag des Referenten wird ſodann angenommen.
222 1040 1171 1089 Berichterſtatter Dr. Beer erſtattet gleichzeitig Bericht über
146 1079 1173 1130 eine große Anzahl von Petitionen, welche die Zulaſſung
146 1118 1172 1167 von Frauen zu mediciniſchen Studien und
147 1156 1174 1207 überhaupt zu Univerſitäts⸗Studien fordern. Er
148 1194 1174 1245 bemerkt, daß er bereits vor mehr als 20 Jahren im Miniſterium
148 1233 1174 1283 für Cultus und Unterricht darauf hingearbeitet habe, in Oeſter⸗
148 1272 1176 1323 reich eine Anzahl höherer Mädchenſchulen zu begründen. Leider
149 1312 1175 1361 ſei in dieſer Angelegenheit nichts geſchehen, während in den Nach⸗
150 1350 1176 1399 barländern für die Fortbildung der Mädchen eine große Anzahl
150 1389 1175 1438 höherer Lehranſtalten von Seite des Staates errichtet werde. Be⸗
152 1427 1177 1475 ſonders für die Beamtentöchter wäre es eine abſolute Nothwendig⸗
151 1466 1178 1516 keit, nicht Alles den Privatlehranſtalten zu überlaſten, um die
152 1505 1178 1556 Möglichkeit zu ſchaffen, daß dieſelben namentlich in den fremden
153 1544 1177 1593 Sprachen ſich ausbilden, um ſodann als Gouvernanten oder auch
151 1583 1179 1632 an höheren Mädchenſchulen verwendet zu werden. Nicht minder
153 1621 1179 1672 aber ſei es bei der großen Anzahl von Petitionen aus allen
154 1658 1179 1709 Theilen des Reiches abſolut nothwendig, daß von Seite der Re⸗
152 1697 1180 1749 gierung in Bezug auf die Zulaſſung der Frauen zu den medici⸗
153 1736 1180 1787 niſchen Studien endgiltig Stellung genommen werde, nachdem in
154 1774 1182 1826 einigen Theilen des Reiches ſogenannte gymnaſiale Mädchenſchulen
154 1813 1180 1864 beſtehen. Bereits vor Jahren habe der Referent einen Antrag ge⸗
154 1852 1180 1903 ſtellt, von den mediciniſchen Facultäten Gutachten abzufordern.
154 1891 1183 1942 Er erneuert dieſe Reſolution und fordert gleichzeitig, daß die Re⸗
155 1930 1183 1981 gierung aufgefordert werde, dieſe Gutachten mit thunlichſter Be⸗
153 1969 1181 2020 ſchleunigung zur Kenntniß des Abgeordnetenhauſes zu bringen,
155 2008 1179 2058 um ſodann eine definitive Beſchlußfaſſung desſelben zu ermöglichen.
232 2080 1185 2130 Wien, 5. Juli. (Kundgebungen.) Der Deutſch⸗poli⸗
156 2119 1185 2168 tiſche Verein für Haida und Umgebung hat in ſeiner Verſamm⸗
157 2158 1185 2208 lung vom 1. Juli 1895 den Beſchluß gefaßt, dem Vorſtande der
156 2196 1187 2246 Vereinigten Linken ſeine Ueberzeugung dahin auszuſprechen, daß
158 2235 1186 2282 der Verein den Austritt der deutſch⸗liberalen Partei aus der
160 2273 1186 2323 Coalition als eine unabweisbare Folge der Thatſache anerkennt,
159 2312 1187 2362 daß die Partei durch die ihr in der Coalition auferlegte Ent⸗
160 2351 1187 2401 haltung von nationalen Beſtrebungen einen Angriff auf den
162 2389 1190 2438 deutſchen Beſitzſtand von der Tragweite der Einſtellung der Poſt
161 2428 1188 2478 Cilli in das Budget nicht zu verhindern vermochte, und der Er⸗
159 2467 1188 2517 wartung Ausdruck zu geben, daß die Partei nunmehr mit allem
160 2506 1189 2555 Nachdrucke den dringenden Aufgaben ſich zuwenden wird, wie dies
161 2545 1189 2592 die anderen im Reichsrathe vertretenen Nationalitäten bereits mit
162 2589 624 2634 großem Erfolge gethan haben.
237 2621 1190 2670 Der Nationalverein in Tatſchen a. d. Elbe richtete eine
161 2658 1187 2709 Kundgebung an Herrn v. Plener, welche das Bedauern über
161 2699 1190 2748 deſſen Rücktritt und die Zuverſicht ausſpricht, Herr v. Plener
161 2738 1190 2787 werde die Parteiführung wieder übernehmen. Das Vertrauen des
163 2782 578 2825 Volkes bleibe ihm gewahrt.
251 2844 1192 2890 Wien, 5. Juli. (Delegirten⸗Verſammlung des
164 2878 1190 2926 Deutſch⸗Oeſterreichiſchen Lehrerbundes.) Im Zeichen⸗
163 2913 1192 2959 ſaals des Wiener ſtädtiſchen Pädagogiums fand kürzlich unter dem Vorſitze
165 2944 1192 2995 des Bundes⸗Präſidenten, Oberlehrers Katſchinka, die diesjährige
163 2982 1191 3028 Delegirten⸗Verſammlung des Deutſch⸗Oeſterreichiſchen Lehrerbundes
165 3017 1192 3061 ſtatt, welcher Delegirte der deutſchen Lehrerſchaft aus allen Theilen
165 3050 1192 3095 des Reiches beiwohnten. Bundes⸗Präſident Katſchinka gab einen aus⸗
165 3080 1191 3130 führlichen Bericht über die diesjährige Thätigkeit des Bundesaus⸗
165 3120 1193 3164 ſchuſſes, der ſich in erſter Linie mit der Durchführung der von der
165 3150 1191 3200 Innsbrucker Hauptverſammlung gefaßten Beſchlüſſe zu befaſſen hatte.
165 3188 1192 3234 Bezüglich des Rechtsſchutzes des Lehrers als Amtsperſon wurden an
166 3222 1193 3269 den Reichsrath, ſowie an den geweſenen Juſtizminiſter Grafen
166 3254 1193 3303 Schönborn Eingaben gerichtet, welche auch den Erfolg hatten, daß in
166 3292 1193 3340 dem Strafgeſetz⸗Entwurfe eine Beſtimmung auſgenommen wurde,
165 3327 1192 3372 welche für die Gerichte nunmehr die jeden Zweifel ausſchließende An⸗
166 3361 1193 3407 erkennung des Lehrers als Amtsperſon enthält. Auf Antrag des Vor⸗
167 3393 1193 3441 ſitzenden wurde dem Reichsraths⸗Abgeordneten Profeſſor Dr.
167 3426 1194 3476 Marchet für ſein energiſches Eintreten in dieſer Angelegenheit
168 3464 1194 3511 unter lebhaftem Beifalle der Dank der Lehrerſchaft aus⸗
1211 218 2250 264 geſprochen. Eine längere Beſprechung widmete der Bundes⸗Präſident.
1211 253 2241 298 den Schulanträgen des Cardinals Dr. Kopp im ſchleſiſchen Land⸗
1211 287 2241 333 tage und der in Folge deſſen vom Bundesausſchuſſe hinausgegebenen
1211 322 2241 367 Kundgebung; er gedachte hiebei der zielbewußten Haltung der
1212 352 2242 403 deutſchen Collegen in Schleſien (allgemeiner ſtürmiſcher Beifall) und
1214 391 2242 437 kennzeichnete die reactionären Beſtrebungen, wie ſie in Steiermark,
1212 426 2242 470 Oberöſterreich, Niederöſterreich und in anderen Kronländern auf dem
1213 460 2243 506 Gebiete der Schule auftreten, ſprach aber zugleich die Erwartung aus,
1214 494 2244 541 daß die deutſche Lehrerſchaft in feſtem Zuſammenſchluſſe die Kraft zur
1214 524 2243 574 Abwehr der drohenden Gefahr der Verkirchlichung der
1214 563 2243 609 Schule finden werde. (Lebhafter allgemeiner Beifall.) Nachdem
1215 598 2245 643 noch der Vorſitzende ein Bild der reichen Arbeitsthätigkeit des Bundes⸗
1216 632 2244 677 ausſchuſtes gegeben, wurde nach einem Referate des Lehrers Niemetz
1215 666 2245 713 (Linz) der Beſchluß auf Herausgabe eines Bundesorgans einſtimmig
1216 696 2246 747 angenommen. Als Ort für die nächſte Hauptverſammlung des Bundes
1215 735 2246 783 wurde Wien in Vorſchlag gebracht und einſtimmig angenommen. Die
1215 772 1963 815 Delegirten⸗Verſammlung wurde ſodann geſchloſſen.
1301 843 2248 888 Wien, 5. Juli. (Deutſcher Schulverein.) In der Aus⸗
1214 874 2247 924 ſchußſitzung am 2. Juli wurde der Mädchen⸗Ortsgruppe Lundenburg
1215 908 2248 958 für eine Akademie, der Ortsgruppe Mähriſch⸗Chroſtau und dem Feſt⸗
1216 947 2248 992 comité der beiden Ortsgruppen in Göding für Feſtveranſtaltungen,
1216 981 2248 1027 und endlich Herrn Conrad Blaſchka, Fabrikanten in Liebenau, für
1217 1010 2249 1061 eine Spende von 100 fl. zum Andenken an ſeine verſtorbene Gemalin,
1218 1050 2250 1095 der Dank ausgeſprochen. Hierauf wurde der Dank der Schulleitung
1220 1084 2251 1129 Etonißl für eine Bücherſpende an die dort zu gründende Volks⸗
1219 1118 2250 1164 bücherei, weiters der Bericht des Profeſſors Dr. v. Kraus über ſeine
1219 1148 2249 1198 Reiſe nach Prag und jener des Dr. Wolffhardt über die Ortsgruppen⸗
1218 1182 2251 1233 Verſammlung in Hohenegg, ſowie endlich der Bericht des Dr. Reiſch
1220 1216 2252 1267 über ſeine Reiſe nach Königsberg in Schleſien und Mähriſch⸗Oſtrau
1220 1256 2252 1301 zur Kenntniß genommen. Weiters wurden Schulangelegenheiten von
1221 1290 2251 1336 Joſephſtadt, Königsfeld, Schreibendorf, Rampuſch, Schöflein, Pickern⸗
1222 1320 2250 1371 dorf, Ohmeleſchen und Stankau berathen, für Deſchnei eine Schulbau⸗
1222 1359 2254 1405 Subvention bewilligt und für die Schule in Senftenberg die Sub⸗
1222 1395 2253 1440 vention zur Erhaltung weiter gewährt. Nach Beſchlußfaſſung über
1222 1429 2252 1473 eine Angelegenheit des Kindergartens in Thereſienſtadt gelangten An⸗
1221 1458 2254 1509 gelegenheiten der Vereinsſchulen iu Benetzko, Jahlonetz, Königsberg,
1222 1497 2253 1543 Maierle, Laibach, St. Egydi, Eiſenberg und Freiberg, der Holz⸗
1222 1531 2253 1577 induſtrieſchule in Gottſchee und der Vereins⸗Kindergärten in Eiſenberg
1223 1573 1644 1612 und Laibach zur Erledigung.
1302 1635 2254 1684 Lemberg, 5. Juli. [Orig. - Telegr.] (Jubiläum
1224 1674 2253 1723 der Brzesker Union.) Anläßlich der Jubiläums⸗Feier der
1226 1712 2255 1762 Brzesker Union der griechiſch⸗katholiſchen Kirche mit Rom wird
1226 1751 2252 1801 ſich demnächſt eine Deputation hervorragender Ruthenen nach
1226 1790 2253 1839 Rom begeben und dem Papſte eine Denkſchrift über die Eigenart
1228 1829 2253 1878 der rutheniſchen Nationalität und deren Bedürfniſſe überreichen.
1230 1868 2257 1918 Gleichzeitig ſoll der Papſt gebeten werden, einen beſonderen Re⸗
1229 1909 2107 1957 präſentanten zur Unionsfeier nach Lemberg zu entſenden.
1262 1980 2258 2031 Trieſt, 4. Juli. [Orig.⸗Ber.] (Sloveniſche Partei⸗
1230 2019 2257 2069 ſtrömungen.) Die Feier des 25jährigen Beſtandes des ſlo⸗
1229 2057 2258 2107 veniſchen Parteiblattes Naſa Sloga wurde hier vor einigen Tagen
1230 2096 2258 2145 in ziemlich geräuſchloſer Weiſe gefeiert. Es beſtand allerdings die
1232 2135 2258 2184 Abſicht, bei dieſer Gelegenheit einen Congreß der hervorragenden
1232 2173 2259 2222 Parteiführer der öſterreichiſchen und ungariſchen Slaven zu ver⸗
1233 2212 2258 2261 anſtalten, indem man namentlich an die Jungczechen und die Slovenen
1232 2251 2259 2300 des Hohenwart⸗Clubs, ſowie an die Croaten des Agramer Land⸗
1231 2289 2258 2341 tages Einladungen geſendet hatte. Die diesbezüglichen Hoffnungen
1232 2328 2259 2378 gingen jedoch nicht in Erfüllung, indem nur die Abgeordneten
1233 2366 2258 2417 Lagiuja und Spincic, ferner die iſtrianiſchen Landtags⸗
1232 2405 2260 2455 Abgeordneten Jenko, Kompare, die beiden Advocaten
1234 2444 2260 2494 Trinajſtic, ſowie der ehemalige Reichsraths⸗ und Land⸗
1233 2483 2261 2533 tags ⸗ Abgeordnete D. Vitezich und der Jungſlovene
1235 2522 2260 2572 Johann Hribar aus Laibach erſchienen waren. — Die
1235 2561 2261 2610 Feſtmeſſe, ſowie die Verſammlung und das Bankett
1235 2600 2261 2649 waren ſchwach beſucht, indem viele der hier lebenden Slaven, ins⸗
1235 2638 2261 2686 beſondere der Advocat Dr. Prettner, fernblieben. Von poli⸗
1234 2676 2262 2725 tiſchem Intereſſe waren nur die Erklärungen des Abg. Spincic
1236 2716 2262 2765 über die politiſche Lage in Wien, die er als gänzlich unklar
1235 2754 2262 2804 bezeichnete, nicht ohne die ausdrückliche Betonung, daß die unter
1235 2793 2263 2843 ſeiner Leitung ſtehende kleine parlamentariſche Gruppe die engſte
1236 2832 2263 2883 Fühlung mit den Jungezechen halte, und daß ſie Luſt hätte, im
1237 2871 2262 2921 Falle einer Wandlung im Regierungsſyſteme mit den andern
1235 2910 2262 2958 Slaven des Reiches in eine neue Majorität einzutreten. Dieſem
1236 2948 2262 2998 Plane ſtimmte namentlich Hribar aus Laibach bei. Allein
1236 2987 2263 3037 Dr. Laginja ſprach viel nüchterner über dieſe politiſchen
1235 3025 2264 3075 Zukunftsträume, indem er jede Discuſſion über dieſes
1236 3064 2264 3114 Thema als verfrüht und eher ſchädlich als nütz⸗
1236 3103 2263 3153 lich für das Gelingen eines ſolchen Planes bezeichnete.
1237 3142 2265 3199 Der Verlauf der Feſtlichkeiten zeigte, daß unter den hieſigen
1237 3179 2265 3230 Croaten und Slovenen dermalen innere, meiſt auf perſönlichen
1237 3218 2265 3269 Motiven baſirende Gegenſätze beſtehen, welche ein einiges Vor⸗
1238 3258 2265 3307 gehen nicht erwarten laſſen und daß der Verſuch, in den großen
1238 3297 2268 3348 Parteien der öſterreichiſch⸗ungariſchen Slaven für die Sache der
1238 3336 2267 3387 küſtenländiſchen Croaten Propaganda zu machen, total mißglückt
1239 3375 2267 3423 iſt, da weder die Dalmatiner Croaten noch die Görzer Slovenen
1238 3414 2268 3469 vertreten waren, ganz abgeſehen davon, daß die Czechen und
1238 3453 2124 3503 transleithaniſchen Croaten dieſes Feſt gänzlich ignorirten.
2686 217 2914 268 Ausland.
2326 135 2558 203 6. Juli 1895
3139 135 3275 203 Seite 3
2370 284 3314 341 Wien, 5. Juli. (Zur Tagesgeſchichte.) Aller
2287 329 3316 384 Wahrſcheinlichkeit nach dürfte die franzöſiſche Kammer
2288 371 3314 427 ihre gegenwärtige Seſſion am 13. Juli ſchließen, da die
2288 414 3318 468 Generalraths wahlen bereits am 28. d. M. vorge⸗
2289 457 3317 511 nommen werden und die 300 Deputirten, die zugleich General⸗
2289 501 3318 555 räthe ſind, zu Beginn der Wahlbewegung in ihren Departe⸗
2290 543 3319 598 ments ſein wollen. Fruchtbar iſt die Seſſion bis jetzt nicht
2290 587 3318 641 geweſen. Die beiden großen Reformentwürfe des Miniſter⸗
2290 629 3319 684 Präſidenten und Finanzminiſters Ribot, die Erbſchaftsſteuer
2291 673 3319 726 und die Getränkeſteuer, ſind zwiſchen Klippen gerathen, und
2291 716 3319 769 insbeſondere die letztere Vorlage iſt ſtark havarirt. Sie
2294 758 3321 814 bereitet denn auch Herrn Ribot arge Verlegenheiten und hat
2292 801 3321 856 ihm Dienſtag ſogar eine Schlappe in der Kammer einge⸗
2293 844 3322 899 tragen. Am Tage zuvor nämlich lehnte die Kammer das
2294 888 3322 941 Gegenproject des Socialiſten Vaillant auf Einführung eines
2294 931 3322 984 Spiritus⸗Monopols ab. Der Miniſter⸗Präſident hatte es
2294 973 3324 1028 bekämpft. Tags darauf tauchte der abgelehute Antrag in der
2295 1017 3322 1070 Form eines Alkohol⸗Rectifications⸗Monopols wieder auf und
2294 1059 3326 1114 gelangte trotz der Vorbehalte Ribot's und des Bericht⸗
2297 1102 3326 1158 erſtatters der Commiſſion, Herrn Salis, zur Annahme. Salis,
2297 1145 3326 1199 der Vertreter des Weinlandes Hérault, erklärte hierauf, die
2297 1189 3324 1242 ganze langwierige Arbeit der Commiſſion ſei durch dieſen
2297 1232 3325 1285 Kammerbeſchluß vereitelt, und dieſe habe weiter nichts zu
2296 1274 3326 1329 thun, als ihr Amt niederzulegen. Er wolle ſeinen Collegen
2299 1317 3327 1372 mit dem Beiſpiele vorangehen. Der Präſident der Com⸗
2301 1361 3327 1415 miſſion, Herr Rouvier, erbat für ſie Bedenkzeit bis Donnerſtag.
2298 1404 3327 1458 Mittlerweile haben ſich geſtern Commiſſion und Regierung
2299 1448 3328 1501 trotz des Dienſtagsvotums der Kammer, für Fortſetzung der
2299 1491 3329 1544 Berathung über die Getrünkeſteuer⸗Reform entſchieden.
2299 1533 3328 1588 Ribot fand, die Schlappe vom Dienſtag ſei zwar keine
2299 1576 3329 1631 politiſche, erklärte ſich jedoch trotzdem bereit, daraus die
2301 1620 3329 1674 Conſequenzen zu ziehen, wenn die Kammer es wünſche.
2301 1664 3330 1717 Dieſe reagirte darauf nicht und die Debatte wurde fortgeſetzt.
2386 1714 3329 1767 Auch mit der Expedition in Madagascar
2301 1757 3331 1810 ſteht es nicht zum Beſten trotz der für die Franzoſen er⸗
2302 1799 3329 1854 folgreichen Kämpfe, zuletzt bei Tſaraotra und Beritzoka,
2303 1843 3329 1897 über die aus dem Hauptquartier officiell berichtet wird. Der
2300 1886 3328 1940 wahre Feind ſind nicht die Howas, deren ſchließliche völlige
2302 1930 3329 1983 Niederlage wol kaum zu bezweifeln iſt; weit ſchlimmer ſind
2302 1974 3330 2025 die klimatiſchen und die Terrainverhältniſſe und, wenn man
2304 2016 3330 2068 den Blättern, insbeſondere dem Journal des Débats, vollen
2304 2059 3330 2112 Glauben ſchenken darf, die franzöſiſche Heeresverwaltung
2303 2102 3331 2155 ſelbſt. Die Expeditions⸗Truppen ſollten, ſo hatte man wenig⸗
2304 2146 3332 2198 ſtens in Paris gehofft, ſchon am 10. Juli vor der Haupt⸗
2303 2188 3333 2241 ſtadt Tananarivo ſtehen. Man glaubte, den ungeſunden
2304 2230 3334 2283 Küſtenſtrich ſo raſch als möglich durchſchneiden und
2304 2274 3334 2326 Suberbieville zur Operations⸗Baſis für den erſten Theil des
2305 2318 3334 2370 Feldzuges machen zu können, allein dieſe Abſicht konnte nicht
2305 2361 3335 2412 verwirklicht werden. In Folge deſſen kam General Metzinger
2305 2404 3331 2455 mit der Avantgarde ſtatt Mitte Mai erſt Mitte Juni nach
2306 2448 3332 2499 Suberbieville, und das Gros der Expedition befindet ſich
2307 2490 3333 2543 noch jetzt, 200 Kilometer von dem Hochplateau entfernt, in
2307 2534 3335 2585 dem ſumpfigen, fiebererzeugenden Küſtenſtriche, wo die
2306 2576 3336 2627 Truppen ſtark leiden. Der Oberſtcommandirende, General
2306 2619 3334 2671 Duchesne, ſelbſt meldete in einer geſtrigen Depeſche, daß
2307 2662 3336 2714 jeder zehnte Mann des Expebitionscorps durch Krank⸗
2307 2705 3335 2757 heiten kampfunfähig gemacht ſei. Ueber die Schuld, welche
2309 2749 3337 2801 angeblich die Heeresverwaltung an dieſer Verzögerung der
2306 2792 3335 2843 Operationen, beziehungsweiſe des Vormarſches treffen ſoll,
2308 2834 3337 2885 entnehmen wir dem Journal des Débats Nachfolgendes:
2308 2877 3336 2930 Als die Transportdampfer in den madagaſſiſchen Häfen ein⸗
2308 2921 3336 2972 liefen, fehlte es an Landungsvorrichtungen, dann lagen die
2309 2964 3334 3016 Truppen wochenlang obdachlos, jeder Schutzvorrichtung gegen
2309 3007 3339 3058 die brennende Sonne bar, zwiſchen verderbenden Proviant⸗
2309 3050 3338 3103 maſſen und wüſt zuſammengewürfeltem Kriegsmaterial jeder
2310 3093 3337 3144 Art am Strande; die Transportmittel fehlten, die für den
2309 3135 3338 3189 Zug die Flüſſe hinauf beſtimmten Schaluppen und Kanonen⸗
2311 3180 3340 3231 boote fehlten oder waren nicht feldmäßig ausgerüſtet.
2311 3223 3339 3274 Schließlich mußte der Oberbefehlshaber einen Theil ſeines
2311 3266 3340 3317 Operationsplanes aufgeben, und anſtatt den Fluß hinauf⸗
2311 3308 3337 3361 zugehen, ſeine ſchon zu zwei Dritteln kranken Truppen durch
2313 3352 3341 3403 die ſumpfige Ebene vordringen laſſen. „Der Madagascar⸗
2314 3396 3341 3448 Feldzug," ſo ſchließt der Bericht des genannten Blattes, „iſt
2313 3438 3339 3491 eine Kriegsfahrt der Aerzte und Ingenieure. Wir aber
168 3553 1195 3607 findet, er entdeckt, er baut Maſchinen; ihre Phantaſie hat
170 3597 1195 3650 die Flügel verloren; vom Verſtand verachtet, weil ſie ſo
169 3640 1196 3694 jugendlich zwecklos träumt, hockt ſie in der Ecke. . . . Ja,
170 3680 1197 3736 deine Zeit iſt um! Du biſt Alles geworden, Menſchen⸗
171 3725 1197 3778 geſchlecht, was du werden konnteſt: das iſt deines
170 3768 1196 3822 Räthſels Löſung. Aus der Thierheit, aus dem Affenthum
173 3812 1198 3865 biſt du heraufgewachſen, damals wie ein Wunder; ſelber
172 3855 1198 3908 noch ein Thier, noch ein Affe, aber klüger als die, gelehriger
172 3898 1198 3951 als die — und ſo brachteſt du ſie alle unter deine Füße
171 3942 1198 3995 und nahmſt die ganze Erde für dich. Oberſtes aller
172 3983 1198 4037 Thiere, Herrſcher aller Thiere — aber ein Thier bliebſt
173 4027 1198 4082 du doch! ... Es lebe der Menſch, das erfindende,
174 4070 1198 4124 zweckmäßig denkende, in Millionenheerden geordnete,
175 4112 1199 4166 Maſchinen bauende Thier!" ... „Nein!“ fährt er fort,
178 4157 1199 4210 „das iſt nicht das Ende! Ich weiß einen neuen Anfang,
174 4198 1198 4252 ich bring' euch einen neuen Tag. Ihr habt den Weg vom
175 4241 1200 4294 Wurm zum Menſchen gemacht, und nun wär' es aus ?
174 4285 1200 4338 Könnt ihr nicht mehr weiter? Ihr habt euch Götter ge⸗
175 4329 1201 4381 träumt, höhere, ſtärkere, entthierte Menſchen; bleibt das nur
176 4371 1200 4425 ein Traum? War das nicht die Ahnung in euch, die hin⸗
175 4414 1200 4467 weiſt auf den neuen Weg? Dieſe Götter, ſie lebten nur in
176 4458 1201 4511 euren ſehnenden Gedanken; einer nach dem andern ſind ſie
175 4502 1201 4552 vergangen, müſſen alle vergehen; können ſie nicht wirk⸗
176 4543 1201 4597 lich und lebendig werden, die letzte, die höchſte Sproſſe
176 4585 1199 4638 in der Erdenſchöpfung? Wie denn? Woher? Auseuch!
176 4628 1203 4682 Als die Göttermenſchen, über den Affenmenſchen, die
177 4672 1202 4726 ihr wart, die ihr ſeid. Seht ſie doch an, die „Menſchheit“,
177 4715 1202 4768 wie ſie iſt: als einen Uebergang! Wie der Affe der
177 4758 1200 4811 Uebergang war zu euch, ſo führt euch hinüber zu dem
178 4800 1202 4856 Göttermenſchen; oder zum Vollmenſchen, zum reinen, zum
178 4842 1204 4897 ganzen Menſchen — oder wie ihr ihn heißen wollt. Ver⸗
178 4887 1203 4940 jüngt euch wie der Phönix! Werdet euer Traum! Ueber⸗
179 4930 1205 4985 windet den „Menſchen“, wie er den Affen überwand; ſteigt
180 4978 686 5025 empor auf der Erde Gipfel!"
266 5016 1203 5071 Der Expoſition des Charakters und der Lehre Helmuth
181 5057 1204 5113 Adler's iſt das erſte Buch der „Oſterinſel“ gewidmet, und
182 5102 1204 5158 dieſe paar Druckbogen gehören wol zum Schönſten, was
181 5145 1205 5202 Wilbrandt überhaupt geſchrieben hat, ſie packen den Leſer
1240 3546 2267 3597 mit elementarer Kraft der Stimmung und erregen aufs
1241 3589 2266 3640 mächtigſte das Intereſſe für das, was nun folgen wird.
1240 3632 2266 3683 Manche dürſten erwarten, daß nun in einer Romanhandlung
1241 3676 2268 3728 von weltweitem Horizonte die Tragödie des ſchwärmeriſchen
1242 3719 2268 3771 Philoſophen von der Göttermenſchheit ſich abſpielen werde,
1242 3761 2268 3813 ſo hätte vielleicht ein großer Epiker, ein romantiſcher Dichter
1242 3806 2269 3856 gedichtet. Wilbrandt ging anders vor. Er führt uns in die
1243 3848 2268 3900 enge Gelehrtenſtube, ſchildert uns ſeinen Philoſophen zu
1242 3892 2268 3944 Hauſe, im Verkehr mit den Töchtern, mit zwei neu ge⸗
1242 3935 2268 3985 wonnenen Schülern und Freunden, und die Tragik Adler's
1243 3978 2268 4029 hat nicht im Inhalt ſeiner Lehre ihren Grund, ſondern in
1244 4020 2270 4072 seiner unvernünftigen Lebensweiſe. Was da Wilbrandt ge⸗
1244 4064 2268 4116 ſchaffen hat, iſt zwar keine Dichtung größten Styls, die man
1244 4106 2267 4157 nach der herrlichen Expoſition erwartete, aber doch auch ſchön
1244 4150 2269 4200 und bedeutſam feſſelnd in ſeiner Art. Adler nämlich, den
1245 4192 2270 4244 der Verluſt ſeiner Gattin in der Wurzel ſeines Weſens er⸗
1243 4236 2271 4286 ſchütterte, geräth immer mehr und mehr in die Richtung der
1245 4278 2270 4330 nervös überſpannten und überreizten Denkart. Er hält nicht
1244 4322 2270 4373 Maß, er treibt Alles ins Gigantiſche. Aus frommen ſchönen
1244 4365 2269 4416 Wünſchen macht er gleich ernſthafte Projecte; was als Spiel
1245 4408 2270 4459 der Phantaſie hold und anmuthig wirkt, wird lächerlich und
1246 4451 2271 4502 närriſch, wenn man es buchſtäblich ernſt nimmt. So will
1244 4494 2270 4544 Adler allen Ernſtes Vollmenſchen züchten, indem er aus⸗
1245 4536 2269 4587 erleſene Männer und Frauen auf der Oſterinſel im fernen
1246 4579 2268 4631 Stillen Ocean anſiedeln will. Die Flugſchriften des „Phönix“
1246 4622 2272 4673 ſollen ihm Mittel und Anhänger für dieſe ins Nietzſche'ſche über⸗
1246 4665 2270 4716 tragene Idee der Staatsromane ſchaffen. Indeß hat Wilbrandt
1248 4708 2270 4761 das Hauptaugenmerk ſeiner Darſtellung nicht auf die Komik
1247 4751 2271 4802 dieſes Ideals gerichtet, ſodern auf die pſychologiſche Charak⸗
1247 4795 2270 4846 teriſtik des nervenüberreizten Denkers, und da muß man
1247 4838 2272 4889 ſagen, daß Wilbrandt eine außerordentlich geiſtvolle
1248 4880 2271 4932 und feinſinnige Leiſtung bietet. Adler's Gegenſatz zum
1248 4923 2272 4975 Bildungs⸗Philiſterium, das mit ſeinen „Weltanſchau⸗
1249 4967 2271 5018 ungen" prahlt, ſteigert ſich zuſehends; der Ausdruck
1250 5010 2271 5061 ſeiner Ideen wird immer ſchneidiger, leidenſchaftlicher,
1248 5053 2273 5105 paradoxer, genau ſo wie bei Nietzſche, bis er
1249 5096 2270 5148 ſchließlich im Kampfe mit einer prachtvollen Contraſtfigur,
1249 5139 2273 5192 des Eremiten und Vegetarianers Weſtenberger, der viele
2311 3534 3341 3587 Züge von Dieffenbach aufweiſt und mit ſeinem Urchriſten⸗
2311 3578 3339 3629 thum auch beiläufig an Tolſtoi erinnert, ſogar zur Apologie
2312 3621 3336 3673 des Mordes ſich verſteigt und als der leibhafte Antichriſt
2313 3663 3339 3716 daſteht. Adler hat im praktiſchen Verkehre wenig Menſchen⸗
2312 3707 3342 3758 kenntniß, er iſt ganz und gar ein Gefühlsdenker, ſeine
2312 3751 3341 3801 Ideen will er mehr erlebt als erſonnen haben, daher die
2313 3794 3340 3845 große Leidenſchaftlichkeit, mit der er für ſie eintritt, die
2313 3837 3339 3888 unduldſame Reizbarkeit beim Widerſpruche und die un⸗
2313 3880 3341 3931 geheure Aufregung beim Produciren. Er verzehrt ſich ſelbſt
2312 3923 3338 3974 in ſeiner Concentration des Denkens: genau ſo wie Nietzſche.
2315 3966 3339 4018 Er verbringt ſchlafloſe Nächte und nimmt Morphium, um
2314 4009 3342 4060 ſich Linderung zu ſchaffen. Und an ſeiner Lebens⸗ und
2315 4052 3341 4103 Schaffensweiſe, nicht an ſeiner Philoſophie geht er zu
2315 4094 3339 4145 Grunde — gleichfalls wie Nietzſche. Er iſt ein pſychologi⸗
2315 4138 3337 4188 ſches Problem, kein philoſophiſches. Und wegen dieſer Aus⸗
2314 4180 3337 4231 geſtaltung des Romans haben wir die „Oſterinſel“ von
2314 4224 3339 4274 Wilbrandt als den Ausdruck ſeiner Stellungnahme zu
2315 4267 3340 4317 Nietzſche bezeichnet. Der Noman iſt eine Kritik in dichteri⸗
2315 4310 3343 4361 ſcher Form: der Dichter urtheilte über Nietzſche, indem er
2315 4353 3339 4406 die Grundform des Originals in ſeiner freien Schöpfung
2316 4395 3341 4446 nachbildete, er läßt uns durch Bilder und Anſchauungen
2314 4439 3342 4490 zur Erkenntniß des Sachverhaltes in der Natur kommen.
2400 4482 3342 4534 Die Handlung des Romans wollen wir, obzwar da ſehr
2315 4525 3341 4575 viel zu ſagen wäre, hier nicht nacherzählen, um ihm nicht
2315 4567 3342 4618 den Reiz der Spannung bei unſeren Leſern zu nehmen.
2315 4609 3341 4661 Nur ſo viel ſei noch geſagt, daß Wilbrandt in den mit⸗
2316 4653 3340 4704 ſpielenden Geſtalten ſein Beſtes in der Charakteriſtik von
2315 4696 3340 4746 Männern und Mädchen und das Anmuthigſte in humori⸗
2315 4739 3343 4791 ſtiſchen Zwiſchenſpielen leiſtete. Dr. Karl Schweizer, der
2316 4782 3343 4833 Mann nach ſeinem Herzen, reiht ſich ſeinen ſchönſten
2315 4825 3345 4876 Mannesgeſtalten an und iſt — merkwürdigerweiſe — auch
2316 4868 3344 4922 ein junger Arzt, wie die meiſten Ideale der jüngſten Lite⸗
2315 4912 3344 4963 ratur, die Wilbrandt ſo wenig mag. Auch dem Romantiker
2315 4954 3343 5006 Wilbrandt erſcheint demnach ein Naturwiſſenſchaftler, der
2316 4997 3343 5050 zugleich ein Mann von Geiſt und Herz iſt, als der ſchönſte
2316 5040 3343 5093 Typus moderner Männlichkeit. So finden ſich in ihren
2317 5083 3345 5135 Idealen die alten und die neuen Dichter dennoch zuſammen
2319 5127 3299 5179 als Kinder ihrer Zeit. Moritz Necker.
