3346 5257
3074 128 3245 179 Nr. 3184
137 132 277 170 Seite 4
107 208 1140 253 Handumdrehen als reichs⸗ und verfaſſungsfreundliche Oeſterreicher
109 247 646 288 italieniſcher Zunge zu präſentiren.
186 283 1138 329 Wir ſind weit davon entfernt, den Nationalen in Wälſch⸗
107 324 1137 369 tirol den Werth abzuſprechen, welchen ihre gegenwärtige Stellung
106 363 1134 405 für das Reich und für ihre eigenen Intereſſen haben kann. Allein
107 402 1138 445 der Preis, den ſie ſetzen, nämlich die Lostrennung Wälſchtirols
107 440 1137 484 von Tirol und die Conſtituirung desſelben als eines eigenen
108 478 1136 521 autonomen Landes, iſt mehr als bedenklich hoch. Ein eigenes
107 517 1137 561 italieniſches Land „Trentino“ wäre eine Quelle unausgeſetzter
105 555 1136 599 Verlegenheiten für Italien wie für Oeſterreich, eine permanente
106 594 1135 637 Trübung und Störung des Friedens zwiſchen beiden. Selbſt ein
105 633 1135 676 etwaiger Anfall des Trentino bis zur Sprachgrenze an Italien
104 671 1136 714 würde keinen dauernden Frieden ſchaffen, da dann das deutſche
107 710 1136 754 Südtirol bis auf den Brenner ernſtlicher als je bedroht und ge⸗
105 749 1135 789 fährdet wäre. Wer ſoll auch die Landes⸗Autonomie eines Trentino
103 786 1134 830 beſchließen? Der Reichsrath? Er kann es nicht, ohne zu Gunſten
105 826 1134 870 des Föderalismus eine tiefe, breite Breſche in die Verfaſſung zu
102 864 1135 906 legen. Oder der Landtag? Dieſer wird es nicht, ſelbſt wenn er
104 903 1133 946 aus einem clericalen zu einem liberalen werden ſollte, weil ſich
102 941 1133 983 keine Partei in Tirol eine ſo ungeheure Verantwortlichkeit und
103 980 1134 1021 den vernichtenden Vorwurf, das Land in ſeinem Territorial⸗
100 1019 1133 1061 Beſtande verſtümmelt und gefährdet zu haben, aufladen kann.
100 1057 1134 1099 Was möglich wäre, ſind Conceſſionen auf dem Gebiete der Ad⸗
102 1096 1133 1138 miniſtration; allein auch ſolche würden, mit etwaiger Ausnahme
100 1134 1133 1182 im Bereiche der Juſtiz, für beide Theile nur ſchädlich werden,
100 1173 1134 1215 da ſie abſchwächend wirken müßten. Unter Giskra erhielt Trient
100 1212 1132 1254 eine eigene, zwar nicht nominelle, aber doch factiſche Statthalterei⸗
100 1250 1133 1293 Abtheilung, von welcher Zweitheilung manche Wälſchtiroler ſelbſt
100 1289 1132 1331 geneigt ſind, zu behaupten, daß der Geſchäftsgang dadurch eher
101 1328 1133 1372 verſchleppt als gefördert und beſchleunigt werde; die Trientiner
102 1365 1132 1409 ſind auch dadurch nicht befriedigt worden. Was in Wälſchtirol
99 1404 1131 1448 noththut, ſind nicht die fünften bureaukratiſchen Wagenräder in
97 1442 1131 1486 Trient, ſondern iſt eine ſtrengere und durchgreifende Einſicht in
98 1482 1132 1530 den bureaukratiſchen Geſchäftsgang mancher Aemter, damit eine
97 1520 1131 1569 prompte Geſchäftsführung in allen Zweigen der Adminiſtration
101 1559 1131 1603 hergeſtellt werde. Von welchem Centrum eine ſolche Ueberwachung
98 1591 1132 1641 ausgehe, iſt nicht ganz gleichgiltig; ſie wird freier und wirkſamer
96 1636 1131 1679 ſein, wenn ſie für das ganze Land von Einem Mittelpunkte aus⸗
116 1676 1130 1717 geht, anſtatt von zweien, da ſonſt leicht der Fall eintreten kann,
112 1714 1130 1756 daß ein Statthalter in Innsbruck ſich auf ſeinen Majordomus
96 1745 1130 1795 oder, wie er officiell heißt, den k. k. Statthaltereirath erſter Claſſe
98 1791 1129 1839 in Trient, und dieſer wieder umgekehrt ſich auf den Statthalter in
98 1829 1129 1873 Innsbruck verläßt,wieder Volkswitz Aehnliches von den vierzehn heili⸗
116 1868 1129 1912 gen Nothhelfern behauptet. Eine gute Adminiſtration zur Handhabung
114 1907 1128 1948 der Geſetze iſt eine der größten Wohlthaten, die man uns Oeſter⸗
95 1945 1127 1990 reichern überhaupt erweiſen kann und die das Wohl des Volkes
94 1984 1127 2027 verlangt; darum ſollte aber auch Alles vermieden werden, was
94 2023 1127 2066 eine ſolche zerſplittert und abſchwächt, namentlich gegenüber einem
93 2061 1127 2104 Landesausſchuſſe, der ſich manchmal ganz deutlich die Meinung
92 2100 1125 2148 anmerken läßt, daß eigentlich er die legitime Landesregierung, die
91 2138 1125 2180 kaiſerliche Statthalterei aber eine ihm nach jeweiligem Belieben
92 2176 822 2219 verantwortliche untergeordnete — Behörde ſei.
170 2266 1128 2317 Peſt, 3. Juli. [Orig.⸗Corr.] (Partei⸗Fuſion.)
90 2299 1128 2348 Seit Jahren hat in der todten Saiſon die lonyayiſtiſche „Re⸗
89 2343 1127 2388 form“ den Beginn oder den Vollzug einer Partei⸗Fuſion verkün⸗
88 2383 1126 2425 det. So auch heuer, und diesmal hat es das genannte Blatt ganz
88 2420 1128 2465 beſonders eilig. Schon am erſten Tage nach dem Schluſſe des
89 2460 1125 2502 Reichstages tritt es mit der Senſations⸗Nachricht auf: bei Cſer⸗
88 2497 1128 2540 natony habe eine Verſammlung der Parteihäupter des linken Cen⸗
91 2535 1129 2579 trums ſtattgefunden; dort ſei ein Schreibebrief Koloman Tisza's zur
87 2572 1129 2616 Verleſung gekommen, in welchem der Parteiführer das September⸗Pro⸗
87 2607 1129 2663 gramm Ghiczy's, alſo das gänzliche Fallenlaſſen der ſtaatsrechtlichen
87 2645 1127 2695 Frage und die formelle Fuſion mit der Deak⸗Partei rückhaltslos
86 2690 1126 2733 acceptirt; dieſe Enunciation ſei mit allgemeiner freudiger Zuſtim⸗
85 2729 1121 2778 mung aufgenommen worden. Ferner berichtet die „Reform“, es
85 2761 1125 2810 ſei viel davon die Rede, daß Koloman Tisza im Herbſt ins Ca⸗
84 2799 1126 2848 binet eintreten werde und auch andere Miniſter⸗Portefeuilles für
84 2846 1075 2889 verſchiedene Mitglieder des linken Centrums vorbehalten ſeien.
163 2884 1126 2926 Offenbar haben ſich die in der „Reform“ waltenden Gei⸗
83 2915 1125 2967 ſter von ihrer Phantaſie ein wenig zu weit hinreißen laſſen. Daß
84 2962 1125 3004 die beiden großen Parteien des Abgeordnetenhauſes ſeit dem
84 2993 1125 3043 Sturze Lonyay's und der Einſetzung des auch dem linken Cen⸗
83 3038 1126 3081 trum ſympathiſchen Szlavy⸗Cabinets einen entſchiedenen Schritt
83 3076 1126 3126 zur gegenſeitigen Annäherung gethan haben, läßt ſich nicht wohl
82 3109 1125 3157 in Abrede ſtellen. Ebenſo gewiß iſt es, und die unumwundenen Erklä⸗
82 3155 1125 3197 rungen der Organe beider Parteien laſſen darüber keinen Zweifel, daß
81 3192 1124 3239 ſeit der Rede Deak's in der Religionsfrage und dem einhelligen Vor⸗
81 3233 1124 3275 gehen der beiden gemäßigten Parteien in dieſer Frage dieſe Annä⸗
81 3271 1124 3314 herung auch eine praktiſche Geltung erhalten und in concreter
81 3303 1124 3353 Weiſe ſich manifeſtirt hat. Vernünftigerweiſe läßt ſich aus dieſen
78 3348 1124 3391 Thatſachen nichts Anderes folgern, als daß die gemäßigte Linke auch
81 3386 1125 3429 fernerhin in allen Fällen, wo die Regierung oder ihre Partei
80 3423 1124 3469 einen Schritt weiter zur freiheitlichen Entwicklung thun, ohne
77 3463 1123 3507 Widerrede mit ihren früheren politiſchen Gegnern gehen wird.
75 3502 1124 3545 Daß ſich unten ſolchen Umſtänden mit der Zeit auch die vollkom⸗
75 3535 1124 3585 mene Verſchmelzung der liberalen Elemente beider Parteien aus
72 3580 1125 3624 den gegenwärtigen Zuſtänden entwickeln kann, liegt in der Natur
71 3618 244 3661 der Dinge.
156 3657 1124 3705 Dieſe Verſchmelzung kann aber — ſelbſt wenn ſie, was gar
70 3695 1123 3740 nicht unmöglich, bald erfolgen ſollte — nur ſozuſagen hiſtoriſch
70 3734 1124 3780 vor ſich gehen Für das Zuſtandekommen eines formellen Pactes,
61 3773 1124 3817 eines Fuſions vertrages, welcher eine plötzliche Schwenkung des
72 3807 1124 3857 linken Centrums gegen die Rechte zur Folge haben ſollte, ſpricht
72 3851 1123 3894 nichts, als etwa — die Abſicht der „Reform“ und der hinter ihr
73 3883 1123 3934 ſtehenden Fraction, durch die Verbreitung ſolcher Senſations⸗Nach⸗
75 3923 1123 3972 richten Mißtrauen hüben und drüben zu ſtreuen und den Boden
77 3967 1124 4012 für die durch die letzte Miniſterkriſe abgethane Coterie wieder
75 4005 1124 4052 vorzubereiten. Für dieſe Annahme ſprechen manche Thatſachen, die
77 4044 825 4088 nur der „Reform“ unbekannt zu ſein ſcheinen.
158 4083 1123 4133 Vor ungefähr zwei Monaten fand im Club der Linken aus
78 4120 1122 4167 Anlaß eines glücklich beigelegten häuslichen Zwiſtes ein Verſöh⸗
79 4155 1121 4207 nungsfeſt ſtatt, bei welcher Gelegenheit Koloman Ghiczy reuig
81 4193 1123 4246 eingeſtand, daß ſein September⸗Programm ein Fehler war und
80 4236 1119 4284 daß er rückhaltlos zu jenem alleinſeligmachenden politiſchen Glau⸗
79 4275 1120 4323 ben zurückkehre, deſſen Satzungen in den Biharer Punkten ver⸗
82 4313 1121 4362 zeichnet ſind. Als vor einigen Wochen die Cſavolszky⸗Affaire die
83 4352 1121 4399 orthodoxen Gemüther des linken Centrums höchlich beunruhigte,
83 4391 1121 4438 und der zur äußerſten Linken hinneigende Urheber dieſer allgemeinen
83 4429 1121 4476 Aufregung mit dem Anathema der Partei bedroht wurde, erklärte
85 4468 1121 4515 Ghiczy, er wolle ſich vom politiſchen Leben ganz zurückziehen, da
85 4506 1119 4551 er es mit Bedauern erkenne, daß die Spaltung in der Linken
85 4546 1119 4591 durch ſein Verſchulden entſtanden ſei. Nur durch die eindring⸗
84 4584 1118 4628 lichen Bitten der Parteigenoſſen ließ ſich der Führer der Linken
86 4623 1120 4668 bewegen, wenn auch nicht das Club⸗Präſidium, ſo doch ſeinen
86 4661 1119 4706 Platz im Reichstage und daher auch in der Partei zu behalten.
86 4700 1121 4745 Als ſich endlich geſtern nach dem Seſſionsſchluſſe die politiſchen
87 4733 1122 4788 Freunde von Ghiczy verabſchiedeten, geſchah dies nicht, ohne daß
86 4771 1122 4821 dieſer ſie ſeiner Geſinnungstreue verſicherte. Das ſpricht ſicherlich
88 4815 1124 4861 nicht für die ſofortige unvermittelte Parteifuſion, ebenſowenig wie
92 4852 1123 4898 die Abreiſe Tisza's am Tage der großen Enunciation Deak's,
91 4891 1123 4937 welche ſchon im vorhinein bekannt war, und vor dem Votum ſei⸗
90 4929 1123 4976 ner eigenen Partei in der Religionsfrage. Die Fuſion der Rech⸗
88 4968 1124 5011 ten mit dem linken Centrum des ungariſchen Reichstages wird
87 5007 1124 5051 vorausſichtlich in nicht ferner Zeit erfolgen, aber nicht in der
87 5043 1124 5093 Weiſe und hoffentlich auch nicht zu dem Zwecke, wie ſie das Or⸗
86 5086 657 5127 gan des Grafen Lonyay ſich vorſtellt.
1449 145 2027 181 Neue Freie Presse.
1585 216 1816 267 Ausland.
1260 283 2209 327 Berlin, 2. Juli. [Orig.⸗Corr.] (Bismarck und
1182 320 2208 365 Arnim. Reichstagsberufung. Die Regierung
1183 360 2208 403 und der aufſäſſige Episcopat.) Die Ultramontanen
1181 398 2208 442 haben jetzt, vielleicht mit Hilfe dem Kanzler naheſtehender Kreiſe,
1182 437 2207 479 einen Grund für den Zwiſt Bismarck's mit dem Botſchafter in
1181 475 2208 517 Paris entdeckt. Natürlich mußte, nachdem Arnim's „Empressement“
1181 514 2207 557 bei Mac Mahon's Antritte gebührend aus der Welt geſchafft war,
1181 552 2207 596 ein neuer Grund gefunden werden, und er wurde entdeckt in dem
1179 591 2208 634 Beſtreben des Reichskanzlers, Arnim's Berichte, die derſelbe zur
1181 630 2207 672 Zeit des Concils aus Rom eingeſendet hatte, jetzt zu veröffent⸗
1180 668 2207 710 lichen, was der Letztere ſich verbeten und ſchließlich auch durchge⸗
1179 707 2208 750 ſetzt habe. Plan ſieht nicht recht ein, was die damaligen Berichte
1179 739 2206 787 jetzt eigentlich für einen Nutzen ſtiften ſollen, ferner, was Arnim
1179 784 2207 832 eigentlich gegen deren Veröffentlichung haben ſollte, die, wie immer
1179 823 2205 866 bei derartigen Kundgebungen, doch nur cum grano salis erfolgen
1178 861 2205 904 möchte. Auch dieſer Grund leuchtet ſomit nicht recht ein, und
1178 900 2206 941 man wird ſich mit dem Gedanken vertraut machen müſſen, daß
1177 938 2206 982 Arnim nach erfolgter Räumung ded franzöſiſchen Gebietes in
1177 976 2205 1020 Paris einen Nachfolger erhält. Die Ab⸗ oder beſſer Erlöſung
1178 1015 2206 1058 von dieſer Stelle hat übrigens ſchon lange in Arnim's Wünſchen
1179 1054 2206 1098 gelegen; nur tritt bei dieſem Stellenwechſel die Schwierigkeit
1179 1092 2205 1136 ein, daß gegenwärtig keine Botſchafterſtelle erledigt iſt und auch
1178 1130 2205 1180 in nächſter Zeit keine zur Erledigung kommt. — Die Herbſt⸗
1177 1169 2206 1219 oder Winterſeſſion des Reichstages iſt wieder zweifelhaft gewor⸗
1177 1209 2206 1252 den, und man trägt ſich in den höheren Kreiſen gegenwärtig mit
1177 1246 2205 1290 der Erwägung, ob bis zu Ende Februar künftigen Jahres, bis
1177 1285 2204 1329 wohin die Legislatur⸗Periode des gegenwärtigen Reichstages läuft,
1176 1324 2205 1368 ſich noch eine Seſſion mit Erfolg wird ermöglichen laſſen, zumal
1176 1362 2204 1406 dabei ſehr viel von dem guten Willen der Abgeordneten abhängt.
1176 1399 2206 1444 Auch liegt es, wenn der Reichstag einmal berufen iſt, nicht mehr
1177 1439 2204 1490 in der Hand der Regierungen, die Berathungen auf einen einzigen
1176 1478 2204 1522 Gegenſtand, wie etwa das Militärgeſetz, zu beſchränken, und es
1177 1517 2205 1561 würde im Ganzen wol nicht gerne geſehen werden, wenn noch andere
1176 1555 2205 1599 Gegenſtände auf die Tagesordnung kämen. Es iſt ſomit nicht
1176 1594 2203 1638 unwahrſcheinlich, daß das Project einer Nachberufung des Reichs⸗
1175 1632 2204 1677 tages aufgegeben wird. — Die preußiſche Staatsregierung hat
1176 1671 2204 1714 unterdeſſen mit dem aufſäſſigen Episcopat vollauf zu thun und
1175 1708 2204 1760 iſt, was man auch ſonſt dagegen ſagen mag, entſchloſſen, dem
1175 1748 2203 1791 Geſetze volle Achtung zu verſchaffen. Es iſt auch hohe Zeit, wenn
1174 1786 2203 1831 man ſieht, wie Erzbiſchöfe und Biſchöfe offen und veſtreckt gegen
1174 1822 2202 1869 die Staatsgeſetze auftreten. Der Erzbiſchof von Köln iſt bereits
1174 1861 2203 1907 vor Gericht geſtellt; der Erzbiſchof von Gneſen⸗Poſen ſucht die
1174 1902 2207 1947 Regierungsmaßregeln in Mißcredit zu bringen, und der Biſchof
1174 1940 2202 1984 von Paderborn beglückwünſcht die aus dem deutſchen Reiche ge⸗
1173 1979 2202 2023 wieſenen Redemptoriſten und beklagt das eigene diesmal deutſche
1174 2017 2202 2061 Vaterland, welches, nach des Biſchofs Anſicht, wie einſt der ver⸗
1173 2056 2202 2099 blühende Staat der Athener, „ſeine beſten und verdien⸗
1174 2094 2202 2138 teſten Bürger verbannt“. Wem die Perſonalkenntniß hin⸗
1172 2133 2203 2177 ſichtlich der Redemptoriſten⸗Patres abgeht, der wird nicht ſagen
1174 2171 2202 2216 können, ob dieſelben wirklich dieſe Bezeichnung verdienen. Bei
1173 2211 2201 2255 alledem hält ſich der Staat noch in der Defenſive, trifft aber den
1174 2249 2200 2294 Clerus durch Entziehung der Staatszuſchüſſe zu den clericalen
1173 2288 2200 2332 Lehranſtalten doch ſehr empfindlich. Gegen den Nervus rerum
1173 2327 2199 2371 kommen alle Declamationen nicht auf. Bezeichnend iſt es auch,
1173 2366 2200 2410 daß die Spener'ſche Zeitung heute Abends den evangeliſchen Ober⸗
1172 2405 2202 2447 Kirchenrath den katholiſchen Biſchöfen gegenüber für ſeine Be⸗
1172 2437 2201 2487 reitwilligkeit gegenüber den kirchenpolitiſchen Geſetzen belobt. Die⸗
1173 2481 2200 2524 ſes Lob iſt nicht verdient und auch nicht richtig. Beſagte Ge⸗
1173 2519 2201 2562 ſetze ſind erſtens nicht gegen die evangeliſche Landeskirche gerichtet,
1174 2552 2198 2600 und dann iſt der Ober⸗Kirchenrath doch eine nach Mehrheitsbe⸗
1173 2594 1711 2636 ſchlüſſen abſtimmende Behörde. r.
1249 2682 2200 2728 Amſterdam, 2. Juli. [Orig.⸗Corr.] (Zur Armee⸗
1171 2722 2199 2767 frage. Vom Hofe.) Ich habe auch nicht die geringſte Anwand⸗
1170 2761 2198 2806 lung, mich meiner Prophetengabe zu rühmen. Allerdings hat Sie mein
1170 2800 2200 2845 letzter Brief, gleich nach dem erſten Gange der Regierung mit der zwei⸗
1170 2839 2197 2888 ten Kammer, auf die inzwiſchen mit 41 gegen 23 Stimmen erfolgte
1169 2877 2199 2921 Verwerfung der Abſchaffung des Stellvertreter⸗Syſtems in der
1171 2914 2199 2959 Armee und der Einführung der allgemeinen Dienſtpflicht vorbe⸗
1168 2952 2199 2999 reitet, aber dazu bedurfte es wahrlich keiner Sehergabe. Wie
1170 2987 2199 3036 könnte eine durch den Cenſus erwählte Kammer anders ſtimmen?
1169 3028 2198 3078 Wäre ſie noch ſo patriotiſch, ſo hat doch die Mehrzahl das Ge⸗
1168 3066 2198 3119 fühl der Selbſterhaltung, und der Druck der privilegirten Wähler,
1169 3105 2197 3151 die nun und nimmer hierzulande etwas von perſönlicher Dienſt⸗
1169 3145 2197 3193 leiſtung ihrer Söhne hören wollen, macht die Herren Deputirten
1171 3184 2196 3228 taub für alle anderen Gründe. Herr Thorbecke allein hätte mög⸗
1168 3223 2196 3270 licherweiſe zur Zeit, als er gewiſſermaßen dictatoriſch die Nieder⸗
1168 3257 2195 3309 lande regierte und die liberale Partei in geſchloſſenen Gliedern
1167 3300 2195 3345 führte, wohin er es für erſprießlich erachtete, die militäriſchen
1168 3338 2194 3385 Projecte durchgeſetzt. Das heutige Cabinet Franſen van den Put
1167 3379 2194 3423 de Bries ließ den Kriegsminiſter allein auf der Breſche, und als
1168 3411 2194 3462 er beſiegt, begnügte ſich dasſelbe, ſämmtliche Projecte zurückzu⸗
1170 3456 2194 3500 ziehen. So trat der Graf v. Limburg⸗Stirum allein ab, und
1168 3495 2194 3543 ſeine Collegen ſind bereits ausgezogen auf die Entdeckung eines
1167 3533 2193 3578 neuen Kriegsminiſters. Bis ſie ihn gefunden, ja vielleicht ſchon
1168 3565 2195 3616 eher, dürſte auch ſie das drohende Geſchick ereilt und zum Rück⸗
1167 3609 2194 3656 tritte gezwungen haben. Ihres Bleibens iſt nicht mehr im Amte,
1167 3648 2193 3693 denn auf die Dauer kann doch wahrlich ein Miniſterium von
1168 3681 2193 3732 der Gnade der Oppoſition nicht leben. In derſelben Montags⸗
1167 3725 2194 3773 ſitzung, welche den rühmlichen Fall des Kriegsminiſters beſiegelte,
1167 3759 2192 3811 ward von Herrn Storm van 's Gravesande das Protocoll eines
1166 3802 2193 3849 parlamentariſchen Ehrenproceſſes verleſen, das einen perſönlichen
1167 3841 2193 3887 Streit zwiſchen dem Kriegsminiſter und dem Deputirten de Roo
1167 3881 2195 3927 van Alderwerelt ſchlichtete und friedlich beilegte. Das hohe Alter
1167 3919 2194 3964 des Grafen van Limburg⸗Stirum hätte ein Duell übrigens kaum
1167 3957 2195 4008 möglich gemacht, wenn auch der alte Haudegen ſich trotz ſeines
1168 3996 2194 4041 1831 in der Antwerpener Citadelle unter Chaſſé gelaſſenen Bei⸗
1165 4034 2193 4082 nes noch kräftig genug glaubt, um nöthigenfalls ins Feld rücken
1165 4076 1325 4118 zu können.
1242 4111 2189 4158 Die Königin hat vorgeſtern einen kurzen Abſtecher nach
1165 4150 2192 4197 Zeeland gemacht. Ihr Empfang in Middelburg war ein überaus
1167 4189 2194 4235 herzlicher. Die hohe Frau intereſſirt ſich für Alles, was die
1167 4227 2194 4275 ſittliche Hebung der unteren Volksclaſſen erzielt; ſie beſucht
1166 4266 2191 4312 überall, wo ſie hinkommt, Schulen und Hoſpitäler, ohne irgend
1166 4305 2189 4351 eine Ausnahme der Confeſſion halber zu machen. Sie iſt bei
1165 4339 2190 4389 Chriſten und Juden, bei Katholiken und Proteſtanten gleich be⸗
1166 4383 2193 4428 liebt und geehrt — ein Umſtand, der heute um ſo erwähnens⸗
1165 4420 2192 4466 werther iſt, als die religiöſen Leidenſchaften und Aergerniſſe wie⸗
1165 4460 2154 4507 der in bedauerlicher Weiſe in den Vordergrund treten. J. v. L.
1241 4539 2192 4586 Paris, 2. Juli. [Orig.⸗Corr.] (Thiers und
1166 4576 2190 4625 Gambetta. Die monarchiſchen Parteien und
1166 4615 2190 4666 die öffentliche Meinung.) Geſtern, auf dem Bahn⸗
1166 4653 2190 4702 hofe Saint ⸗ Lazare, einige Minuten vor der Ankunft des
1165 4692 2194 4744 Herrn Thiers ſagte Gambetta zu einigen Deputirten der Linken,
1165 4729 2196 4780 die ihn umgaben: „Nur Geduld und Ruhe! Seitdem die Rechte
1165 4767 2195 4818 dem Lande ihr wahres häßliches Geſicht gezeigt, wird dasſelbe
1167 4805 2195 4856 ſchon Mittel und Wege finden, dieſem ſchändlichen Carneval (ce
1165 4846 2196 4898 honteux carnaval) ein Ende zu machen.“ In demſelben Augen⸗
1166 4881 2196 4931 blick ertönten gleich einem vielverheißenden Echo die Rufe: „Es
1167 4921 2196 4971 lebe die Republik! Es lebe Thiers!“ Es war der Ex⸗Prä⸗
1165 4960 2196 5008 ſident, der mit ſeiner Gemalin und ſeinem Jonathan, dem Herrn
1166 4995 2197 5047 Barthélemy ⸗ Saint⸗Hilaire, am Schalter erſchien und ſein Fahr⸗
1168 5035 2197 5086 billet nach Verſailles löſte. Herr Gambetta ging auf Herrn Thiers
1166 5075 2196 5127 zu, und Beide ſchüttelten ſich freundſchaftlichſt die Hände. Herr
2274 139 2519 176 5. Juli 1873
2253 216 3282 261 Gambetta entwickelt ſeit dem 24. v. M. eine ungeheure Thätig⸗
2253 256 3275 298 keit. Seine Correſpondenz iſt zahlreicher als die eines Miniſters,
2252 294 3270 336 aber über die Pläne und Projecte der Linken verlautet nichts
2253 333 3277 376 Gerade dieſer Umſtand beunruhigt die Regierung, wenn auch nicht
2252 371 3277 412 in demſelben Maße wie das Gebahren der Clericalen. Das rechte
2253 409 3280 451 Centrum iſt wie verzweifelt ob des Thuns und Laſſens der Ultra⸗
2252 448 3279 491 montanen, die ihren Gelüſten die Zügel ſchießen laſſen und wirk⸗
2252 481 3279 529 lich glauben, das würde ſo fortgehen. Die Bonapartiſten beſtärken
2252 524 3280 567 ſie in dieſem Wahn und reiben ſich ſchadenfroh lächelnd die Hände.
2254 562 3281 606 „Auch ſie arbeiten für uns,“ ſagte Nouher. Dem ehemaligen
2251 601 3281 645 Bice⸗Kaiſer ſind die Ultramontanen ein Dorn im Auge. Sie
2251 641 3280 684 waren es, behauptete er, welche den Krieg und den Sturz des
2252 677 3280 721 Kaiſerreichs herbeigeführt. Allerdings nimmt er ſich wohl in Acht,
2250 716 3281 760 das jetzt zu äußern, aber bei einem Diner, dem er vor einigen
2250 755 3280 799 Monaten beiwohnte und als der Wein die Zungen gelöſt, ließ er
2251 793 3279 837 ſeinen langverhaltenen Zorn los und ſetzte hinzu, die Bonapar⸗
2251 832 3279 878 tiſten würden dies nie vergeben oder vergeſſen. Die Verſuche des
2250 871 3280 913 rechten Centrums, die Bonapartiſten zu iſoliren, haben ſeit meinem
2251 909 3278 953 letzten Schreiben einen entſchiedeneren Charakter angenommen; es
2251 942 3280 991 iſt jetzt ſichtlich beſtrebt, ſich auch von den Ultramontanen loszu⸗
2250 987 3278 1030 machen, die allzu ſcharf ins Zeug gehen und ſchon den Kreuzzug
2251 1025 3279 1067 öffentlich gegen Italien predigen. Das Journal de Paris und der
2250 1063 3278 1106 Soleil werden in dieſer Richtung dieſer Tage eine bezeichnende
2250 1102 3278 1145 Schwenkung machen. Die öffentliche Meinung, welche nach dem
2251 1141 3279 1183 24. Mai Alles über ſich ergehen ließ, fängt an, das Haupt zu
2250 1179 3276 1221 erheben, wie das Schlachtroß, wenn es Trompetengeſchmetter hört.
2250 1218 3276 1261 Die näſelnden Litaneien der zu den Muttergottesbildern pilgern⸗
2250 1253 3277 1301 den Deputirten ſind wahre Weckrufe. Es wird nicht lange
2249 1295 3278 1338 dauern und durch ganz Frankreich wird der Ruf: Nieder mit den
2249 1333 3277 1377 Kutten! erſchallen. Ein Dorn im Fleiſche der Reaction ſind die
2250 1372 3277 1415 in großer Mehrzahl republikaniſch geſinnten Generalräthe. Letztere
2249 1410 3275 1452 halten den neu ernannten „Préfets à poignéo“ Stand, und ſollte
2250 1448 3277 1491 man zur Gewalt ſchreiten müſſen, ſo werden Generalräthe die
2250 1487 3276 1529 Stützpunkte der Revolution abgeben. Paris iſt ruhig und wird
2249 1526 3276 1570 ruhig bleiben. Muß es zu einer Bewegung kommen, heißt es, ſo
2249 1565 2996 1608 mögen die Departements einmal ſich zeigen. c.
2324 1653 3277 1697 Madrid, 27. Juni. [Orig.⸗Corr.] (Vom carli⸗
2249 1692 3273 1735 ſtiſchen Kriegsſchauplatze. Unruhen in Bar⸗
2249 1731 3274 1772 celona, Sevilla und Valencia.) Aus dem Berichte
2248 1771 3274 1812 des Correſpondenten der Correſpondencia, der in Vittoria ſich
2248 1808 3275 1851 über die Einzelheiten des mitgetheilten Treffens mit den Car⸗
2248 1848 3271 1890 liſten zu unterrichten Gelegenheit hatte, entnehmen wir allerdings,
2247 1880 3274 1929 daß in den Proportionen, welche dieſer Bürgerkrieg hat, der Er⸗
2248 1925 3275 1966 folg der republikaniſchen Truppen ein bedeutender war. Inzwi⸗
2247 1956 3274 2004 ſchen hatte ſich auf Grund carliſtiſcher Nachrichten, unterſtützt
2246 1994 3274 2042 durch den Umſtand, daß die Regierung die Details dieſer Affaire
2246 2039 3273 2080 entweder nicht empfangen oder nicht vorzulegen für geeignet hielt,
2246 2074 3272 2118 das Gerücht verbreitet, daß am folgenden Tage die Regierungs⸗
2246 2115 3273 2164 truppen eine Schlappe erlitten hätten, an welcher namentlich die
2246 2153 3274 2197 Brigade Caſtañon betheiligt geweſen und dieſer ſelbſt geblieben
2246 2192 3273 2235 ſei. Nun ſind aber geſtern Telegramme von dem angeblich tobten
2245 2230 3271 2274 Brigadier Caſtañon eingelaufen, und der Kriegsminiſter hat bei
2246 2268 3269 2315 der Familie des angeblich Verwundeten die ganze Sache für un⸗
2245 2310 3267 2353 wahr erklärt. Richtig iſt, daß das Gros der Carliſten das kleine,
2244 2348 3272 2392 aber ſtrategiſch wichtige Fort Irurzun überrumpelt und dieſes,
2246 2387 3272 2430 ſowie die dortige Eiſenbahnſtation angezündet hat, und daß am
2244 2418 3272 2468 jüngſten Dienſtag die Bande unter Commando des Pfarrers
2245 2464 3273 2505 Santa Cruz den offenen Ort Zaldivia überfiel und eine allge⸗
2245 2500 3273 2543 meine Plünderung, von welcher auch die dortige Pfarrkirche nicht
2245 2536 3272 2578 verſchont blieb, anſtellte. Dieſe Kirche beſaß außer vielen Juwelen
2246 2568 3273 2620 eine maſſiv ſilberne Chriſtusſtatue, welche Objecte von dem hoch⸗
2245 2612 3273 2655 würdigen Pater mitgenommen wurden. Eine neue Sorte von
2245 2651 3125 2695 Communismus, die alle anderen Spielartyn weißwäſcht.
2322 2692 3271 2736 Geſtern war wieder ein Tag übler Nachrichten aus den Pro⸗
2244 2732 3273 2775 vinzen: einmal von Barcelona, die Ihnen direct zugegan⸗
2242 2771 3271 2815 gen ſein werden; weiter von Malaga und Sevilla. In erſterer
2243 2810 3270 2852 Stadt rottete ſich der dortige Pöbel, der bekanntlich zu den un⸗
2242 2848 3272 2896 zähmbarſten der Halbinſel gehört, unter dem Rufe: „Nieder mit
2242 2885 3271 2926 der Recrutirung! Tod dieſer Regierung!“ zuſammen, und wurde
2241 2916 3270 2963 der Ober⸗Bürgermeiſter Don Moreno Mico, einer der älteſten
2242 2959 3270 3002 und geachtetſten Republikaner Andaluſiens, der Ordnung machen
2242 2998 3271 3041 wollte, von einem Haufen Bewaffneter umringt und in ſchänd⸗
2243 3036 3270 3080 licher Weiſe erſchlagen. Die Bürgerwehr rückte aus, die Ruhe
2241 3076 3270 3120 wurde wieder hergeſtellt, der Militär⸗Gouverneur ergriff umfaſ⸗
2242 3115 3270 3159 ſende militäriſche Vorſichtsmaßregeln, und der Unterſuchungsrichter
2241 3155 3269 3197 hat mit mehreren Gefangenen, die man für die Rädelsführer des
2241 3194 3269 3237 Alcaldenmordes hält, zu fungiren begonnen. Die Aufregung der
2240 3227 3267 3276 beſitzenden Claſſe indeſſen ſcheint ſich dort noch nicht gelegt zu
2239 3272 2329 3311 haben.
2317 3309 3268 3353 Die Ruheſtörungen in Sevilla ſcheinen von langer
2239 3344 3266 3392 Hand vorbereitet und geſchürt worden zu ſein. Ob es
2239 3384 3261 3429 die „Internationale“, ob es eine der anti⸗republikaniſchen
2238 3424 3266 3470 Parteien geweſen, die hier die Hand im Spiele hatten, läßt
2239 3456 3267 3507 ſich heute noch nicht entſcheiden; aber in den unteren Schichten
2238 3501 3267 3547 herrſchte ſchon ſeit längerer Zeit Unzufriedenheit mit dem
2237 3539 3266 3584 Thun und Laſſen der Cortes. Zum Ausſpruche kam der Putſch
2238 3578 3269 3623 damit, daß eine Abtheilung von Volontarios auf ein Detachement
2239 3617 3266 3661 der Guardia Civil, welches Staatsgelder escortirte, Feuer gab
2238 3655 3266 3699 und einen Officier und ſieben Garden tödtete. Hierauf bemäch⸗
2239 3694 3266 3739 tigten ſich erſtere der Kanonengießerei, während die Behörden
2239 3732 3267 3778 ſich in die Tabakfabrik flüchteten, wo ſie die geringe Mannſchaft,
2240 3770 3268 3817 die zu ihrer Verfügung ſtand, concentrirten. Später trafen mit
2238 3807 3267 3856 Eilzug mehrere Truppen⸗Abtheilungen von verſchiedenen Punkten
2239 3845 3268 3892 ein. Ein Theil der Voluntarios ſtellte ſich zur Verfügung der
2238 3883 3266 3934 Regierung, die Inſurgenten zogen ſich zurück, die aus der Kanonen⸗
2239 3920 3268 3974 gießerei von dem Pöbel verſchleppten Gegenſtände wurden wieder
2239 3961 3267 4009 herbeigebracht und nach Telegrammen von geſtern Abends war die
2237 4000 3265 4048 Ordnung wieder hergeſtellt, ohne daß außer dem gedachten ſchänd⸗
2237 4038 3264 4087 lichen Angriff auf die Guardia Civil ein Unfall zu beklagen wäre.
2314 4076 3264 4123 Auch in Valencia zeigte ſich vorgeſtern in Folge aufrühre⸗
2237 4115 3264 4163 riſcher Maueranſchläge eine nicht unbedeutende Gährung. Allein
2238 4152 3263 4199 an dieſem Platze ſtellten ſich alle Bataillone der Voluntarios
2237 4191 3264 4241 durch ihre Chefs ſogleich zur Verfügung der Behörden und erklär⸗
2238 4230 3264 4277 ten, daß ſie nichts Anderes wollen und anerkennen, als die volle
2237 4268 3263 4315 Autorität der Cortes und der Executivgewalt. Hiedurch wurde die
2237 4307 2996 4356 öffentliche Ordnung vor jeder Störung geſchützt.
2314 4344 3251 4393 Sowol die cataloniſchen, wie die Deputirten anderer Pro
2237 4382 3261 4433 vinzen hielten geſtern Gruppen⸗Meetings, in welchen die dringliche
2236 4420 3264 4471 Nothwendigkeit des entſchiedenen Vorgehens der Regierung ſowol
2237 4459 3263 4509 wegen der carliſtiſchen Inſurrection als auch wegen Sicherung
2236 4496 3263 4545 der öffentlichen Ordnung mit dem Beiſatze zum Ausdrucke ge⸗
2237 4536 3262 4585 langte, daß man hierin fortan „von allen Seiten Hand ans Werk
2237 4578 2820 4631 legen müſſe“. f.
2316 4644 3263 4697 Petersburg, 25.Jun. [Orig⸗Corr.] (Zur Arbeiter⸗
2239 4684 3261 4734 frage in Rußland.) Die ſocialen Erſchütterungen, welche
2239 4724 3264 4773 die Arbeiterbewegung ſeit einigen Jahren in Weſt⸗Europa hervor⸗
2241 4762 3264 4811 zurufen begonnen, haben unſerer nationalen Preſſe wiederholt
2240 4796 3264 4850 Gelegenheit geboten, phariſäiſch⸗ſelbſtzufriedene Vergleiche zwiſchen
2240 4836 3264 4888 der verzweifelten Lage des „faulen Weſtens“ und der behaglichen
2241 4874 3265 4927 Sicherheit anzuſtellen, welche die nationale Inſtitution des Ge⸗
2241 4915 3265 4963 meindebeſitzes und der damit zuſammenhängende Mangel eines
2242 4953 3264 5004 heimatloſen Proletariats der ruſſiſchen Geſellſchaft für alle Zu⸗
2242 4992 3266 5042 kunft zu gewährleiſten verſprechen. Inwieweit unſere Journa⸗
2241 5031 3264 5078 liſten bona fide reden, muß dahingeſtellt bleiben; ſicher iſt aber,
2241 5070 3265 5119 daß die Regierung ihre optimiſtiſche Anſchauung der Arbeiterfrage
867 138 1194 180 Wien, Samstag
