3488 5361
247 141 447 178 Nr. 16830
842 142 1109 184 Wien, Samstag
1539 145 2115 181 Neue Freie Presse.
2526 149 2752 184 1. Juli 1911
3182 147 3346 184 Seite 25
346 434 1494 658 Amerikanisches
546 806 1270 986 BERTHOLD
469 1100 1142 1161 Verkauf der Marken:
344 1272 1266 1406 Walk-Over
346 1522 1266 1742 Edwin Clapp & Son
1978 438 3234 662 Schuhwarenhaus
2330 806 2870 986 FASSEL
2516 1094 3020 1155 Verkaufsstellen:
2453 1271 2959 1361 Budapest
2453 1395 2723 1481 Prag
2457 1515 2781 1587 Triest
2453 1637 2957 1711 Karlsbad
2455 1759 2929 1849 Lemberg
441 1897 1172 1947 Sorosis.
2455 1879 3023 1957 Innsbruck.
1342 1969 1757 2019 TRADE MARK REG US PAL OFF
1917 1966 2204 2017 G###E KEITH COMPANY
341 2069 3229 2229 Wien, I., Tegetthoffstrasse Nr. 5
1099 2253 2467 2329 (zwischen Oper und Neuer Markt).
339 2403 3225 2551 Filiale: Wien, VI., Mariahilferstr. 51.
283 2803 1131 2895 Landwirtschaftliche Zeitung.
276 2931 1132 2993 Neues auf dem Gebiete der Bucker⸗
577 2996 834 3053 fabrikation.
396 3082 997 3118 Vom k. k. Regierungsrat A. Stift.
273 3139 1219 3187 Wenn man den Inhalt der Fachpresse objektiv ver⸗
188 3184 1217 3231 folgt, so gewinnt man zweifellos den Eindruck, daß in
190 3229 1217 3275 der letzten Zeit, namentlich auf dem technischen Gebiete
187 3274 1214 3319 der Zuckerfabrikation, eine Art Stagnation eingetreten ist.
190 3317 1216 3364 Es herrscht eine gewisse Ruhe wie nach einem großen
188 3362 1215 3409 Sturm, eine Situtation, die aber ganz leicht begreiflich
187 3407 1215 3453 erscheint, wenn man sich die Kämpfe vergegenwärtigt, die
186 3452 1215 3497 vor einigen Jahren noch über den Wert der verschiedenen
185 3498 1215 3542 neuen Saftgewinnungsverfahren getobt haben. Nach diesen
187 3541 1215 3587 Kämpfen kam dann die Zeit der Klärung und der ein⸗
188 3586 1213 3633 gehenden Prüfung, die auch jetzt noch fortdauert. Auch
187 3631 1214 3675 auf diesem Gebiet zeigte es sich wieder einmal ganz
187 3674 1213 3720 deutlich, daß das Alte noch lange nicht schlecht zu sein
186 3720 1214 3764 braucht und keineswegs verdient, einfach als überholt bei⸗
186 3763 1211 3809 seite geschoben zu werden. Gerade das Alte hat vielfach
187 3808 1211 3854 neuerdings siegreich den Kampf bestanden und deutlich
183 3853 1212 3898 vor Augen geführt, daß es oft ein vergebliches, ja un⸗
182 3897 1212 3942 nützes Beginnen ist, an einem festgefügten Bau leichthin
183 3940 1213 3986 rütteln zu wollen, und daß auch für Neuerungen erst die
186 3985 1211 4030 Bahn geebnet werden muß. Die Zeiten, daß ein neues
185 4029 1210 4075 Verfahren baldigst einen Siegszug antritt, sind vorbei,
185 4073 1211 4119 wir sehen dies deutlich aus den Ergebnissen der letzten
183 4117 1212 4164 Jahre. Langsam und manchmal schon sehr langsam geht
185 4159 1213 4206 es vorwärts, und in demselben Maße mögen wohl auch die
180 4203 1212 4252 Hoffnungen mancher Erfinder sinken. Dabei zeigt sich aber
184 4248 1210 4295 auch die Tatsache, daß vielfach die lokalen Verhältnisse
184 4294 1210 4340 eine ganz gewichtige Rolle spielen und unter Umständen
183 4338 1209 4385 von ganz besonderem Einfluß auf die Einführung eines
181 4382 1210 4429 bestimmten Verfahrens sein können. Hat sich ja doch der
181 4425 1209 4475 Fall ereignet, daß ein Verfahren aufgegeben werden
178 4470 1210 4518 mußte, da eine befriedigende Durchführung desselben mit
182 4515 1208 4567 dem Rübenmaterial der betreffenden Gegend sich einfach
180 4560 1209 4607 als eine Unmöglichkeit herausstellte! Wenn nun eingangs
180 4604 1209 4650 von einer Stagnation gesprochen wurde, so darf aber
178 4648 1209 4695 dieses Wort nicht mißverstanden und gleichsam als „Still⸗
181 4692 1205 4740 stand“ aufgefaßt werden. Davon ist natürlich keine Rede,
181 4734 1207 4784 da nach wie vor die Technik redlich bemüht ist, an dem
179 4780 1205 4830 mächtigen Gebäude der Zuckerfabrikation weiter zu bauen,
179 4822 1207 4875 beziehungsweise die neueren Verfahren einer genauen
179 4866 1206 4920 Prüfung zu unterziehen. Vorbei einstweilen sind nur die
180 4911 1207 4964 Zeiten der überschwenglichen Hoffnungen und Er⸗
179 4967 368 5007 wartungen.
261 5007 1207 5056 Immer weitaus ruhiger, wie auch in der Natur der
176 5051 1205 5102 Sachlage liegend, sind die praktischen und wissenschaftlichen
178 5092 1206 5146 Arbeiten sowie die Züchtungsbestrebungen auf dem Ge⸗
178 5143 1203 5195 biete der Rübenkultur und zucht ihren Weg gegangen.
180 5187 1205 5235 Man hat hier vielfach die ungeahnten und großartigen
1267 2772 2294 2818 Fortschritte und Erfolge ganz ruhig und beinahe als
1265 2816 2292 2863 selbstverständlich in der Entwicklung liegend hingenommen.
1269 2860 2294 2907 Je mehr sich aber Wissenschaft und Praxis mit der
1267 2905 2291 2951 Zuckerrübe beschäftigen, um so mehr läßt sich ersehen,
1269 2949 2291 2996 wie sehr hier noch ein großes Arbeitsfeld offen ist, das
1268 2994 2294 3040 der Bearbeitung späterer Bebauer harrt. Es treten
1267 3037 2293 3083 immer wieder neue Fragen auf, die interessante Gesichts⸗
1266 3080 2292 3129 punkte eröffnen und zu weiteren Forschungen Anlaß
1267 3126 2292 3171 geben. Es wird daher auch auf diesem Gebiete emsig
1266 3170 2291 3216 weiter gearbeitet und es werden immer neue Steine zum
1264 3216 1720 3261 Weiterbau herbeigeschaffen.
1347 3259 2295 3305 Nach dieser allgemeinen Orientierung wollen wir nun
1268 3301 2294 3349 auf verschiedene Arbeiten zu sprechen kommen, die in
1266 3347 2294 3393 letzter Zeit erschienen sind und die gegenwärtigen neueren
1265 3391 2293 3436 Bestrebungen kennzeichnen. Eine überaus interessante
1265 3434 2293 3480 Studie über die Klimafestigkeit des Zuckergehaltes der
1263 3478 2292 3525 jetzigen Hochzuchtzuckerrübe hat Strohmer veröffentlicht,
1266 3522 2294 3568 die uns zeigt, welch festes Gefüge, wenn man so sagen
1264 3566 2293 3612 darf, die moderne Hochzuchtzuckerrübe besitzt. Es ist eine
1265 3610 2294 3657 längst bekannte Tatsache, daß für die Zuckerrübe die
1265 3652 2291 3699 klimatischen Verhältnisse, unter denen sie erwachsen ist,
1264 3698 2293 3744 nicht gleichgiltig sind. Da nun bei manchen Pflanzen⸗
1264 3739 2292 3787 formen ein Klimawechsel sogenannte „Rückschläge“ in die
1263 3785 2293 3831 Urform (Atavismus) herbeiführt, so erscheint es nicht
1264 3824 2294 3876 ausgeschlossen, daß auch bei der Zuckerrübe durch klima⸗
1262 3874 2290 3920 tische Beeinflussung Rückschläge, respektive Veränderungen,
1264 3918 2290 3963 namentlich bezüglich des angezüchteten Zuckergehalts
1264 3962 2292 4008 herbeigeführt werden können. Um diese Frage nun zu
1261 4001 2292 4053 studieren, hat Strohmer Hochzuchtmutterrüben, die im
1264 4048 2293 4095 Zuckergehalt von 20·0 bis 20·6 Prozent schwankten, in
1263 4092 2294 4138 Steinach am Brenner (Tirol) in einer Seehöhe von 1050
1261 4135 2292 4182 Metern, also in ausgesprochen alpinem Klima, auf einer
1260 4176 2291 4225 Feldparzelle, die dem Gemüsebau diente, in üblicher
1261 4221 2291 4270 Weise ausgesetzt. Da in der ganzen Gegend naturgemäß
1260 4266 2291 4313 kein Futterrübenbau getrieben wird, so war eine Fremd⸗
1260 4304 2289 4357 befruchtung zur Zeit der Blüte ausgeschlossen. Die
1259 4354 2289 4400 Pflanzen entwickelten sich ganz normal und lieferten
1258 4397 2290 4443 Rübensamen, die, wie sich aus den meteorologischen Auf⸗
1259 4440 2291 4487 zeichnungen ergibt, unter wesentlich verschiedenen klima⸗
1260 4481 2288 4530 tischen Verhältnissen erhalten wurden als die Samen,
1260 4527 2290 4572 aus denen die verwendeten Mutterrüben stammten. Dazu
1259 4571 2288 4625 kamen auch noch die verschiedenen Bodenverhältnisse, die
1259 4608 2288 4660 aber, wie Strohmer früher nachgewiesen hat, von weit
1260 4658 2289 4705 geringerem Einfluß auf die Qualität und Quantität der
1257 4698 2287 4748 Rübensamenernte sind als individu###lle Anlage und
1256 4743 2288 4792 Klima. Die geernteten Rübensamen, die kleinknäulig
1257 4786 2288 4834 waren und in Bezug auf ihre Keimfähigkeit weit hinter
1258 4829 2287 4880 derjenigen des Normalsamens zurückblieben, kamen im
1254 4872 2286 4922 Jahre 1910 in Groß=Zinkendorf (Oedenburger Komitat) und
1257 4918 2288 4965 in Dürnkrut (niederösterreichisches Marchfeld), also in zwei
1256 4962 2287 5010 wesentlich voneinander verschiedenen Lagen, zum ver⸗
1257 5005 2283 5055 gleichenden Anbau. An den genannten Orten wurde auch
1256 5049 2285 5100 derjenige Normalsamen angebaut, der in derselben
1255 5092 2285 5143 Gegend (Böhmen) erwachsen war, woher die am Brenner
1256 5138 2285 5186 ausgesetzten Mutterrüben stammten. Die Untersuchung der
1253 5181 2284 5231 hiebei erhaltenen Nachkommen sollte dartun, ob das.
2344 2773 3377 2819 alpine Höhenklima derart eingewirkt hat, daß die Ver⸗
2344 2818 3377 2863 erbbarkeit anerzogener wertvoller Eigenschaften darunter
2344 2862 3374 2907 litt oder, anders ausgedrückt, ob die durch Zucht er⸗
2342 2906 3375 2951 worbenen wertvollen Eigenschaften in dieser Richtung
2343 2950 3375 2996 auch klimafest waren. Was nun zunächst die Ernteresultate
2341 2993 3374 3039 anbetrifft, so war die Form der an beiden Versuchsorten
2343 3037 3373 3082 erhaltenen Rüben keine andere als diejenige bei den
2342 3080 3373 3126 normalen Rüben, wie ferner auch in Bezug auf Farbe
2343 3124 3373 3170 und Form der Blätter keinerlei Unterschiede zu beob⸗
2343 3167 3374 3213 achten waren. Des weiteren war im Zuckergehalt kein
2341 3213 3372 3258 bemerkenswerter Unterschied zwischen den aus den
2341 3254 3373 3300 Brennersamen und den aus Normalsamen von Böhmen
2342 3300 3372 3345 erzogenen Rüben zu bemerken, woraus folgt, daß der
2342 3344 3371 3389 Zuckergehalt sohin bei der auf Individualauslese be⸗
2340 3387 3370 3433 ruhenden Familienzucht tatsächlich ein „ererbt Erbliches“
2341 3431 3372 3477 geworden ist, unabhängig von Standortsverhältnissen,
2343 3476 3367 3523 Düngung u. s. w. und auch durch einmalige weitgehende
2343 3521 3369 3567 klimatische Einflüsse auf eine Zwischengeneration nicht ge⸗
2342 3564 3369 3612 ändert wird. Da sich auch keine wesentlichen Unterschiede
2340 3607 3369 3655 im Aschen=, Stickstoff=, Kali= und Phosphorsäuregehalt
2340 3652 3367 3698 zwischen Normal= und Brennerrüben ergaben, so ist der
2342 3694 3369 3743 Schluß gerechtfertigt, daß auch die außer Zucker den Wert
2341 3740 3369 3787 der Zuckerrüben bedingenden anderen Faktoren nicht nur
2341 3782 3366 3832 durch die moderne Hochzucht anerzogen, sondern auch
2340 3828 3368 3883 klimafest geworden sind. Aus den Beobachtungen läßt sich
2341 3873 3366 3920 ferner der Schluß ziehen, daß Mutterrüben von hohem
2340 3916 3367 3965 Zuckergehalt, aber von geringer Wachstumsenergie auch
2339 3961 3368 4009 Knäule von geringerer Größe und geringerer Keimkraft
2338 4005 3366 4052 ergeben, daß aber dieselben trotzdem befähigt sind, unter
2339 4047 3367 4095 ihren Nachkommen Rüben bester Qualität zu liefern. Da
2340 4093 3367 4140 aber die Samen von zuckerreichen Mutterrüben eine
2339 4136 3366 4184 schwächere Wachstumsenergie und eine geringere Keim⸗
2339 4181 3365 4228 kraft besitzen, so sollten, trotzdem ihre Nachkommen beste
2344 4224 3366 4271 Qualitäten und Erträge aufweisen können, zur Zucht nur
2338 4266 3366 4316 zuckerreiche Samenrüben größter Wachstumsenergie ver⸗
2337 4312 3378 4358 wendet werden, da nur diese Rüben einen Samen liefern,
2337 4356 3377 4405 der unter gewöhnlichen Anbauverhältnissen einen ge⸗
2337 4400 3376 4450 schlossenen Stand der Nachkommen gewährleistet. Obwohl,
2336 4439 3375 4488 wie bereits bemerkt, der von den Brennerrüben erhaltene
2337 4489 3362 4535 Samen kleinknäulig war, so kann er doch, wie die Ver⸗
2336 4532 3364 4579 suche gezeigt haben, ebenso wie Rübensamen von Normal⸗
2335 4571 3363 4622 rüben Rüben liefern, die in Bezug auf Zuckergehalt,
2337 4621 3364 4666 Gewicht und alle anderen Eigenschaften einer guten Zucker⸗
2335 4658 3362 4716 rübe entsprechen. Nachdem aber solch kleinknäuliger Samen
2336 4700 3365 4754 eine geringere relative Keimkraft besitzt, so kann
2335 4749 3361 4799 letztere in dem Falle, als nicht die entsprechende Mehr⸗
2335 4793 3362 4842 menge zum Anbau kommt, einen lückenhaften Bestand
2334 4835 3360 4886 der aufgegangenen Pflanzen bedingen. Da, privaten Mit⸗
2334 4880 3359 4934 teilungen zufolge, Strohmer seine Versuche fortzusetzen
2329 4927 3375 4974 gedenkt, dürften noch sehr interessante Ergebnisse zu er⸗
2324 4965 2541 5017 warten sein.
2409 5047 3359 5094 Weiterhin hat sich Strohmer, in Verbindung mit
2331 5091 3363 5138 Briem und Fallada, mit dem Einfluß der Belichtung
2332 5135 3356 5183 auf die Zusammensetzung der Zuckerrübe beschäftigt, bei
2330 5181 3356 5227 dem es sich darum handelte, einmal etwas über die Ab⸗
