3488 5358
3202 217 3360 252 Seite 19
252 171 456 216 Nr. 16###80
845 177 1126 225 Wien, Samstag
1544 188 2185 240 Neue Freie Presse.
2535 209 2765 247 1. Juli 1911
751 257 2862 485 Hotelwesen und Fremdenverkehr.
273 332 565 431 Telephon 1088
318 378 520 428 u. 22409.
3047 378 3333 431 Telephon 1088
3099 431 3278 474 u. 22409.
1420 478 2191 547 (Erscheint jeden Samstag.)
207 569 1242 718 Ferd. hess „Hotel Oesterr. Hof“, Wien
462 699 992 738 L, Rotenturmstrasse 18.
252 732 1194 782 Vornehmes Familienhotel und Pension, Modernster Komfort.
346 769 1088 822 Unter persönlicher Leitung desselben Besitzers
1201 770 1242 821 10
203 812 1241 866 „Hotel König von Ungarn“, I., Schulerstrasse 10.
200 876 1238 1012 Residenz-Hotel, Wien
441 1001 1000 1050 I., Teinfaltstrasse 6.
174 1045 1234 1104 In der Nähe des k. k. Hotburgtheaters und der Universität.
352 1082 1086 1127 Moderner Komfort. Altrenommiertes Restaurant.
1205 1081 1239 1133 2
632 1132 1200 1176 Ludwig Domansky, Besitzer.
197 1204 1237 1342 „Hotel de France“, Wien
2376 1310 2709 1361 München
377 1329 1057 1383 I., Schottenring Nr. 3
191 1375 1230 1427 Altrenommiertes Haus ersten Ranges, mit modernstem Komfort
424 1415 1011 1466 ausgestattet. Vorzügliches Restaurant.
1207 1412 1237 1464 3
725 1462 1194 1505 Josef Payrhuber, Hotelier.
531 1530 882 1572 Ferd. Hegers
190 1576 1225 1710 „Hotel Kaiserin Elisabeth“ Wien
2345 1721 2665 1777 Hallstatt
229 1708 1181 1762 I., Kärntnerstrasse u. Weihburggasse Nr. 3.
184 1758 507 1805 Vornehmes Familienhotel.
536 1755 928 1805 Altrenommiertes Restaurant.
950 1759 1220 1805 Modernster Komfort
188 1830 1221 1950 Hotel Müller, Wien
527 1948 904 2003 I., Graben 19.
1200 1940 1232 1990 5
207 2002 1221 2051 ltrenommiertes Familienhotel, Feines Restaurant. Modernster Komfort.
737 2054 1185 2096 Karl Bergmann, Besitzer.
383 2113 1215 2260 „Hotel Habsburg“, Wien
474 2245 1129 2296 I., Rotenturmstrasse 24
383 2290 1214 2332 (Neu renoviert). Familienhaus i. Ranges. Modernster Komfort.
543 2315 1061 2357 Zentrale Lage. Nächst dem Stephansplatz.
1151 2306 1189 2357 23
2364 2313 2764 2370 KONIG EDUARD-AVENUE
2976 2324 3346 2380 KONIG EDUARD-AVENUE
2639 2375 3107 2428 MARIENBAD
2354 2448 3347 2508 ESPLANADE-HÔTEL
783 2359 1211 2394 Julius Herzog, neuer Besitzer
173 2412 1213 2556 „Hotel de l’Europe“, Wien
427 2538 963 2581 M. Winternitz' Neffe
1187 2532 1209 2582 8
171 2578 1208 2636 II., Asperngasse 2 u. Praterstr. 18.
171 2627 1205 2680 Fein bürgerliches Haus. Altrenommiert. Speisesäle für Hochzeits⸗
367 2660 1020 2709 diners und Bankette. Modernster Komfort.
1132 2657 1195 2709 27
223 2734 487 2762 Neu eröffnet I
894 2743 1154 2772 Neu eröffnet I
170 2768 1205 2903 „HOTEL NEW YORK“
410 2892 964 2938 (vormals Hotel Romania)
164 2942 1199 3010 Wien, II., Kleine Sperlgasse 5
163 3009 1203 3059 in unmittelbarer Nähe des Nord- und Nordwestbahnhofes,
164 3044 1202 3098 5 Min. vom Stadtzentrum, Pracht-Neubau, 100 Zimmer.
167 3089 1203 3141 Elegantes Familienhotel mit allem der Neuzeit entsprechenden
161 3132 1202 3186 Komfort, wie: Lift, Zentralheizung, elektr. Licht,
164 3175 1194 3228 Kalt- und Warmwasser in jedem Zimmer etc
160 3219 1196 3271 Bäder im Hause. Elegante Hall, Musik-, Schreib- und
161 3262 1199 3317 Lesezimmer. Exquisite Küche. Mässige Preise.
524 3314 1128 3362 Besitzer: Karl Geiringer.
2315 3515 2838 3566 Montreux
178 3388 1180 3525 „Hotel Südbahn“, Wien
419 3515 930 3567 IV., Favoritenstrasse 66.
157 3561 1195 3614 Feinbürgerliches Familienhaus. Modernster Komfort, An der Süd-
493 3601 868 3649 und Staatsbahn gelegen.
1163 3589 1196 3641 6
643 3649 1156 3692 Hans Kirchmayr, Hotelier.
141 3700 1190 3880 „Hotel Viktoria“, Wien
354 3865 981 3907 IV., Favoritenstrasse 11.
1122 3865 1173 3915 86
151 3914 476 3956 Vornehmes Familienhotel.
487 3914 881 3956 Altrenommiertes Restaurant,
905 3914 1187 3955 vis-à-vis dem Johann
176 3959 392 4002 Strauss-Theater.
581 3956 1159 4002 Josef Haagen, Kammerlieferant, Besitzer.
2681 3984 3326 4045 Direktor, früher Hotel Stephanie-
2771 4014 3230 4071 Kuranstalten, Äbbazia.
149 4018 1183 4149 Hotel u. Pension Hammerand
502 4154 824 4197 Wien VIII/1.
148 4197 1179 4248 Altrenommiertes Familien- und Pensionshotel, bestehend seit 1797
329 4240 1010 4290 Illustrierte Preiscourante gratis und franko.
1128 4240 1179 4293 9
165 4320 1160 4455 „Hotel Bellevue“, Wien
178 4448 1134 4510 IX., Am Franz Josef-Bahnhofe, Abfahrtseite.
142 4509 1171 4567 Elektr. Beleuchtung, Lift, Bäder, Post- u. Telegraphenamt im Hause
140 4557 188 4614 7
659 4560 1141 4622 Leopold Garai, Besitzer.
517 4649 797 4695 Hopfners
131 4759 1176 4829 „Park-Hotel Schönbrunn“ Wien-Hietzing
138 4824 1169 4868 Modernster Komfort. Five o’clock-Tea and Dinner Concort. Via-á-vis dem
223 4852 1089 4891 kaiserlichen Lustschlosse und Besitzer des Grand-Restaurants
412 4881 1142 4930 Paul Hopfner & Sohn, vis-à-vis der k. k. Hofoper.
163 4885 203 4930 24
137 4956 1167 5071 „Hotel Drei Kronen“, Wien
171 5049 752 5120 IV., Schleifmühlgasse 25,
768 5049 1130 5120 vis-à-vis dem Theater
846 5065 1067 5122 an der Wien.
135 5103 1165 5183 Fein bürgerliches Familienhotel, ganz neu, mit modernstem Komfort eingerichtet,
371 5118 933 5179 Lift and Bäder. Transenal-Quartiere.
790 5181 1164 5215 Alois Reinwein, Besitzer.
127 5150 394 5206 Telephon 11063.
1692 608 1919 674 Sarajewo.
1366 678 2317 736 Nach einer Fahrt in der Dauer von 26 Stunden (ſofern
1292 718 2314 781 man von Wien aus die Fahrt mit der Südbahn über Graz,
1289 754 2313 816 Steinbrück, Agram, Doberlin und Banjaluka gemacht hat und
1288 794 2311 855 nicht die kürzere, nur 20 Stunden dauernde Tour Budapeſt⸗
1287 833 2310 894 Szabadka-Bosniſch-Brod genommen) langt man im Herzen
1287 874 2308 933 unſeres neuen Reichslandes Bosnien an. Der Reiſende hat
1286 910 2307 972 bereits eine Fülle von Eindrücken in ſich aufgenommen und
1286 949 2308 1010 bedarf der Sammlung, denn das Fremdländiſche, Pittoreske und
1285 990 2306 1050 unvergleichlich Schöne der Szenerien, die wilden und mar⸗
1284 1028 2307 1089 kanten Formationen der Täler und Hänge packen die Sinne
1283 1069 1478 1104 und Nerven.
1360 1110 2305 1174 Wer Sarajewo noch nicht beſuchte, vermag ſich kaum eine
1280 1149 2307 1213 rechte Vorſtellung von dieſem Gemeinweſen zu machen. Sarajewo
1280 1189 2306 1253 iſt rieſig herangewachſen, hat ſich verſchönert, geſchmückt, manche
1281 1233 2305 1292 neuzeitige Rote erhalten, ohne ſeine Type zu verändern. Es
1279 1267 2305 1329 Wird von mehr als 45.000 Einwohnern bevölkert, unter denen
1281 1305 2305 1370 faſt 19.000 Mohammedaner ſind. Die Lage Sarajewos iſt geradezu
1278 1345 2304 1410 ideal, nur wenige Städte können ſich mit ihr in dieſer Hinſicht
1277 1386 2301 1452 meſſen. Hineingebaut in die an ſich ſchmale Milackaſchlucht,
1277 1426 2304 1488 überragt von Felſengebirgen, zieht ſich der alte, ob ſeiner
1275 1463 2303 1527 Originalität bewundernswerte Stadtteil hoch hinauf an die
1276 1501 2302 1567 Hänge bis zum alten türkiſchen Feſtungswerke, welches die Vor⸗
1274 1541 2303 1605 kuppen der Berge krönt. Ganz anders die neue Stadt, die wie
1275 1583 2300 1646 mit Zauberhand in einigen Jahrzehnten erſtanden iſt und be⸗
1273 1622 2299 1684 weiſt, was neuzeitige Kultur ſelbſt in rückſtändigſten Gebieten zu
1271 1662 2301 1724 ſchaffen vermag. Dieſe neue Stadt erſtreckt ſich zum Teile ſchon
1272 1702 2299 1762 in die Ebene des Sarajevsko Polje hinaus. Was gibt es da für
1271 1740 2299 1805 den Fremden zu ſchauen, was zu bewundern! Gegen hundert
1271 1780 2297 1842 Moſcheen birgt Sarajewo, durchwegs, alte hiſtoriſche Punkte,
1270 1821 2298 1883 welche der Stadt ihr feſſelndes Gepräge verleihen. Die inter⸗
1271 1859 2284 1919 eſsanteſte und größte dieſer Moſcheen iſt die Ghazi Husrev Beg⸗
1269 1899 2299 1964 Moſchee, welche nachgewieſen in den Jahren von 1526 bis 1530
1268 1935 2298 2000 vom bosniſchen Vezier Paſcha Ghazi Husrevbeg erbaut wurde
1268 1978 2294 2038 und ob ihrer typiſchen Schönheit bei den Mohammedanern einen
1266 2015 2297 2076 Weltruf genießt. Das will bei den Abertauſenden von
1266 2053 2291 2116 Moſcheen, die den Moslims zu eigen ſind, etwas bedeuten!
1341 2094 2296 2158 Der Fremde iſt von dem Geſamtbilde entzückt und er
1263 2133 2297 2196 glaubt ſchon am erſten Tage annehmen zu dürfen, daß er ſein.
1264 2175 2295 2235 Reiſeprogramm, das ihm für drei Tage den Aufenthalt in der
1264 2214 2292 2275 bosniſchen Hauptſtadt vorſchreibt, nicht einhalten zu können.
1262 2251 2294 2314 Was ſind anderthalb Tage zur Beſichtigung der Stadt und ihrer
1261 2293 2293 2354 Sehenswürdigkeiten, was ein halber Tag für den geplanten Aus⸗
1260 2331 2289 2393 flug in die Landeskuranſtalt Ilidze und zu den vielgerühmten
1260 2372 2289 2430 maleriſchen Bosnaguellen, und .was endlich ein einziger Tag
1259 2411 2292 2472 für den Ausflug auf der wildromantiſch gelegenen Oſtbahn bis
1258 2450 2290 2511 Viſegrad oder Uvac und zurück! Solche ſeltſame Gebiete müſſen
1257 2491 2287 2549 voll und ganz genoſſen werden, denn oft beſucht der einzelne
1255 2529 2287 2590 Bosnien nicht, alſo ſoll auch die Gelegenheit voll ausgenützt
1257 2568 2285 2629 werden. Wenn man dem Reiſenden raten ſoll, ſo halte er ſich
1255 2609 2285 2668 zwei bis drei Tage in Sarajewo und ebenſolange in der Landes⸗
1256 2649 2287 2708 kulturanſtalt Ilidze auf, damit er in Ruhe alles beſichtigen
1255 2685 2286 2747 könne. Von Ilidze iſt ein ſo reger Lokalzugsverkehr nach der
1254 2727 2283 2786 Hauptſtadt, daß man ſogar in Ilidze überhaupt abſteigen und
1252 2766 2283 2826 dort ſtändig wohnen kann, ohne ſein Programm verſchieben zu
1252 2805 2280 2864 müſſen. Das iſt übrigens Anſichtsſache, denn die Hotels in
1253 2843 2282 2903 Sarajewo ſind gleichfalls auf der Höhe der Zeit und ſehr
1252 2883 2282 2944 empfehlenswert. Man promeniert alſo in der neuen Stadt auf
1252 2920 2281 2982 modern ausgebauten Straßen; man fühlt ſich da förmlich auf
1251 2962 2280 3021 internationalem, für den Fremdenverkehr eingerichteten
1250 2999 2278 3059 Boden. Kaum hat man aber dieſe Straßen verlaſſen und
1251 3042 2278 3100 lenkt in eine Seitengaſſe ein, weiß man, daß uns der
1249 3081 2278 3139 Orient an den Zweck der Reiſe erinnert und umfängt. Auf
1251 3120 2276 3178 Schritt und Tritt wechſeln echt orientaliſche Bilder und feſſeln
1250 3158 1743 3209 die geſpannteſte Aufmerkſamkeit.
1329 3200 2276 3258 Der Brennpunkt der Originalität bildet das türkiſche Markt⸗
1251 3238 2274 3294 viertel, die ſogenannte „Carſina“; es iſt ein türkiſches Handels⸗
1249 3274 2285 3336 viertel, beſteht aus etwa ſechzig Gäßchen, und dieſes hat ſich hin⸗
1250 3317 2271 3373 ſichtlich des dort herrſchenden Lebens und Treibens auch völlig
1247 3357 2272 3422 unverfälscht und feit Jahrhunderten unverändert erhalten. Die
1247 3391 2269 3453 Händler und Handwerker ſitzen da, wie im ganzen entfernteren
1244 3429 2271 3492 Orient, mit untergeſchlagenen Beinen in ihren Wertstätten, die
1243 3474 2269 3530 ihnen gleichzeitig als Läden dienen, und wer ſich die Mühe
1243 3514 2267 3576 nimmt, dieſe Waren eingehend zu beſchauen, der wird ſtaunen,
1242 3553 2268 3610 zwiſchen vielem minderwertigen Krimskrams wundervolle Erzeug⸗
1242 3592 2266 3649 niſſe orientaliſcher Kunſt, Metallarbeiter, Tauſchier- und Filigran⸗
1241 3632 2274 3688 arbeiten von hohem Werte vorzufinden. Farbenſatt und bunt mutet
1240 3671 2266 3727 dieſes Marktgetriebe, es erfordert Nerven, denn die Ausrufer
1238 3710 2264 3768 lärmen, die Menſchen drängen, dazwiſchen treibt man die Trag⸗
1237 3750 2265 3806 tiere mit ihren Karren und die Menſchen, ſpeziell die weiblichen
1238 3789 2263 3846 Marktleute und Beſucherinnen, türkiſche und chriſtliche, mit
1235 3829 2263 3885 ihren grellfarbigen Gewändern neben den martialiſchen Ge⸗
1235 3867 2262 3925 ſtalten der Landleute, daneben die mohammedaniſchen Agas mit
1236 3906 2261 3967 ihrer vornehmen Ruhe vereinigen ſich zu ganz unvergeßlichen
1233 3946 2260 4008 Bildern des Orients. Auch Sarajewos Umgebung bietet viel
1233 3982 2258 4042 Sehenswertes, unter dem die Landeskuranſtalt Ilidze den erſten
1231 4025 2259 4082 Rang einnimmt. Es wurde hier ein ganz modern eingerichtetes
1231 4063 2260 4120 Badeetabliſſement geſchaffen. Die Heilquelle — eine ſchon zu
1229 4098 2258 4159 Römerszeiten gekannte Schwefeltherme — genießt einen trefflichen
1232 4143 2266 4200 Ruf und die Thermal- und Moorbäder ſind von höchſter.
1228 4181 2255 4239 Wirkung. Dabei liegen nächſt Ilidze herrliche Nadelwaldungen,
1227 4221 2256 4279 wohin ſich zu Wagen und zu Pferde ſehr lohnende Ausflüge
1227 4261 2256 4316 unternehmen laſſen. Kaum 3½ Kilometer von der Kuranſtalt
1228 4300 2254 4355 entfernt entſpringt die Bosna in einer mächtigen Quelle, die in
1224 4337 2258 4396 reicher Waſſermenge dem Berge entſtrömt; dort wird auch eine.
1224 4378 2251 4435 Wirtſchaft betrieben und iſt eine große Forellenzucht zu ſehen.
1223 4417 2253 4474 Wer Bergtouren unternehmen will, dem iſt von Ilidze aus beſte
1224 4456 2252 4515 Gelegenheit geboten. Der Berg Bjelasnica mit dem meteorologi⸗
1222 4494 2253 4554 ſchen Obſervatorium iſt bequem zu erreichen, zu Fuß oder zu
1221 4535 2250 4589 Pferd in acht Stunden, auf herrlichem, durch Fichtenwäldern
1222 4573 2251 4629 führendem Pfade. Ebenſo lohnt ſich der Aufſtieg auf den
1219 4613 2249 4670 Treſtarica mitten in der großartigen Gebirgswelt und bei klaren
1219 4646 2248 4710 Tagen ſind ſelbſt die Montenegriner und Albanerberge zu
1216 4693 1334 4733 ſchauen.
1214 4774 2248 4826 Die Rundreiſekarten zu einem Ausfluge nach Dalmatien
1515 4811 1958 4856 für unſere fremden Gäſte
1216 4861 2246 4918 werden ſtets populärer. Wer im Süden Aufenthalt nimmt und
1215 4895 2245 4959 ſich von Abbazia, Trieſt, Pola oder Fiume aus zu einer kurzen
1214 4939 2247 4998 Tour nach dem pittoresken Küſtengebiete Dalmatiens entſchließt,
1216 4977 2246 5038 der kann die Tour leicht und bequem in einigen Tagen abſol⸗
1212 5017 2242 5075 vieren. Unſere Schiffahrtsunternehmungen, und zwar ſowohl der
1211 5054 2241 5115 Oeſterreichiſche Lloyd als auch die Ungaro-Croata, Raguſea,
1211 5090 2242 5154 Topic und Raimonde geben Rundreiſekarten erſter Klaffe aus, welche
1211 5132 2240 5199 zur Fahrt von den obgenannten Städten, beziehungsweiſe Häfen
1211 5173 2242 5235 bis Cattaro und zurück mit beliebigen Fahrtunterbrechungen
2356 706 2811 757 Abbazia
2857 644 3397 702 Villa Ayram
2864 696 3387 751 mit Dependance „Villa Delfina“
2951 727 3313 782 der Frau Anna Lanzer.
2440 784 3391 830 Direkt am Meere, Südstrand, gelegen. Gemütliches Familienheim. Bekannt
2358 809 3392 858 vorzügliche Verpflegung. Schöner Garten direkt am Meere, Massige Preise.
2359 837 2721 883 Man verlange Gratisprospekt.
3327 842 3392 883 63
2362 905 2666 981 Meran
2357 999 2656 1046 Süd-Tirol
2706 911 3388 1057 Palast-Hotel.
2354 1058 3387 1112 Saison September bis Juni. Im Sommer Auto-Ausflüge ins Ortler⸗
2354 1093 3384 1148 gebiet und Dolomiten. Das Hotel liegt in grossem, alten Park.
2355 1128 3387 1182 150 Zimmer und Wohnungen mit Bad. Grosse Garage (Boxes).
2389 1162 2817 1211 40 HP. Auto zu vermieten.
2861 1163 3348 1212 FRANZ LEIBL, Besitzer.
2757 1232 3333 1335 Hotel Englischer Hof.
2736 1333 3360 1369 Altrenommiertes Haus ersten Ranges In feinster,
2737 1360 3362 1399 ruhigster und zentraler Lage Im Mittelpunkte aller.
2738 1386 3360 1424 Sehenswürdigkeiten, gegenüber der Hauptpost, den
2376 1408 3360 1451 königl. Theatern und der Kesidenz. Jeder moderne grossstädtische Komfort. An⸗
2375 1432 3361 1477 erkannt vorzüglichste Wiener Küche. Appartements mit Bad. Volle Pension mit
2374 1460 3359 1503 Zimmer von Mk. 8.— an auch bei ganz kurzem Aufenthalte. Zimmer von Mk. 3.—
2373 1486 2498 1527 aufwärts.
2808 1486 2893 1531 98
2998 1484 3332 1527 Kart Posch, Besitzer.
2676 1542 3383 1589 oberösterr. Salzkammergut. Die Genossenschaft
2675 1576 3383 1624 der Gastwirte dieser Orte empfiehlt hiemit die
2676 1612 3382 1660 dortigen Hotels und Gasthöfe bei längerem
2677 1647 3381 1687 oder kürzeren Aufenthalt. Diese im schönsten
2675 1682 3381 1727 Teile des Salzkammergutes, und zwar im
2677 1701 3384 1763 Traun- und Gosautal und am herrlich gelegenen
2672 1738 3381 1797 Hallstättersee befindlichen Orte eignen sich vor⸗
2342 1766 3383 1831 züglich zum Sommer- u. Kuraufenthalt infolge der Goiserer Schwefel-
2347 1799 3381 1859 Radium- und Soolbader, und sind die Preise bei sehr guter Verpfle⸗
2342 1850 3379 1932 gung mässig zu nennen. Alle wünschenswerten Auskünfte erteilt
2341 1882 3379 1939 die Genossenschaftsvorstchung in Goisern, Herr Gasthotbesitzer
2344 1918 3375 1976 Tiefenbacher in Gosau und Herr Gasthofbesitzer Klackl in Hallsatt.
2351 1542 2610 1610 Goisern
2352 1626 2653 1695 Gosau
2580 1997 3148 2039 Marienbad
2347 2046 3376 2188 „Palace-Hotel Fürstenhof“
2663 2172 3017 2212 Haus ersten Ranges.
2435 2202 3274 2252 Modernster Komfort. — Zimmer mit Bad und Toilette.
2844 2254 3338 2296 Emil Baruch, Hof-Hotelier.
2335 2516 3369 2568 Modernstes, mit allem Komfort der Neuzeit ausgestattetes Hotel
2332 2556 2627 2612 allerersten Ranges.
2798 2565 2867 2618 96
2984 2561 3334 2612 Josef Zischka jun.
2407 2631 3321 2706 Karlsbad.
2331 2708 3364 2852 Stadler’s „Palais Germania”
2578 2839 3135 2893 Westend.
2327 2899 3362 2944 In ruhiger, staubfreier Lage, nahe den Quellen und dem Walde,
2325 2905 3367 2970 mit herrlichem Fernblick auf die Berge. Modernster Komfort,
2325 2932 3361 2994 Lese, Konversations- und Musikzimmer. Appartements mit
2401 2976 3286 3023 Bad, Kalt- und Warmwasseranlage in allen Zimmern.
3309 2979 3358 3023 107
2347 3158 2824 3212 Montreux
2431 3251 2723 3297 (Genfersee).
2842 3044 3332 3131 Grand Hotel Eden
2838 3141 3330 3177 Modernstes deutsches Familienhotel, in
2836 3183 3330 3221 allerbester, ruhigster Lage am See,
2835 3227 3328 3260 neben dem Garten. Mässige
3037 3271 3135 3300 Preise.
3265 3273 3329 3300 52
2860 3328 3351 3434 Hotel Continental
2855 3446 3350 3477 Familienhaus mit neuestem Komfort.
2855 3465 3349 3510 Zentralheizung. Ruhig gelegen.
2851 3497 3351 3528 Grosser Park am neuen Quakt Ganz⸗
2849 3518 3349 3559 jährig geöffnet, Zimmer von Frcs. 3.—,
2855 3547 3350 3583 Pension von Frcs. 8—18. Omnibus am
2855 3573 3351 3608 Bahnhof und an der Schiffslände.
2950 3602 3331 3636 J. A. NEUBRAND, Besitzer.
2853 3684 3320 3797 Hotel Louvois
2848 3802 3315 3869 Square Louvois (Oper)
2840 3871 3320 3911 NEU
2334 3920 3312 3973 Eines der elegantesten und der modernsten Hotels von Paris.
2473 3959 3301 4002 40 Meter Fassade mit Gartenaussicht.
2332 4002 2671 4076 Th. Färber,
2335 4117 3312 4264 Ostende.
2413 4291 3217 4366 Hotel Continental
2324 4368 3288 4417 Grösstes Hans allerersten Ranges, in unmittelbarer Nähe des neunen Kursaalen
2325 4394 3306 4436 und der königlichen Sommerresidenz. Zimmer von 6 Francs aufwärts, Pension
2557 4424 3071 4454 inklusive Zimmer von 20 Francs aufwärts.
2323 4454 3305 4500 Grand Hotel Kursaal and Beau Site
2322 4498 3304 4540 Bestgelegenes deutsches Haus am Strande. Herrlicher Blick auf die Bäder und
2698 4525 2938 4563 die Hafeneinfahrt.
2391 4570 3216 4640 Splendid Hotel
2320 4645 3301 4691 Haus allerersten Ranges. Prachtvollste Lage am Meere. Mit höchstem Komfort
2320 4671 3299 4714 eingerichtet. 500 Zimmer. Zimmer von 6 Francs aufwärts. Zimmer mit voller
2524 4701 3093 4737 Pension (Gartenseite) von 15 Francs aufwärts.
2405 4743 3205 4827 Hotel de la Plage
2317 4820 3298 4864 Das eleganteste Hotel von Ostende mit luxuriösem Restaurant. Umgebaut und
2316 4847 3296 4887 neu ausgestattet. Jeder moderne Komfort. Nächst dem Kursaele auf dem
2316 4870 3297 4912 frequentesten Teile des Strandes. Zimmer mit einem Bett von 6 Francs auf⸗
2316 4899 3296 4939 wärts. Zimmer mit zwei Betten von 10 Francs aufwärts. Salon von 20 Francs
2405 4925 3201 4966 aufwärts. Pensionsarrangements von 20 Francs per Tag aufwärts.
2316 4967 3049 5065 BAD DARKAU
3069 4973 3287 5029 (Oesterr.-
3055 5007 3293 5061 Schlesien).
2313 5053 3293 5100 Stärkstes Jodbromsolbad ersten Ranges. Einziges Bad, wo
2313 5080 3291 5121 in reiner Jodsole gebadet werden kann. Indikationen: Skrofu⸗
2313 5106 3297 5145 lose, Syphilis, Exsudate, Arterlenverkalkung, Knochen- u. Gelenkserkrankungen
2311 5108 3291 5177 Frauenleiden, Rheumatismus etc. Modernste Kurbehelfe. Alter Park, Elegante
2313 5158 3278 5200 Unterkunft. Pension für Kinder (ohne Begleitung). Post-, Telegraphen- u. Bahn⸗
2311 5185 3288 5228 Station. Saison 15. Mai bis 1. Oktober. Chefarzt Dr. v. Klimek. Auskünfte
2311 5207 3286 5258 und Prospekte durch die Exz. Graf Larisch-Mönnichsche Kurverwaltung Darken.
