3346 5257
142 183 296 218 Seite 12
883 171 1152 217 Wien, Samstag
1454 167 2031 208 Nene Freie Presse.
2273 159 2503 196 5. Juli 1873
3080 163 3246 197 Nr. 3184
333 250 868 310 Waarenberichte.
407 320 789 358 Hen⸗ und Strohmarkt.
168 355 1121 401 Wien, 4. Juli. [Orig. ⸗ Ber.] Die Zufuhren auf den heu⸗
81 391 1121 437 tigen Markt beliefen ſich auf 255 Wagen Heu und 59 Wagen
81 425 1121 469 Stroh. Die Kaufluſt war ſehr rege, ohne daß in den Preiſen eine
83 459 1121 505 Beſſerung eingetreten wäre. Man bezahlte ungariſche Heuſorten mit
79 493 1123 541 fl. 1.70—2.30, ſlovakiſche mit fl. 1.60—2.50 und deutſche mit fl. 2
83 527 1121 573 bis fl. 2.60 per Wiener Centner. Stroh koſtete fl. 12—17 per Scho⸗
83 568 631 607 ber und fl. 1.85—2.40 per Centner.
2902 365 3159 418 Carl-Theater.
404 615 800 655 Pretz⸗ und Filtertücher.
171 654 1123 699 Wien, 4. Juli. [Orig. ⸗ Ber.] Man beginnt ſchon ſich mit
86 690 1123 734 Vorräthen zu verſehen oder für die Herbſtmonate feſte Lieferungs⸗
72 721 1124 769 Abſchlüſſe zu machen. Der gedrückte Stand des Schafwollgeſchäftes
86 756 1122 803 erſchwert weſentlich die Abſchlüſſe, zumal der Conſum größere Con⸗
91 792 1124 836 ceſſionen wünſcht, als ihm ſeitens der Fabrikanten gewährt werden
88 823 1123 872 können. Zwar iſt ſelbſt im Ausgebot und in der Höhe der Preis⸗
85 862 1124 906 Offerten gegen das Vorjahr eine unbedeutende Herabminderung zu
87 896 1124 940 bemerken, welche jedoch nicht zu genügen ſcheint und jedenfalls noch
87 929 1124 973 nicht als endgiltig angeſehen werden kann. Heutige Notiz für echte
88 964 1125 1008 Kammgarn⸗Preßtücher, ſiebenfach, beſter Qualität, lieferbar Auguſt⸗
88 998 1125 1042 December, iſt fl. 1.60 per Wiener Pfund, gegen vier⸗ bis fechs⸗
89 1029 1126 1075 monatliches Accept. Zu dieſem Preiſe wurden ab einer mähriſchen
2235 669 2757 719 Luſtſpiel in zwei Aeten von Bauernfeld.
2233 704 2459 754 Raſchler, Advocat
2235 728 2387 781 Seine Frau
2233 754 2491 805 Lucie, seine Mündel
2234 781 2472 831 Hauptmann Wiese
2231 805 2447 857 Lieutenant Born
2551 701 2734 752 Hr. Arnsburg.
2545 727 2689 780 Hr. Negro.
2545 750 2742 803 Fr. Wiltrandt.
2545 780 2765 831 Hr. Sonnenthal.
2546 808 2742 859 Hr. Hertmann.
88 1063 1126 1147 Fabrik 3000 Stück, lieferbar bis September d. I., geschlossen.
118 1102 1126 1144 Filtertücher, 26½ Quadratzoll, notiren 50 kr. nominell, ſolche mit
89 1136 1126 1179 28 Quadratzoll 60 kr. Demnächſt ſtehen in beiden Sorten größere
89 1173 751 1215 und zahlreichere Lieferungsabſchlüſſe bevor.
551 1225 665 1259 Zucker.
176 1262 1127 1307 Prag, 3. Juli. [Orig. ⸗ Ber.] Unſer Rohzuckermarkt ver⸗
90 1298 1127 1342 kehrte ſeit unſerem letzten Berichte in fortgeſetzt luſtloſer Stim⸗
90 1332 1126 1375 mung, da Englands Notirungen neuerdings einen Rückgang auf⸗
91 1363 1127 1409 weiſen. In effectiver Waare wurden mit dem Auslande gar keine
90 1401 1127 1445 Abſchlüſſe perfect. Die namhaften Export⸗Transporte der ver⸗
92 1431 1128 1480 gangenen Woche haben der Erfüllung früher eingegangener Ver⸗
93 1469 1128 1513 pflichtungen gegolten. Die Notirung für prompten Rohzucker iſt
93 1499 1128 1546 nominell fl. 16.75 bis fl. 17.75. Herbſt-Rohzucker hat eine bedeutendere
93 1538 1129 1581 Werth⸗Erniedrigung erfahren. Trotz der Nachgiebigkeit der Eigner
94 1572 1129 1616 ſind nur wenige Schlüſſe vorgekommen. Die Speculation blieb
93 1607 1129 1649 total unthätig und entwickelte nicht die mindeſte Kaufluſt. Das
92 1641 1129 1683 Weichen der Preiſe im Auslande, das Sinken der Valutacurſe im
92 1675 1128 1717 Vereine mit den günſtigen Berichten über den Stand der Rüben⸗
2777 1277 3293 1329 Schwank mit Gesang in einem Acte von
2969 1304 3110 1354 A. Bittner.
2778 1667 3081 1697 Piſſard
2777 1695 3081 1724 Bibiana, deſſen Frau
2779 1726 3081 1750 Spermaget, Wundarzt
2777 1725 2838 1775 Max
2778 1751 2839 1801 Jean
2777 1776 2864 1827 Robert
2779 1802 2874 1853 Nikolas
2777 1828 2882 1880 William
2777 1855 2847 1906 Peter
2780 1880 2839 1930 Tom
2920 1773 3077 1825 Matroſen der
2914 1800 3076 1853 Kriegsfregatt.
2917 1827 3068 1882 „Giadia###or“
2776 1928 3081 1956 Profond, Schulmeiſter
2775 1956 3081 1984 Emma, deſſen Tochter
2776 1976 3081 2007 Frau Onik
2775 2005 3081 2028 Frau Stark
2773 2029 3081 2055 Frau Block
3081 1667 3230 1696 Hr. Eppich.
3081 1694 3236 1722 Fr. Schäfer.
3081 1726 3291 1748 Hr. Hildebrandt
3087 1724 3210 1774 Frl. Link.
3085 1748 3226 1801 Fr. Blaſel.
3088 1774 3244 1825 Frl. Kannet.
3086 1800 3238 1851 Frl. Partik.
3088 1826 3224 1876 Frl. Sivée.
3088 1851 3279 1901 Frl. Gögginger.
3089 1879 3271 1929 Frl. Schäufler.
3081 1927 3292 1954 Hr. Braunmüller
3081 1954 3293 1981 Frl. Ida Jäger.
3081 1975 3246 2003 Fr. Fiſcher.
3081 2005 3263 2028 Fr. Mettenleitner.
3081 2029 3248 2056 Frl. Schmidt.
92 1710 1128 1784 felder, ferner das allgemeine Mißtrauen gegen unſere nationalen
122 1743 1128 1788 Actien⸗Zuckerfabriken geben dem Geſchäfte ein recht animoloſes Ge⸗
84 1777 1129 1822 präge. Der Preis fl. 17.50 bis fl. 17.70 bleibt für Herbſtwaare als
94 1819 389 1855 nominell anzuſehen.
549 1851 670 1887 Hopfen.
179 1888 1126 1933 Prag, 3. Juli. [Orig. ⸗ Ber.] Die letztgefallenen warmen
96 1921 1129 1967 Regen und hierauf der Eintritt einer ſonnig heißen Witterung
97 1958 1129 2003 haben auf die Hopfen⸗Plantagen einen recht günſtigen Einfluß
98 1993 1130 2035 geübt, und hören wir ſowol aus der Saazer wie von der Auſchaer
98 2027 1131 2076 Umgegend den Stand der Hopfengärten nur loben. Vom Unge⸗
98 2060 1132 2106 ziefer iſt die Pflanze gänzlich frei. Im Geſchäfte hat ſich wieder
98 2096 1131 2137 etwas Bedarfsfrage geltend gemacht, und da es hier an Waare
97 2125 1133 2172 mangelt, wurden auf dem Nürnberger Markte 40 bis 50 Ballen
97 2161 1131 2207 leichte Hopfen zu fl. 80 bis fl. 95 für hieſige Rechnung aus dem
95 2197 1133 2241 Verkehre genommen. Hier ſind kleine Pöſtchen Auſchaer Nothopfen
96 2230 1134 2279 zu fl. 130 umgeſetzt worden. Ein Poſten von 20 bis 25 Centner
80 2266 1133 2311 war zum letzteren Preiſe erlaſſen, erreichte jedoch nur das Gebot
98 2310 277 2344 von fl. 125.
479 2338 747 2375 Pilſener Markt.
185 2377 1133 2421 Pilſen, 2. Juli. [Orig. ⸗ Ber.] Der abgelaufene Jahrmarkt,
101 2409 1132 2460 gewöhnlich einer der ſchwächſten, fiel diesmal in Folge der allge⸗
101 2443 1133 2493 meinen Geldkriſis beſonders unbefriedigend aus. Der ſogenannte
101 2482 1135 2523 Vormarkt blieb faſt gänzlich weg, und concentrirte ſich das ganze
99 2511 1134 2558 Geſchäft auf Montag und Dienſtag: aber auch an dieſen Tagen
79 2543 1135 2593 blieb ein großer Theil der ſonſt den Markt beſuchenden Landbevöl⸗
100 2580 1136 2627 kerung wegen der Heumahd aus. Das Incaſſo war den Verhält⸗
99 2615 1136 2660 niſſen angemeſſen. Schafwolle, an 500 bis 600 Centner zugeführt,
83 2649 1136 2695 wurde je nach Qualität mit fl. 108—115 verkauft. Bettfedern hat⸗
98 2684 1136 2728 ten bei ſchwacher Zufuhr ſehr raſchen Abſatz zu nachſtehenden
84 2720 1136 2766 Preiſen: Rupffedern, feine, mangelten ganz, mittlere Sorten wenig
102 2751 1135 2798 vorhanden und geringe zu fl. 100; Schleißfedern, feine fl. 280,
85 2789 1134 2835 mittelfeine fl. 150—200, geringe fl. 80—150; Flaumen, feine bis
101 2824 1135 2868 fl. 350, mittelfeine fl. 280—300. Rohleder wurde bei unbedeuten⸗
102 2858 1136 2902 oer Zufuhr (mit Ausnahme von Kalbfellen) und mittelmäßigem
86 2893 1137 2938 Abſatze zu gedrückten Preiſen verkauft, und zwar Ochſenhäute zu
104 2923 1135 2973 fl. 60—62, Kuhhäute zu fl. 65—70, Kalbfelle zu fl. 130 per Cent⸗
104 2962 1138 3005 ner: Schaffelle, wenig vorhanden, zu fl. 2 per Paar. Zwetſchken,
103 2996 1138 3040 wenig zugeführt, wurden zu fl. 13—15 raſch abgeſetzt. — Leder,
103 3025 1138 3075 gearbeitetes. Zufuhr mittelmäßig, Abſatz ſchleppend. Kuhleder
101 3064 1137 3111 fl. 120—150, Terzen fl. 90—100, Terzenrücken ſchwerer Gattung
101 3093 1140 3142 fl. 140—168, Terzenrücken leichter Gattung fl. 130—148; Schweizer
104 3132 1140 3175 Sohlenleder fl. 130—145, Pfundleder fl. 105—110, Hälſe fl. 90 bis
103 3168 1139 3211 fl. 98, Avers fl. 80—95; Kalbleder, braunes fl. 245—270 per Centner,
104 3197 1141 3246 ſchwarzes fl. 30—50; Schafleder, braunes fl. 7—10, weißes fl. 6—9
108 3236 1141 3281 per Buſchen. In Tuchen, Reichenberger und Brünner Stoffen war
104 3270 1141 3314 das Geſchäft ſehr flau. Kattune hatten, der Saiſon gemäß, nicht
105 3304 1143 3348 den erwarteten Abſatz. In Leinenwaaren war nur in gröberen
108 3335 1143 3384 Sorten etwas Nachfrage, feine Sorten blieben ganz vernachläſſigt;
87 3369 1142 3418 Woll⸗ und Schafwollwaaren, als Cloths, Orleans, weiße Waare, über⸗
108 3408 1142 3453 haupt Mode⸗Artikel, wurden gefragt. Spiritus fand zu 56 kr. ziem⸗
108 3442 1142 3486 lich guten Abſatz. Hornvieh wurde viel zugetrieben, jedoch zu niedri⸗
106 3473 1141 3523 gen Preiſen verkauft. Pferde waren weniger vorhanden, und wurde
109 3516 489 3555 nur junges Vieh gekauft.
2257 2971 3312 3033 Künstlerhaus,
1663 2927 1839 2978 Temperatur u.
1708 2953 1794 3003 Celſius
1777 3009 1829 3059 Ab⸗
1756 3036 1844 3087 weichg.
1756 3061 1846 3113 v. nor⸗
1761 3089 1842 3141 malen
1240 3023 1409 3075 Stationen:
1671 3034 1741 3085 beob⸗
1666 3062 1747 3113 achtete
1480 3036 1553 3088 beob⸗
1471 3064 1561 3116 achteter
1233 3164 1406 3216 Nördliche:
1873 3191 1978 3243 SO 1
1873 3218 1978 3270 SO 2
1903 3239 1939 3289 —
1871 3271 1978 3321 W 1
1870 3298 1978 3348 W 2
1870 3324 1977 3375 W 2
1870 3349 1976 3400 S 1
1872 3375 1978 3425 W 3
1871 3402 1976 3453 W 1
1907 3473 1941 3523 —
1871 3504 1980 3557 WSW 2
1908 3525 1941 3576 —
1871 3554 1980 3607 O 2
1908 3575 1941 3626 —
1485 3197 1556 3249 713·2
1487 3223 1553 3273 725·7
1486 3248 1555 3299 725·5
1486 3274 1558 3325 745·9
1487 3301 1555 3351 746·3
1488 3327 1557 3377 744·3
1488 3352 1557 3403 743·4
1488 3378 1556 3428 735·4
1489 3405 1558 3456 733·6
1489 3481 1558 3532 755·9
1489 3508 1555 3559 763·1
1488 3533 1557 3584 754·6
1488 3558 1558 3609 759·2
1491 3585 1558 3636 759·3
1491 3610 1560 3661 761·2
1491 3636 1557 3687 750·1
1491 3661 1560 3713 759·8
1492 3688 1559 3739 760·0
1492 3713 1559 3764 760·7
1492 3741 1559 3792 754·8
1504 3763 1540 3814 —
1691 3194 1744 3245 14·0
1691 3220 1744 3271 17·4
1691 3247 1744 3297 15·8
1696 3271 1745 3322 15·8
1692 3298 1747 3349 17·8
1692 3324 1746 3375 16·8
1692 3350 1748 3401 18·6
1691 3375 1747 3426 18·0
1693 3402 1746 3452 17·0
1691 3479 1749 3530 21·3
1693 3505 1746 3555 24·6
1691 3532 1747 3582 21·4
1691 3557 1746 3607 23·6
1692 3583 1747 3633 23·8
1691 3608 1748 3659 23·5
1694 3634 1748 3685 20·4
1690 3659 1750 3712 23·0
1694 3686 1746 3737 22·6
1693 3712 1749 3763 22·3
1693 3739 1750 3790 21·0
1706 3763 1742 3813 —
1798 3193 1839 3243 0·0
1763 3219 1841 3269 ＋ 3˙6
1760 3245 1839 3296 ＋ 0˙6
1761 3271 1841 3321 － 0·2
1759 3297 1844 3348 ＋ 0˙2
1761 3323 1842 3374 ＋ 1˙7
1762 3349 1841 3401 － 0·6
1761 3375 1841 3425 ＋ 1˙6
1762 3403 1840 3453 ＋ 1˙1
562 3548 695 3585 Melaſſe.
196 3587 1145 3632 Brünn, 3. Juli. [Orig. ⸗ Ber.] In der Geſchäftslage iſt
107 3623 1145 3666 inſoferne eine kleine Wendung zum Beſſeren eingetreten, als die
108 3657 1146 3702 Eigner ihre geſchraubten Forderungen in Folge der Gewinnung von
107 3691 1145 3735 Nachproducten modificiren mußten. Vom hieſigen Platze wurde
108 3723 1145 3770 bereits zum Theile mit der Abwicklung der im März und April zu
109 3761 1146 3806 Preiſen von fl. 2.80 in retrograder Richtung bis auf fl. 2.45 hinab
109 3794 1146 3838 gemachten Lieferungs⸗Abſchlüſſe begonnen. Nach der Höhe des
92 3829 1146 3874 Standes der kryſtalliſirten Subſtanz in den Melaſſegruben zu
109 3864 1148 3941 ſchließen, werden nach vollſtändiger Abwicklung der feſten Schlüſſe
123 3897 1147 3942 heuer größere Quantitäten als in früheren Jahren disponibel wer⸗
113 3932 1147 3976 den. Es zeigt ſich, daß die Grabhältigkeit der heurigen Melaſſe und
97 3965 1147 4010 in Folge deſſen auch ihr Werth größer als ſonſt iſt. Die heutige
93 3998 1148 4046 Notiz beträgt, je nach Lage der Station, fl. 2.90 bis fl. 2.80, ohne
90 4035 1148 4080 daß es jedoch auf dieſer Baſis noch zu Transactionen gekommen
114 4072 831 4114 wäre. Die Tendenz des Artikels iſt freundlich.
2257 3853 2319 3905 9339
2951 4099 3153 4150 in Rudolphsheim.
2794 4145 3312 4196 Grösstes Vergnügungs-
2816 4178 3294 4235 Etablissement Wiens.
3008 4219 3106 4273 Täglich
2793 4269 3308 4327 Grand Café - chantant.
2940 4307 3310 4368 Concert. 780;
2789 4362 3319 4403 Auftreten ſämmtlicher engagirten Künſtler
500 4125 758 4162 Fell⸗Auctionen.
199 4162 1149 4209 London, 29. Juni. [Orig. ⸗ Ber. von E. Beckh und
114 4197 1150 4242 Comp.] In den Auctionen vom 23. bis 28. Juni waren 1.116,672
115 4232 1149 4276 Stück oſtindiſche Ziegen⸗ und Lammfelle ausgeboten, wovon
93 4263 1150 4311 865,108 Stück verkauft ſind. Die Stimmung für dieſen Artikel war
116 4303 1149 4345 diesmal angeſichts der unſichern Geſchäftslage beſonders in Oeſter⸗
115 4337 1149 4386 reich und wegen der großen Quantität Waare, die unterwegs iſt,
115 4370 1149 4413 wenig animirt. — Ziegenfelle. Mit Ausnahme der feineren
116 4405 1150 4449 Madras⸗Sorten (14 Pfund aufwärts), welche verhältnißmäßig rar
117 4440 1150 4484 waren und wovon einige Partien zurückgezogen wurden, müſſen
117 4474 1151 4518 wir ungefähr um 15 Percent im Durchſchnitte billiger notiren. —
117 4505 1151 4552 Auf Lammfelle beträgt der Abſchlag mit Ausnahme einiger
117 4543 1151 4586 Ballen feiner Waare Mittelgewicht 20—25 Percent. Die nächſten
118 4577 1151 4621 Auctionen nehmen ſtatt am 4. Auguſt jedenfalls am 5. Auguſt
118 4611 1152 4655 ihren Anfang. Der Vorrath iſt heute auf 600,000 Stück taxirt
121 4641 1151 4690 gegen 340,000 Stück der correſpondirenden Auction vorigen Jahres.
121 4680 1153 4724 Schwimmend von Madras und Outports 4702 Ballen gegen 1575
121 4718 518 4757 Ballen am 25. Juni a. p.
344 4791 939 4832 Telegraphiſche Handels ⸗ Depeſchen.
207 4840 1156 4885 Breslau, 4. Juli. (Productenmarkt.) Weizen loco
123 4875 1155 4918 88 Pfund 288 Silbergroſchen. Roggen loco 48 Pfund 195 Silber⸗
124 4910 1155 4955 groſchen. Hafer loco 50 Pfund 164 Silbergroſchen. Reps loco
125 4943 1157 4988 150 Pfund brutto — Silbergroſchen. Rüböl loco 20⅙ Thaler
127 4977 1157 5021 Brief, per Juli⸗Auguſt 20 1/12 Thaler Brief Spiritus loco 100 Tralles
123 5010 1158 5060 20 1/12 Thaler Geld, per Juli 20⅕ Thaler Brief, per Juli⸗Auguſt
124 5052 410 5090 20⅕ Thaler Brief.
211 5086 1155 5134 Berlin, 4. Juli. (Productenmarkt.) Weizen per Juli
126 5121 1155 5167 87— Thaler, per Juli⸗Auguſt 83¼ Thaler, per September⸗Octo⸗
1163 237 2195 284 ber 79— Thaler, Roggen loco 57½ Thaler, per Juli 56¼
1163 271 2197 317 Thaler, per September⸗October 53½ Thaler, Gerſte loco 52 bis
1164 306 2195 352 67 Thaler, Hafer per Juli 52½ Thaler, per September⸗October 46¼
1167 341 2198 386 Thaler- Rüböl loco 20— Thaler, per Juli 19 8/4 Thaler, per Sep⸗
1165 371 2198 419 tember⸗October 20 5/24 Thaler, per October⸗November 20 5/12 Thaler.
1166 410 2198 455 Spiritus loco 21 Thaler 3 Silbergroſchen, per Juli 20 Tha⸗
1166 444 2197 488 ler 22 Silbergroſchen, per September⸗October 19 Thaler 10 Silber⸗
1166 486 1430 521 groſchen. Schön.
1251 519 2200 564 Stettin, 4. Juli. (Productenmarkt.) Weizen per
1166 554 2198 599 Juli⸗Auguſt 83 ¾ Thaler, per Herbſt 77 ¾ Thaler. Roggen per Juli⸗
1166 588 2195 633 Auguſt 53— Thaler, per Herbſt 52 ¾ Thaler. Rüböl per Juli⸗
1166 624 2197 669 Auguſt 20— Thaler, per Herbſt 19⅚ Thaler. Spiritus loco 20⅔
1167 660 1754 701 Thaler, per Juli⸗Auguſt 19 3/24 Thaler.
1253 699 2200 744 Hamburg, 4. Juli. (Productenmarkt.) Weizen feſt, ruhig,
1166 732 2199 777 per Juli 232—, per September⸗October 127pfündiger 233— bis
1166 768 2199 812 —.— Reichsmünze. Roggen feſt, ruhig, per Juli 159—, per Septem⸗
1167 801 2200 845 ber⸗October —.— Reichsmünze, Alles per 1000 Kilos netto. Rüböl
1167 833 2201 881 loco flau, 69— Reichsmünze Brief, per October 67— Reichsmünze
1167 871 2200 917 per 200 Pfd. Spiritus leblos (per 100 Liter zu 100 Percent),
1168 903 2201 950 per Juli 47½, per Auguſt⸗September 49—, per September⸗October
1167 947 1446 984 49— Reichsmünze.
1254 979 2201 1026 Paris, 4. Juli. (Productenmarkt.) Rüböl per
1170 1015 2203 1061 100 Kilos, per lauſenden Monat 88 Francs — Centimes, per
1169 1049 2202 1097 Auguſt 88 Francs 50 Centimes, vier letzten Monate 91 Francs
1168 1084 2203 1129 25 Centimes, vier erſten Monate 1874 91 Francs 50 Centimes.
1169 1119 2201 1163 Leinöl per 100 Kilos, per laufenden Monat 93 Francs 50 Cen⸗
1170 1149 2202 1198 times, per Auguſt 93 Francs 25 Centimes, vier letzten Monate
1170 1186 2203 1233 92 Francs 50 Centimes. Spiritus, per Hectoliter, per laufenden
1171 1220 2203 1266 Monat 64 Francs 75 Centimes, per Auguſt 65 Francs —
1173 1253 2203 1301 Centimes, vier letzten Monate 1873 63 Francs 50 Centimes.
1170 1291 2203 1337 Rohzucker, 88grädiger, per 100 Kilos, disponibel 61 Francs
1169 1323 2202 1370 50 Centimes; weißer, geſtoßen, Type Nr. 3, 73 Francs 25 Centi⸗
1170 1357 2205 1403 mes, feinſt raffinirter 155 Francs — Centimes. Mehl acht
1170 1389 2204 1438 Marken, den Sack per 100 Kilos, per laufenden Monat 76 Francs
1171 1425 2204 1475 75 Centimes, per Auguſt 76 Francs 75 Centimes, vier letzten
1170 1466 1679 1505 Monate 72 Francs 25 Centimes.
1255 1502 2205 1549 London, 4. Juli. (Getreidemarkt.) Weizen, Mehl und Hafer
1172 1538 2204 1585 nur billiger verkäuflich, Anderes feſt, Umſätze beſchränkt. Weizen⸗
1173 1577 1716 1616 vorrath 127,659. Loco⸗Rüböl fl. 35.
1256 1606 2205 1654 Zufuhren: Weizen 16,570 Quarters, Gerſte 8050 Quarters,
1172 1644 1844 1697 Hafer 29,310 Quarters.
1250 1698 2205 1749 Peſt, 4. Juli. [Telegr. der Oeſterr. See⸗
1172 1738 2205 1788 handlung.] Witterung prachtvoll. Stimmung matt. Herbſt⸗
1172 1777 2207 1826 weizen fl. 5.70, Hafer fl. 1.54 bis fl. 1.56, Mais fl. 3.50 bis
1173 1814 2206 1866 fl. 3.60, Kohlreps fl. 10, Banater fl. 9.25, Juli⸗Hafer fl. 1.82
1174 1862 1363 1902 bis fl. 1.85.
1251 1899 2207 1953 Amſterdam, 3. Juli. [Telegr. der Oeſterr. See⸗
1174 1939 2205 1991 handlung.] Flau. October⸗Roggen fl. 195. October⸗Raps fl. 380.
1251 1986 2207 2036 Parts, 3. Juli. [Telegr. der Oeſterr. See⸗
1174 2024 2208 2075 handlung.] Acht⸗Marken⸗Mehl ziemlich behauptet per Juli
1175 2063 2207 2114 76 Francs 75 Centimes, per Auguſt 76 Francs 75 Centimes,
1175 2104 1976 2153 per September⸗December 72 Francs — Centimes.
1460 2170 1928 2217 Amtsblatt vom 4. Juli.
1264 2218 2208 2265 Lieitationen. Haus in Rierling (9000 fl.), 24. Juli 2 Uhr
1158 2252 2209 2299 Nachm., in der Gemeindekanzlei daſelbſt. — Einrichtung und Waa⸗
1176 2286 2208 2334 ren (2295 fl.), 5. Juli 10 Uhr Vorm., Stadt, Liebenberggaſſe
1176 2322 2209 2369 Nr. 7. — Einrichtung und Effecten (3998 fl.), 5. Juli 11 Uhr
1177 2356 2207 2403 Vorm., Leopoldſtadt, Glockengaſſe Nr. 15. — Einrichtung und
1177 2390 2208 2436 Specereiwaaren (1082 fl.), 7. Juli 9 Uhr Vorm., Wieden, Haupt⸗
1178 2425 2208 2471 ſtraße Nr. 2. — Effecten (155 fl.), 5. Juli 11 Uhr Vorm, Neubau,
1176 2459 2210 2503 Neubaugaſſe Nr. 18. — Effecten (1117 fl.), 9. Juli 10 Uhr Vorm.,
1177 2493 2211 2538 Landſtraße, Ungargaſſe Nr. 6 — Einrichtung (113 fl.), 8. Juli
1179 2526 2210 2570 11 Uhr Vorm., Hernals, Hauptſtraße Nr. 108. — Einrichtung
1180 2558 2211 2605 (266 fl.), 7. Juli 10 Uhr Vorm., Wieden, Heugaſſe Nr. 10. — Ein⸗
1181 2592 2213 2642 richtung und Fortepiano (528 fl.), 7. Juli 9 Uhr Vorm., Alſer⸗
1179 2627 2210 2672 grund, Alſerſtraße Nr. 29. — Haus in Wien, Landſtraße, Marokka⸗
1178 2663 2211 2708 nergaſſe Nr. 6 (46,000 fl.), 15. Juli 11½ Uhr Vorm., beim Lan⸗
1179 2695 2209 2743 desgerichte in Wien, Stadt, Ballhausplatz Nr. 3. — Viertel⸗Haus⸗
1180 2733 2211 2779 antheil in Wien, Schottenfeld Nr. 186 (6500 fl.), 18. Juli 11 Uhr
1178 2767 2209 2815 Vorm., beim Landesgerichte in Wien, Stadt, Ballhausplatz Nr. 3.
1177 2850 2212 2897 Telegraphiſche Witterungs⸗Berichte der k. k. Central⸗Anſtalt für Metes⸗
1180 2894 2212 2939 rologie und Erdmagnetismus vom 3. Juli 1873, 7 Uhr Morgens.
1494 2948 1822 2977 Luftdruck in
1502 2952 1633 3005 Millimeter
1589 3030 1635 3055 Ab⸗
1569 3056 1737 3086 weichg.
1570 3079 1744 3137 v. nor⸗
1573 3088 1650 3138 malen
1886 3001 1962 3024 Wind⸗
1872 3052 1977 3079 Richtung
1886 3102 1964 3127 Stärke
2029 3023 2188 3060 Bewölkung
1184 3219 1406 3246 Bludenz . . . . .
1188 3246 1407 3274 Iſchl . . . . . .
1185 3273 1407 3301 Klagenfurt . . . .
1189 3276 1248 3326 Prag
1186 3303 1251 3353 Wien
1186 3326 1272 3377 Krakau
1187 3375 1410 3404 Debreczin . . . .
1187 3401 1410 3429 Lemberg . . . . .
1188 3427 1410 3455 Tarnopol . . . .
1263 3469 1406 3499 Südliche:
1189 3503 1411 3529 Riva . . . . . .
1188 3529 1410 3556 Ancona . . . . .
1186 3534 1251 3585 Görz
1188 3558 1262 3609 Trieſt
1189 3585 1252 3636 Pola
1191 3625 1409 3664 Semaphor Porer
1189 3663 1411 3686 Agram . . . . . .
1188 3663 1260 3714 Leſina
1189 3689 1372 3741 Semaphor Liſſa
1188 3716 1290 3767 Durozzo
1189 3741 1298 3793 Szegedin
1188 3779 1412 3819 Hermannſtadt
1574 3217 1645 3242 ＋ 2˙0
1574 3244 1643 3268 ＋ 4˙1
1575 3269 1645 3293 ＋ 3˙2
1575 3296 1645 3319 ＋ 2˙6
1575 3321 1645 3345 ＋ 2˙3
1576 3347 1645 3371 ＋ 2˙3
1576 3373 1668 3397 ＋ 0˙5
1576 3392 1669 3429 ＋ 0˙4
1575 3426 1648 3448 － 1·8
1577 3501 1648 3527 ＋ 2˙6
1578 3528 1647 3552 ＋ 1˙8
1578 3554 1647 3579 ＋ 1˙3
1578 3582 1648 3611 ＋ 1˙3
1578 3606 1648 3631 ＋ 1˙5
1578 3632 1648 3656 ＋ 2˙0
1579 3659 1648 3682 ＋ 3˙1
1579 3685 1649 3706 ＋ 1˙4
1579 3710 1648 3733 ＋ 2˙6
1579 3735 1649 3759 ＋ 0˙9
1579 3761 1650 3786 ＋ 2˙3
1602 3759 1634 3809 —
1766 3503 1837 3528 ＋ 0˙8
1764 3530 1835 3549 － 0·3
1768 3556 1837 3577 ＋ 1˙2
1767 3582 1836 3605 ＋ 1˙7
1766 3608 1837 3632 ＋ 0˙9
1767 3634 1837 3655 ＋ 0˙6
1766 3659 1837 3682 ＋ 0˙7
1764 3684 1838 3703 － 0·6
1765 3684 1839 3734 － 1·0
1766 3735 1838 3756 － 1·9
1767 3761 1838 3785 ＋ 1˙8
1792 3759 1822 3809 －
1876 3629 1975 3653 NO 3
1876 3654 1974 3678 NO 2
1876 3680 1975 3703 NW 2
1877 3706 1974 3730 WNW 1
1909 3706 1941 3756 —
1875 3735 1979 3786 O 3
1908 3759 1940 3809 —
1996 3205 2215 3365 zur Hälfte bewölkt
2007 3238 2214 3266 zur Hälfte bewölkt
2007 3265 2215 3294 größtenth.bewölkt
2004 3291 2214 3319 zur Hälfte bewölkt
2070 3294 2141 3345 heiter
2010 3343 2215 3372 größtenth.bewölkt
2009 3370 2215 3398 größtenth.bewölkt
2083 3372 2141 3422 trüb
2048 3422 2162 3449 ganz trüb
2009 3496 2212 3525 theilweiſe bewölkt
2072 3501 2144 3551 heiter
2009 3549 2216 3581 zur Hälfte bewölkt
2006 3577 2189 3602 beinahe heiter
2006 3601 2214 3628 theilweiſe bewölkt
2075 3630 2139 3654 heiter
2000 3653 2218 3689 größtenth.bewölkt
2073 3657 2144 3708 heiter
2073 3683 2145 3734 heiter
2073 3710 2147 3760 heiter
2001 3751 2219 3787 zur Hälfte bewölkt
2100 3759 2132 3810 —
1276 3815 2216 3860 Der Luftdruck iſt geſtiegen zu Iſchl um 2˙1 Millimeter und
1192 3847 2219 3897 iſt höher als der normale. Die Temperatur iſt geſtiegen (zu Trieſt
1192 3885 2219 3930 um 2˙8° Celſius) und iſt größtentheils ober der normalen. Die
1191 3917 2219 3966 Luft iſt ſchwach bewegt, der Himmel größtentheils bewölkt. Das
1192 3953 2219 4000 Meer iſt bei Trieſt und Ancona leicht bewegt, ſonſt ruhig. Regen
1193 3986 2220 4035 wurde gemeſſen: zu Iſchl (1˙5), zu Klagenfurt (4 5), zu Tarnopol
1192 4021 2219 4069 Gußregen mit Gewitter und W. S., zu Riva (1˙2), zu Agram (14˙5)
1192 4062 1697 4105 mit Gewitter, zu Szegedin (10˙7).
1278 4092 2219 4136 Nach Berichten des Pariſer Obſervatoriums herrſcht im Weſten
1193 4123 2219 4173 Europas, in Irland und in Italien ziemlich gleicher Luftdruck, und
1193 4161 2220 4207 iſt derſelbe ſeit geſtern um 2 Millimeter gefallen. - Der Wind iſt
1195 4195 2221 4241 ſchwach bei heiterem Himmel und durchwegs ruhiger See. — Be⸗
1194 4230 2220 4276 richte aus Florenz melden heiteren Himmel, im Süden - trüb und
1193 4261 2222 4309 regneriſch, im Norden ſehr ſchwache Winde, ruhige See, ſchwaches
1194 4298 2223 4354 Fallen des Luftdruckes und der Temperatur.
1227 4366 2191 4412 Meteorologiſche Beobachtungen an der k. k. Central⸗Auſtalt für
1337 4408 2089 4452 Meteorologie. Hohe Warte. Seehöhe 194 Meter.
1289 4681 2146 4727 3. Juli: höchſte Temperatur 24˙6°, tiefſte 12˙6° Celſius.
1580 4721 1827 4758 Niederſchlag 0˙0.
1279 4750 2227 4795 Luftdruck gefallen um 2•6 Millimeter und iſt 0•3 Millimeter
1197 4782 2226 4830 unter dem normalen. Temperatur ſteigt bis 0•5 über die normale.
1197 4817 2227 4865 Wind ſehr ſchwach aus Weſt und Nordweſt, Nachts faſt windſtill.
1198 4853 2228 4900 Tagesmittel der Windgeſchwindigkeit 10•9 Kilometer per Stunde.
1198 4885 2231 4935 Himmel heiter, ſonnig, warm. 4. Juli Morgens: Temperatur 0˙1°
1199 4920 2229 4966 über der normalen, ſehr ſchwacher Luftzug aus Nord, heiter, ſonnig.
1198 4955 2229 5001 Tiefſte Temperatur 12˙3° Celſius. Stadt, 12 Uhr Mittags: Tem⸗
1201 4987 2228 5050 peratur ＋ 23˙6° Celſius (＋ 18˙9° Réaumur).
1586 5055 1846 5091 Correſpondenz.
1303 5091 2231 5132 Herrn J. F. in Doloplas: Die Kaiſerin von Oeſterreich war niemals
1198 5105 1371 5157 in der Türkei.
2244 229 3284 316 Theater und Vergnügungen in Wien
2522 319 3015 362 am Samſtag den 5. Juli 1873.
2284 369 3153 419 K. k. Hofburg-Theater.
2781 440 3285 481 „Der Bojar, oder: Wie denken
2840 476 3213 513 Sie über Rumänien?“
2772 515 3282 550 Luſtſpiel in einem Acte von G. v. Moſer
2771 550 3037 581 Eduard Stern
2773 555 3037 606 Marie, seine Frau
2772 581 3037 632 Joſeph Sommerfeld
2772 607 3037 658 Roſe. deſſen Tochter
2772 633 3037 683 Heinrich Seld, Doctor
2773 660 3037 710 Slupetzki
3081 550 3216 583 Hr. Broda.
3081 556 3246 608 Frl. Heisler.
3081 581 3224 632 Hr. Luaack
3081 607 3258 660 Frl. Brückner.
3081 634 3230 685 Hr. v. Hell.
3081 660 3208 710 Hr. Wüſt.
2303 442 2694 479 „Der Alte vom Berge.“
2242 484 2752 514 Schauſpiel in einem Acte von Bauernfeld.
2243 518 2345 549 Rüdiger
2237 545 2345 576 Arnold
2242 573 2345 601 Marie
2246 595 2345 626 Gertrud
2550 518 2719 549 Hr. Lewinsky.
2550 544 2740 574 Hr. Baumeiſter.
2550 570 2692 597 Frl. Zaniſch.
2550 594 2692 624 Fr. Kupfer.
2363 648 2637 685 „Das Tagebuch.“
2292 884 2718 931 K. k. Hof-Operntheater.
2345 954 2657 990 „Die Afrikanerin.“
2244 995 2757 1028 Oper in fünf Acten von E. Scribe. Deutſch
2257 1023 2747 1054 von F. Gumpert. Muſik von Meyerbeer.
2245 1055 2687 1090 Don Pedro, Präſident Hr. Rokitansky.
2245 1084 2541 1113 Don Diego, Admiral Hr. Neumann.
2325 1108 2683 1138 Jeus, deſſen Tochter Frl. Siegſtädt.
2246 1135 2643 1162 Veseo de Gama Hr. Adams.
2246 1160 2613 1195 Don Alvar Hr. Pirk.
2246 1186 2658 1217 Der Groß⸗Inquiſitor Hr. Draxler.
2246 1212 2636 1245 Der Oberprieſter Hr. Krauß.
2245 1238 2610 1271 Nelusco
2246 1251 2719 1297 Seliea
2367 1229 2469 1280 Sklaven
2502 1216 2615 1268 Hr. Peck.
2502 1242 2723 1293 Fr. Fr.=Materne.
2246 1289 2661 1323 Anna, Dienerin Frl. Worani.
2247 1315 2627 1345 Ein Marine⸗Officier Hr. Evers.
2247 1341 2604 1371 Ein Rathsdiener . . Hr. Lay.
2247 1366 2677 1399 Ein Matroſe . . . . Hr. Soutſcheck.
2305 1426 2709 1466 Wiener Stadt-Theater.
2367 1496 2649 1532 „Maria Stuart.“
2247 1537 2761 1570 Trauerſpiel in fünf Aufzügen von Schiller.
2248 1573 2543 1604 Eliſabeth, Königin von
2275 1598 2715 1629 England Frl. Charles.
2248 1624 2550 1656 Marie Stuart, Königin von
2273 1649 2696 1686 Schottland Frl. Frank.
2820 732 3241 772 „Zimmer und Cabinet zu
2949 770 3116 805 verlaſſen.“
2775 899 2835 949 Fritz
2776 924 2877 975 Theodor
2775 963 3212 1005 Wilhelm
2777 941 3206 979 ſeine Kinder
2776 919 3264 957 Kl. Mochatſchek
3082 926 3209 977 Kl. Guhn.
2776 806 3287 843 Poſſe mit Geſang in einem Act. Nach
2777 833 3288 864 einem älteren Sujet bearbeitet von A. Bittner.
2777 867 2990 903 Ritſchler, Flötiſt
2776 893 2990 926 Laura, ſeine Frau
3082 867 3214 903 Hr. Blaſel.
3082 893 3216 926 Fr. Blaſel.
2777 995 3084 1026 Bauſchberger, Hausherr
2777 1022 3084 1058 Reſi, ſeine Wirthſchafterin
2777 1048 3084 1081 Pichler, Futteralmacher
2777 1074 3084 1106 Fanni, ſeine Frau
2867 1098 3084 1133 Auguſt Holbrich
2776 1122 3084 1156 Maſchler, Sollicitater
2776 1152 3084 1181 Ein Executor
2776 1177 3084 1207 Ein Arbeitsmann
2776 1203 3084 1236 Ein Träger
3084 995 3254 1026 Hr. Bleibtreu.
3084 1022 3255 1058 Frl. Brückner.
3084 1048 3242 1081 Hr. Möhring.
3084 1074 3285 1106 Fr. Mettenleitner
3084 1098 3257 1133 Hr. Schreiner.
3084 1122 3282 1156 Hr. Braunmüller
3084 1152 3230 1181 Hr. Kracher.
3084 1177 3254 1207 Hr. Seribani.
3084 1203 3218 1236 Hr. Zeleny.
2947 1258 3118 1293 „Toſtl.“
2775 1354 3233 1384 Sebaſtian Toſtl, Weber . Hr. Matras.
2777 1363 3005 1413 Rosl, ſein Weib
2778 1408 3005 1438 Nazi, ſein Sohn
2771 1430 3005 1459 Ein Actuar
2774 1458 3005 1489 Ein Gerichtsdiener
3083 1363 3243 1413 Fr. Manſche.
3083 1409 3288 1440 Kl. Runzenhofer.
3083 1433 3286 1463 Hr. Braunmüller
3083 1461 3245 1492 Hr. Röhring.
2249 1677 2470 1705 Robert Dudley Hr. Salomon.
2249 1703 2584 1733 Georg Talbot Hr. Arnau.
2249 1729 2584 1754 Wilhelm Cecil Hr. Friedmann.
2250 1755 2522 1779 Graf v. Kent Hr. Klang.
2249 1781 2522 1808 Wilhelm Daviſon Hr. Urban.
2250 1807 2523 1833 Amias Paulet Hr. Baillant.
2250 1833 2522 1861 Mortimer, ſein Neffe .
2250 1856 2691 1885 Graf Aubespine Hr. Greve.
2250 1882 2678 1912 Graf Bellievre . . . . . Hr. Saar.
2249 1907 2715 1939 Okelin, Mortimer's Freund Hr. Meixner.
2250 1933 2698 1964 Melvil, Haushofmeiſter Hr. Pertera.
2249 1955 2721 1990 Hanna Kennedy Frl. Schäffel.
2251 1984 2720 2016 Margarethe Kurl . . . . Frl. Balberg.
2250 2042 2764 2088 Theater in der Josephstadt.
2251 2111 2763 2142 Fünfte Vorſtellung des Dr. K. Klug mit dem
2366 2134 2650 2167 erſten photo-elektriſchen
2341 2172 2671 2209 Rieſen ⸗ Mikroſkop.
2251 2214 2764 2247 36millionenmalige Vergrögerung in drei
2429 2243 2590 2271 Abtheilungen.
2840 1511 3226 1549 „Mannſchaft an Bord.“
2782 1554 3290 1585 Komiſche Operette mit Tanz in einem Acte
2783 1581 3291 1615 mit freier Benützung der „English boat⸗
2786 1608 3290 1639 man songs“ von J. L. Hariſch. Muſik von
2965 1637 3104 1663 G. v. Zayz.
2280 2310 2743 2350 Fürst-Theater im Prater.
2405 2383 2612 2410 Zum erſtenmale:
2287 2414 2732 2453 „Vor und nach der Welt⸗
2406 2450 2612 2484 ausſtellung.“
2838 2087 3240 2126 Theater an der Wien.
2867 2147 3217 2188 „Drei Paar Schuhe.“
2821 2191 3295 2222 Lebensbild mit Geſang und Tanz in drei
2783 2218 3296 2252 Abtheilungen und einem Vorſpiele von Karl
2784 2220 3295 2274 Görlitz. Für diese Bühne bearbeitet von
2783 2255 3296 2299 A. Verla. Muſik vom Capellmeiſter Karl
2982 2275 3098 2325 Millöcker.
2864 2347 3215 2392 Strampfer-Theater.
2899 2398 3179 2426 (Stadt. Tuchlauben 16.)
2921 2442 3166 2478 „Goldchignon.“
2255 2499 3298 2584 Oesterreichischer Kunstverein,
2549 2574 2998 2620 Stadt, Tuchlauben Nr. 8
2417 2628 3143 2687 Geschlossen.
2434 2703 3082 2765 Eröffnung
2300 2764 3238 2817 der neuen grossen Ausstellung am 1. August
2254 2815 3300 2856 Anmeldungen zur nächſten Jury des längſtens 15. Juli. — Verloſung am 29. November
2253 2849 3300 2887 ☛ Für Auskünfte und Einzahlungen iſt die Vereinskanzlei an Wochentagen von
2265 2878 2929 2909 9—5 Uhr geöffnet. ☚
2414 3046 3146 3103 Lothringerstrasse 9.
2324 3105 3146 3149 Große Ausſtellung. Hans Makart's großes Gemälde: „Vene⸗
2256 3138 3301 3184 dig huldigt der Katharina Cornaro“. Täglich geöffnet
2256 3184 2479 3218 von 9—5 Uhr.
2260 3243 3300 3330 CIRCUS RENZ,
2535 3321 3024 3365 Leopoldſtadt, Circusgaſſe 44.
2379 3371 3178 3424 Samstag den 5. Juli 1873:
2523 3423 3038 3474 Aschenbrödel,
2257 3482 3295 3525 Pantomime in vier Abtheilungen, in Scene geſetzt und arrangirt von Director E. Rens
2570 3512 2979 3543 Mit theilweiſe neuer Ausſtattung.
2256 3542 3296 3583 Tanz⸗Einlage: Edelstein-Tanz, getanzt von den Damen Frl. Hübel, Frl. Heger
2258 3568 3302 3610 Frl. Semmelhock und 20 Damen vom Corps de Ballet. Die zu dieſer Pantomime
2420 3598 3136 3635 nöthigen Coſtüme, Requiſiten, Pferde und Equipagen neu.
2259 3628 3302 3669 Das Hermelinpferd Kohinor im Garten, vorgeführt vom Direktor E. Renz.
2262 3654 3304 3694 — Die Fahrschule geritten von Frau Hager⸗Renz mit den Schulpferden Mohr und
2259 3680 3303 3720 Kismet. — 3 Springpferde. — Der brasilianische Waldmensch Olive.
2259 3705 3301 3746 — Die Japanesen. — Rigolo, von dem Komiker Belling vorgeführt. — Vorfüh⸗
2550 3736 3007 3771 rung der 7 dressirten Löwen.
2632 3771 2915 3803 Anfang halb 8 Uhr.
2261 3799 3301 3850 Sonntag den 6. Juli 2 Vorstellungen, um 4 und 7½ Uhr.
2821 3840 3263 3884 E. Renz, Director.
2398 3910 3166 4017 Schwender's
2265 4029 3309 4126 Neue Welt Colosseum
2350 4121 2701 4162 in hietzing nächſt Schönbrunn.
2464 4160 2591 4202 Täglich
2264 4194 2782 4247 Park-Fest, Doppel-Concert,
2315 4232 2728 4280 Theater, Illumination.
2393 4272 3304 4326 Sonntag. Donnerstag
2298 4307 3303 4363 Internationales Fest.
2265 4332 2780 4381 Strauss. 4 Muſikcorps, Blondin, Thea⸗
2330 4364 2726 4408 ter Illumination, Feuerwerk ꝛc.
2272 4421 3309 4544 Weltausstellung.
2592 4538 2969 4585 Rußland: Guppe XV.
2403 4580 3174 4673 Pianoforte - Fabrik
2765 4652 2814 4703 von
2287 4698 3286 4763 J. Becker in St. Petersburg,
2481 4761 3099 4803 Hof-Lieferant Sr. Majeſtät des Kaiſers von Rußland.
2372 4792 3311 4840 ☛ Flügel zum Verkauf bei Cohn, Bäckerſtraße 20. ☚ 8890
2422 4866 3162 4967 Wiener Aquarium.
2558 4960 3024 5021 Prater, Hauptallee Nr. 1.
2272 5009 3304 5061 Reiche Sammlung von See- und Süsswasserthieren
2358 5051 3305 5110 Zu beſichtigen täglich von 9 Uhr Früh bis 7 Uhr Abends
2275 5098 2791 5142 Eintrittspreis 50 kr., Kinder 20 kr
1202 4485 1292 4536 Datum
1310 4484 1403 4535 Stunbe
1414 4455 1523 4507 Luftdruck
1427 4482 1514 4535 Milli⸗
1431 4508 1506 4560 meter
1540 4451 1737 4502 Temper. Celsius
1748 4440 1859 4495 Feuchtig⸗
1761 4468 1845 4518 keit in
1775 4494 1838 4544 Per⸗
1755 4518 1841 4571 centen
1864 4453 1991 4505 Windrich⸗
1869 4478 1985 4531 tung und
1886 4505 1975 4557 Stärke
2041 4465 2097 4515 Be⸗
2013 4491 2119 4542 wölkung
2143 4477 2222 4530 Ozon.
1546 4491 1614 4542 beob⸗
1539 4516 1624 4568 achtete
1644 4506 1745 4557 normale
1205 4570 1292 4621 3. Juli
1203 4598 1276 4649 „ „
1204 4622 1291 4673 4. Juli
1305 4570 1411 4620 2 U. Nm.
1304 4596 1411 4647 9 U. Abs.
1304 4623 1412 4675 7 U. Mg.
1443 4568 1513 4618 744·0
1445 4593 1515 4644 744·8
1445 4620 1514 4672 743·7
1572 4564 1627 4614 24·2
1568 4588 1624 4641 19·3
1571 4617 1624 4668 17·8
1679 4566 1735 4617 23·7
1682 4591 1732 4642 19·5
1679 4617 1733 4670 17·7
1788 4566 1819 4616 51
1785 4590 1823 4642 65
1788 4619 1819 4669 71
1862 4563 2005 4614 NW 1
1863 4588 1995 4639 NW 1
1862 4616 1999 4666 N 0
2000 4562 2135 4614 halb heiter
1999 4588 2124 4642 fast heiter
2001 4616 2072 4666 heiter
2161 4560 2207 4611 4·0
2160 4585 2208 4638 3·0
2163 4614 2203 4665 3·0
