3168 4807
179 476 1365 543 Innsbrucker
1772 493 2931 553 Nachrichten.
405 627 657 665 Telephon - Auf:
339 670 712 710 Schriftkeitung Nr. 315.
894 645 1332 699 Achtundfünfzigſter
1801 658 2251 710 Jahrgang. 1911.
2593 631 2861 684 Telephon - Auf:
2547 676 2907 728 Verwaltung Nr. 135.
184 749 1086 811 Bezugs⸗Preiſe: Am Platze monatlich 1 K; mit täglicher
183 785 1086 843 Postverſendung in Oeſterreich⸗Ungarn vierteljährig K 4.80,
184 822 1086 878 nach Deutſchland K 7.—, nach den übrigen Ländern des
450 855 1086 904 Weltpoſtvereins K 9.—.
1086 749 1989 811 Für unverlangt eingeſandte Manuſkripte über⸗
1086 785 1987 843 nimmt die Schriftleitung keine Verantwortung.
1086 822 1987 878 Rücksendungen erfolgen nur, wenn das entſprechende
1448 858 1663 911 Porto beiliegt.
2044 752 2933 811 Anzeigen werden bindend nach Tarif berechnet. — Bei
2045 790 2933 847 mehrmaliger Einſchaltung entſprechender Rabatt. — Unſere
2043 825 2932 882 Verwaltung und jedes Inſeraten-Bureau des In- und Aus-
2240 860 2721 916 landes nimmt Aufträge entgegen.
179 925 686 1030 Samstag
1435 954 1663 1008 Nr. 148
2592 962 2934 1020 1. Juli 1911
216 1015 2892 1089 Wochenkalender: Montag 26. Johann und Paul. Dienstag 27. Vigilius B. Mittwoch 28. Leo II., Papst. Donnerstag 29. Peter und Paul. Freitag 30. †
908 1074 2196 1123 Pauli Gedächtnis. Samstag 1. Theobald. Sonntag 2. A 4 Mariä Heimſuchung.
371 1193 877 1268 Eine Reichspartei.
221 1290 1071 1341 Die „Öſterreichiſche Rundſchau“ hat zwei Ar⸗
175 1335 1067 1386 tikel von beſonderer Bedeutung veröffentlicht.
177 1379 1071 1430 Der eine, aus der Feder eines hervorragenden
175 1422 1070 1474 ungariſchen Politikers, wies darauf hin, daß die
174 1466 1071 1518 Bevölkerung Ungarns ein großes Intereſſe an
176 1511 1067 1564 einer feſtgefügten Monarchie habe, und daß
173 1555 1070 1606 jeder Verſuch, das gemeinſame Band zwiſchen
174 1600 1068 1652 Öſterreich und Ungarn zu lockern, auch gegen
172 1644 1067 1696 das Intereſſe Ungarns, insbeſondere ſeiner nicht⸗
174 1688 1067 1742 magyariſchen Nationalitäten, gerichtet ſei. Der
171 1733 1066 1786 Verfaſſer wies den Weg, auf welchem dieſe
172 1778 1066 1831 Tendenzen gegen den Widerſtand der — ande⸗
170 1821 1065 1873 ren, in erſter Linie ſelbſtſüchtige Intereſſen
170 1865 1066 1921 verfolgenden — Gentry, zum Sieg geführt wer⸗
170 1911 1064 1960 den könnte und appellierte hierbei an die öſter⸗
168 1954 1064 2005 reichiſche Ariſtokratie, auch ihrerſeits die Inter⸗
170 1998 1060 2051 eſſen des Volkes in Ungarn zu unterſtützen.
166 2042 1063 2095 In einem zweiten Artikel reflektierte Erbgraf
168 2087 1063 2138 von und zu Trauttmansdorff auf dieſe Äuße⸗
169 2132 1062 2184 rungen. Er begrüßte die Stimme von jenſeits
167 2176 1063 2228 der Leitha, die gegen die Zerſtörung der Mon⸗
167 2222 1063 2272 archie laut wurde, auf das lebhafteſte, betonte
165 2266 1060 2318 auch ſeinerſeits die Notwendigkeit einer feſtge⸗
165 2307 978 2361 fügten Monarchie, die in Öſterreich allſeits an⸗
166 2349 1063 2406 erkannt wird, und ſprach die Überzeugung aus,
164 2398 1059 2451 daß, wenn auch infolge der politiſchen Verhält⸗
163 2442 1058 2492 niſſe in Öſterreich die Ariſtokratie als ſolche
163 2487 1057 2538 nicht mehr geſchloſſen auftreten könne, es doch
163 2530 1057 2590 gewiß im Intereſſe und in der Pflicht eines
161 2575 1057 2628 jeden ihrer Mitglieder läge, ſich ganz für die
162 2619 835 2669 Einheit der Monarchie einzuſetzen.
205 2664 1055 2716 Aus dieſen beiden wichtigen Äußerungen zieht
160 2709 1055 2760 nun in dem ſoeben erſchienenen Hefte der „Öſter⸗
158 2752 1054 2804 reichiſchen Rundſchau“ einer ihrer Mitheraus⸗
159 2797 1055 2849 geber Leopold Freiherr von Chlumecky die Kon⸗
159 2841 1054 2894 ſequenz. Er betont auch ſeinerſeits die Wich⸗
157 2887 1053 2938 tigkeit der Erhaltung der Gemeinſamkeit der
158 2931 1052 2981 Monarchie und führt aus, daß, wenn auch viel⸗
156 2975 1051 3026 leicht die Meinungen darüber auseinander gehen
157 3019 1050 3072 ſollten, wie die Stärkung der Monarchie und
1104 1165 2004 1218 die Feſtigung der ihre Teile verknüpfenden
1090 1209 2000 1261 Bande am beſten erzielt werden könne, es doch
1104 1254 2000 1306 heute ſchon hoch an der Zeit wäre, daß ſich
1104 1298 2000 1351 alle jene ſammeln und zuſammenſchließen, die
1102 1343 1998 1397 mithelfen wollen, das große Problem zu löſen,
1104 1387 1999 1439 auf welche Weiſe die Einheit der Monarchie er⸗
1103 1431 1999 1482 halten und geſtärkt werden könne, und mit wel⸗
1103 1474 2000 1527 chen Mitteln allen ſeparatiſtiſchen Tendenzen
1103 1520 1998 1571 entgegenzutreten ſei. Die Freunde der Einheit
1100 1563 1999 1616 der Monarchie finden ſich diesſeits und jen⸗
1101 1608 1998 1660 ſeits der Leitha ſehr zahlreich, aber teilweiſe
1100 1653 1996 1703 zerſtreut. Sie zu einer alle umſchließenden, aus⸗
1101 1696 1997 1749 allen Schichten der Bevölkerung ſich rekrutie⸗
1099 1741 1995 1795 renden Reichspartei zu vereinigen, täte dringend
1099 1786 1994 1837 not, denn nur ſo könnten die zahlreichen, dem
1099 1830 1994 1880 gleichen Ziele zuſtrebenden Kräfte zuſammen⸗
1099 1874 1996 1925 gefaßt und mit Erfolg den an der Minierarbeit
1098 1919 1994 1971 befindlichen deſtruktiven Elementen entgegenge⸗
1097 1963 1343 2005 ſtellt werden.
1143 2007 1992 2058 Es würde ſich um die Bildung einer neuen
1094 2052 1992 2103 politiſchen Organiſation handeln, die
1096 2096 1991 2147 ſich nicht auf Öſterreich allein beſchränkt, ſich
1096 2141 1991 2191 vielmehr auch auf Ungarn und die annektier⸗
1089 2183 1992 2236 ten Provinzen erſtreckt., Die Bildung einer der⸗
1086 2224 1991 2280 artigen Reichspartei ohne Rückſicht auf natio⸗
1088 2271 1990 2324 nale Divergenzen und Meinungsverſchiedenheiten
1095 2317 1989 2369 wäre im Intereſſe der Erhaltung der Groß⸗
1064 2351 1988 2412 machtſtellung der Monarchie, die - nur als Groß⸗
1094 2405 1989 2457 macht ihre politiſchen und wirtſchaftlichen Auf⸗
1094 2450 1989 2500 gaben erfüllen kann von um ſo aktuellerer
1090 2492 1988 2545 Bedeutung, als das Jahr 1917 ſchon nahe be⸗
1091 2536 1988 2590 vorſteht, in welchem die Möglichkeit der wirt⸗
1090 2581 1986 2635 ſchaftlichen Trennung Ungarns von Öſterreich
1090 2627 1985 2680 gegeben iſt. Eine ſolche wäre aber der Anfang
1090 2671 1986 2724 vom Ende der Monarchie, während im Lager
1088 2715 1984 2768 der Reichspartei ſich alle finden können, denn
1089 2757 1985 2813 in dieſem Lager befände ſich die Zukunft der
1086 2805 1284 2848 Monarchie.
1127 2896 1942 2973 Bienerth — Gautſch — Thun.
1131 2986 1984 3039 Freiherr v. Bienerth, der bisherige Mini⸗
1087 3031 1983 3083 ſterpräſident, iſt plötzlich von ſeinem Poſten zu⸗
791 3133 1033 3161 (Nachdruch verboten.)
207 3189 989 3258 Schloß Neuhaus bei Bruneck.
362 3271 838 3320 Von Prof. J. Zösmair.
191 3341 1046 3395 „Und neues Leben blüht aus den Ruinen“,
151 3385 1049 3438 kann man ſagen, wenn man das gemütliche, heitere
150 3430 1046 3481 Leben und Treiben an ſo manchen ſchönen Tagen
152 3474 1046 3526 auf dieſer luftigen, reinen Höhe des Schloſſes
148 3518 1046 3569 Neuhaus, 923 Meter über dem Meere, zu ſehen
149 3563 826 3612 und mitzumachen Gelegenheit hatte.
184 3606 1046 3657 Der herrliche Brunecker Talkeſſel hat eine Menge
149 3652 1044 3702 der ſchönſten und bequemſten Ausflüge in die
146 3695 1044 3747 nähere und weitere Umgebung. Dazu gehört auch
146 3741 1039 3792 derjenige zur Burg und Wirtſchaft Neuhaus.
147 3784 1043 3836 In anderthalb Stunden zu Fuß oder mit Benüt⸗
147 3829 1042 3881 zung der neuen Tauferer Bahn bis Gais und
145 3871 1040 3922 von dieſer Station in einer kleinen halben
146 3917 1044 3967 Stunde iſt man an Ort und Stelle. Ein vom
144 3959 1039 4013 unermüdlich tätigen Schloßwirt auf eigene Ko⸗
143 4006 1041 4056 ſten erſtellter, hinter der Brücke von Gais links
145 4051 1040 4109 abzweigender und markierter Steig führt uns
142 4092 1039 4146 bequem, in beſtändig ſich erweiternder Ausſicht
143 4139 1039 4190 über den Brunecker und Tauferer Talboden, an
143 4183 1038 4234 Wald, Felſen, kleinen Schluchten und über Brücken
142 4225 1037 4281 zur Schloßanlage. Dieſe iſt ſehr mannigfaltig
142 4270 1037 4325 geſtaltet und bietet für einen Zeichner, Maler
141 4314 1038 4369 und Photographen allerlei reizende Bilder. Da
142 4361 1035 4414 iſt die eigentliche Schloßruine gegen Taufers zu,
140 4405 1038 4457 mit dem alles überragenden, viereckigen Haupt⸗
1082 3130 1979 3183 turm oder Berchfrit, auf welchem eine Flagge
1082 3174 1978 3227 gehißt wird. Dabei ſteht gleichfalls als Ruine
1081 3219 1979 3270 das alte Herrſchaftshaus oder der Palas. Auf
1081 3264 1978 3318 dieſer Seite iſt auch ein Fahrweg durch die
1079 3308 1978 3360 Ringmauer von der Tiefe herauf zum oberen
1080 3351 1977 3405 Burgplatz vom gegenwärtigen Inhaber angelegt
1079 3396 1978 3448 worden. Auf dem unteren Schloßplatz, den man
1079 3440 1976 3492 zunächſt vom Steig her betritt, treffen wir ein
1079 3484 1976 3535 altes Wohnhaus, das als Wirtshaus dient, ein
1078 3529 1975 3580 noch älteres, faſt hölzernes Badhaus, einen mit
1077 3572 1975 3625 Bäumen, Tiſchen und Bänken beſetzten Schank⸗
1077 3618 1975 3669 garten, eine geräumige Marienkapelle vom
1077 3662 1974 3711 Jahre 1601, und eine Veranda. Dann betritt
1076 3707 1975 3759 man die Brüſtung der Umfaſſungsmauer, unter
1055 3750 1972 3803 welcher zunächſt terraſſenförmig wohlgepflegte
1074 3795 1972 3847 Gartenanlagen mit Weinreben ſich hinziehen und
1075 3838 1973 3890 von wo aus man ein herrliches Panorama über
1074 3884 1972 3937 die weite Tal⸗ und Gebirgswelt genießt. Faſt ge⸗
1075 3929 1973 3980 genüber auf der anderen Talſeite ragt die ſtolze
1074 3971 1972 4023 Kehburg in neumodiſchem Gewande empor. Ent⸗
1072 4015 1970 4067 zückt genießt man von dieſer reinen, ſtaubfreien
1071 4061 1968 4112 und würzigen Höhe alle Schönheiten. Es iſt
1070 4106 1968 4156 ſelbſtverſtändlich, daß es zahlreiche Beſucher
1072 4149 1968 4202 gibt, welche auch über die Geſchichte und
1070 4195 1968 4245 Schickſale des Schloſſes Neuhaus in
1071 4239 1968 4289 etwas unterrichtet ſein möchten. Für dieſe iſt
1071 4281 1968 4334 eine Studie von Kooperator Franz Gießl vorhan⸗
1070 4326 1968 4379 den. Nach eigenen Forſchungen ſei hier ein kurzer
1071 4372 1340 4418 Abriß gegeben.
1112 4413 1964 4466 Das Schloß Neuhaus ſteht auf dem Boden der
2037 1173 2934 1227 rückgetreten. In beiläufig 48 Stunden hat
2037 1217 2933 1271 ſich ein Perſonenwechſel vollzogen, deſſen Be⸗
2035 1262 2931 1317 deutung heute noch nicht abgeſchätzt werden kann.
2036 1307 2931 1359 Als Bienerth aus ſeiner Audienz am letzten
2033 1350 2933 1405 Sonntag, in der die Entlaſſung der beiden
2036 1393 2932 1447 Miniſter Dr. Weißkirchner und Glombinski ge⸗
2031 1436 2928 1491 nehmigt wurde, zurückkehrte, ſetzte er ſich ſofort hin
2033 1482 2928 1537 und ſchrieb ſein Demiſſionsgeſuch, Überraſchend für
2034 1527 2930 1582 die Öffentlichkeit vollzog ſich der Wechſel der
2032 1573 2931 1627 Szenerie und doch dürften die Anfänge der
2012 1618 2930 1671 Kriſe, aus der Freiherr v. Bienerth ſchließ⸗
2032 1663 2931 1717 lich die letzte Konſequenz zog, ſchon in jenen
2032 1706 2930 1760 Tagen zu ſuchen ſein, wo Graf Thun plötzlich
2032 1752 2929 1804 in Wien beim Kaiſer in Audienz erſchien und
2031 1787 2928 1850 das Kabinett als deſignierter Statthalter von
2031 1841 2928 1892 Böhmen verließ. Was damals von einer außer⸗
2031 1883 2928 1938 ordentlichen Stelle, die damit Graf Thun er⸗
2031 1928 2927 1983 halten ſollte, gefabelt wurde, hat ſich nicht be⸗
2029 1974 2928 2027 ſtätigt; ſeine Ernennung vollzog ſich in den
2030 2018 2810 2069 hergebrachten Formen, allein tatſächlich
2028 2061 2926 2119 ſein Einfluß über ſeinen verfaſſungsmäßigen
2028 2107 2925 2159 Amtskreis hinaus. Man fühlte ſeitdem, wie
2028 2144 2924 2204 ſtoßweiſe die Stellung des Freiherrn v. Bie⸗
2028 2195 2924 2258 nerth erſchüttert wurde, wie Einflüſſe ſich gel⸗
2027 2237 2924 2293 tend zu machen begannen, die nicht mehr ſo
2026 2283 2924 2338 recht den bekannten Anſchauungen des Miniſter⸗
2026 2325 2923 2382 präſidenten entſprachen und wenn die Tſchechen
2025 2370 2923 2425 im letzten November den Ausbruch einer Kriſe
2026 2417 2922 2470 herbeiführten, weil ihnen die Nachricht gewor⸗
2025 2460 2920 2515 den war, daß es nur mehr geringer Anſtren⸗
2024 2506 2921 2561 gung bedürfe, um Freiherrn v. Bienerth zu
2024 2552 2918 2606 ſtürzen, ſo täuſchten ſie ſich lediglich darin,
2022 2596 2921 2648 daß ſie wähnten, daß die der Politik des
2023 2640 2919 2695 Miniſterpräſidenten entgegenarbeitenden Ein⸗
2023 2685 2920 2739 flüſſe an allerhöchſter Stelle bereits geſiegt
2020 2732 2138 2773 hätten.
2065 2773 2917 2827 Es wäre ein Irrtum, zu glauben, daß per⸗
2021 2818 2917 2870 ſönliche Streberei dieſen Kampf hinter den Ku⸗
2020 2863 2916 2916 liſſen geführt hätte. Bienerth war nie ein
2020 2905 2916 2960 „Kleber“ und für den Fürſten Franz Thun
2019 2952 2915 3005 bildet das öſterreichiſche Miniſterpräſidium ge⸗
2018 2995 2915 3047 wiß nicht das Ziel perſönlichen Ehrgeizes. Die
2018 3039 2916 3095 Gegenſätze waren ſachlicher Natur. Bienerth
2012 3139 2908 3190 alten Herrſchaft Taufers. Dieſe reichte
2014 3184 2910 3236 vom hohen Kreuz zwiſchen St. Georgen und
2014 3229 2911 3280 Gais nord⸗ und taleinwärts bis zur Gletſcher⸗
2010 3273 2903 3323 welt der Zillertaler Ferner und Hohen Tauern.
2009 3318 2908 3368 Die Herrſchaft trennte ſich im 11. Jahrhundert
2009 3361 2906 3412 vom uralten Puſtertalgau ab und fiel einer
2007 3405 2905 3456 Seitenlinie der alten Grafen dieſes und
2011 3448 2907 3500 des Lurngaues im Oberpuſtertal und Kärn⸗
2006 3495 2905 3547 ten zu. Aus letzteren gingen die ſpäteren Grafen
2011 3536 2906 3590 von Görz hervor, welche ſomit eines Stammes
2008 3583 2904 3633 mit den Herren von Taufers waren. Letztere führ⸗
2007 3629 2904 3680 ten aber nie den Grafentitel, wie man wohl ver⸗
2007 3673 2904 3724 ſchiedentlich lieſt, ſondern waren nur freie Edle
2009 3717 2906 3768 (nobiles), als welche ſie wie die Grafen Reiter⸗
2006 3762 2901 3813 ſiegel gebrauchen durften. Sie nannten ſich nach
2005 3805 2901 3859 Taufers. Drunter verſtand man urſprünglich
2004 3851 2901 3903 die Bachſchlucht, dann die heutige Gemeinde
2002 3893 2898 3945 Sand⸗St. Morizen am Ausgang desſelben, endlich
2003 3938 2900 3989 das mächtige Schloß Taufers, deſſen Bau eben⸗
2005 3984 2898 4036 falls noch in das 11. Jahrhundert hinaufreicht.
2001 4027 2897 4078 Die Leitnamen des Geſchlechtes der Edlen von
2002 4072 2898 4123 Taufers, welche im In⸗ und Auslande einſt
2001 4117 2896 4168 eine ſehr bedeutende Rolle ſpielten, waren:
2000 4159 2497 4207 Hugo, Heinrich und Ulrich.
2045 4206 2897 4258 In der erſten Hälfte des 13. Jahrhunderts
2001 4250 2895 4302 herrſchten nebeneinander zwei Brüder
1998 4294 2893 4348 von Taufers: Ulrich und Hugo. Ihre
1998 4338 2892 4391 Mutter war eine Gräfin Adelheid von Eppan.
1998 4383 2891 4435 Dieſe heiratete nach dem frühen Tode ihres
1996 4425 2892 4478 Mannes einen benachbarten Herrn v. Rodank
