1536 2323
707 30 809 80 1339
86 109 1427 158 doch iſt dieſe Zahl vorläufig noch nicht verbürgt. Die 6. Kompagnie des 35. Regi⸗
86 150 1429 198 ments brachte von ihrer Batterie aus das Feuer eines im Wennig⸗Bund liegen⸗
85 193 819 237 den däniſchen Kanonenboots zum Schweigen.
167 233 1430 279 Turin, 30 Juni. In der heutigen Sitzung der Deputirtenkammer erklärte
86 274 1429 321 der Finanzminiſter: er werde das Defizit der Jahre 1864 und 1865 mit 200 Mill.
84 314 1431 361 aus den Domanialgütern und mit dem Verkauf der Staatseiſenbahnen decken
84 356 1429 401 können ohne eine Anleihe zu machen. Im Ausgabenbudget weist er eine Erſparniß
84 395 1428 442 von 10 Mill. nach. Sobald man die neuen organiſchen Geſetze votirt haben wird,
84 437 1429 485 werden die Erſparniſſe die Höhe von 100 Mill. erreichen. Die Regierung und
84 478 1428 524 die Nation ſind, nach Anſicht des Miniſters, nicht in der Lage die von dem Ab⸗
84 519 1429 568 geordneten Saracco verlangte Politik der Zurückhaltung (recueillement) zu der
85 559 1430 606 ihrigen zu machen. Die Regierung ſteht dem Programm der Aktionspartei eben
85 601 1429 648 ſo fern wie dem der Entwaffnung. Das Programm der Regierung iſt noch immer
83 643 1427 689 daſſelbe, welches ſie bei Uebernahme der Staatsgeſchäfte verkündet hat, nämlich:
88 683 1427 730 ſich bereit zu halten und die politiſchen Ereigniſſe zu benutzen um Italien der Er⸗
83 725 749 767 füllung ſeiner Geſchicke entgegenzuführen.
166 764 1428 811 Rom, 29. Juni. Am heutigen Petersfeſt verſah der Papſt im Vatican
83 804 1428 854 das Pontifikalamt, und erneuerte bei dieſer Gelegenheit ſeine Verwahrungen gegen
84 849 473 888 die Invaſion Piemonts.
513 915 993 960 Angekommene in Innsbruck.
168 957 1426 1002 Haſchnigg, Hdls.⸗Reiſ. v. Wien. Guradke, v. Puttkammer u. Raue, Stud. v.
87 998 1427 1042 Hohenheim. Hochleitner, k.k. Förſter u. Ruef, k.k. Forſtgehilf v. Mairhofen. Ober⸗
81 1039 1427 1083 ladſtetter, Priv. v. Ellmau. Scheuring, Minorit v. Würzburg. Handle, Hdlsm. v.
82 1079 1425 1125 Ried. Bramſtaler, Kfm. v. Gröden. Urbanek, Hauptm. m. Schweſter v. Bozen.
83 1121 1425 1166 Thompſon u. Lees, Rent. v. England. Lady Bruce, Priv. m. Fam. u. Forhes, Priv.
80 1162 1424 1206 v. Schottland. Stengel, Kfm. m. Fam. v. Leipzig. Fr. Schubert, Priv. v. Hamburg.
81 1202 1424 1247 Rübenach, Kfm. v. Frankfurt. Fr. Bar. Kles v. Sterzing. Stobeaus, Bürgermſtr.
80 1243 1423 1286 m. Gatt. v. Lindau, v. Görm, Rittergutsbeſ. v. Wallbruck. Bacinlerrot, Propr.
82 1284 1424 1330 m. Gatt, v. Chaux de Fonds. Dorm, Fabr. v. Frankfurt. Reuter, Bez⸗Ger.⸗Aff.
81 1326 1424 1371 v. Würzburg Herz, Staatsanwalt v. München. Rabe, kaiſ. Rath u. Spitzer, Kfm.
82 1367 1423 1411 v. Wien. Hulcheſen, Rent. v. London. Pentels. Priv. v. Brüſſel. Graul, Fabr.
81 1407 1423 1452 v Aſch. Redlich. Fabr. v. Brünn. Hirſch, Kfm. v. Linz. Freyberg, Kfm. v.
82 1449 1423 1494 Würzburg. Edler v. Schüttelsberg, Gutsbeſ. v. Nebrenitz. Willoughby u. Boulger,
80 1489 1422 1534 Partik. v. England. Ratzenbeck, Med.⸗Dr. v. Prag. Duna, Stud. v. Amerika.
82 1530 1422 1576 Theilheimer, Kfm. v. Nördlingen. Francke, Landwirth m. Gatt. v. Dresden. Schleicher,
80 1572 1422 1618 Kfm. v. Linz. Straßberger, Bürger v. München. Embacher, Priv. v. Schwoich.
81 1612 1421 1658 Rößler Künſtler m. Vater v. Joſefſtadt Mauracher, Prieſter v. Unterinnthal.
81 1654 1421 1696 Hechenblaickner, Lehrer v. Wildſchönau. Baron v. Hunolſtein, General m. Fam. v.
82 1693 1421 1741 München Graf Sprinzenſtein m. Fam. v. Horehutz. Schuſuth, Priv. v. Biberich.
80 1733 1423 1782 Rieſinger, Med.⸗Dr. v. Wien Baroneſſe v. Oberkirch v. Regensburg. Chauvier,
81 1775 1421 1823 Priv. m. Gatt. v. Paris Tiedemann, Ober⸗Ger⸗Sekr. v. Glückſtadt. Dimitrovich,
82 1816 1421 1863 Priv. v. Spalato. Hoffmann, Buchhändler m. Gatt. v. Leipzig. Stegner, Kfm. v.
81 1858 1421 1904 Brünn. Manhart, Agent v. Wien. Baur, Beamter m. Gatt. v. Stuttgart. Miller,
80 1898 1419 1946 Bildhauer u. Seitz, Maler v. München. Rechenmacher, Priv. v. Meran. Prinſer,
81 1939 1378 1987 Priv. v. Bozen. Schwarz, Seilermſtr. v. Klauſen. Teuchler, Kfm. v. Puſterthal.
317 1996 1176 2040 Marktpreiſe zu Innsbruck am 2. Juli 1864.
81 2018 748 2071 Weizen . . . 2 fl. 98 kr. — 3 fl. 20 kr.
77 2058 742 2108 Roggen . . . 1 fl. 82 kr. — 2 fl. 10 kr.
78 2097 743 2152 Türken . . . 1 fl. 82 kr. — 1 fl. 96 kr.
78 2136 742 2195 Gerste . . . 1 fl 80 kr. — 2 fl. 6 kr.
756 2021 1418 2075 Daker . . 1 fl. 46 kr. 1 fl. 64 kr.
756 2078 1416 2113 Erbſen . . 2 fl. 58 kr. 3 fl. 20 kr.
757 2120 1416 2156 Fiſolen . . 2 fl. 32 kr. 3 fl. — kr.
757 2160 1416 2197 Schmalz 1 Ztr. 54 fl. — kr. 57 fl. — kr.
