3168 4829
2523 105 2894 156 Nr. 148. Seite v.
209 113 748 165 Samstag den 1. Juli 1911.
1268 111 1831 165 ###
1106 206 2010 261 welcher über nach### beraten
1107 251 2011 306 und ###. Tei###rage, Grund⸗
1107 297 2011 350 ###ung ###ch die k. k. Tabakfabrik, Ge⸗
1106 342 2010 395 werbeangslegenheiten, Wahl von Rechnungs⸗
1108 384 2011 441 prüfern für die Gemeinderchnungen 1910, Ge⸗
219 218 1075 271 (Postbotenfahrt Innsbruck—Lans—
175 256 1075 314 Sistrans.) Vom 1. Juli an wird die bisher in
175 309 1074 359 der Zeit vom 16. Juni bis 15. September
175 352 1074 404 jeden Jahres von Lans ausgegangene nach⸗
176 398 1075 449 mittägige Botenfahrt nach Innsbruck 2 behufs
176 443 1076 493 entsprechender Ableitung der Postsendungen vom
176 486 1077 537 Postamte Sistrans ihren Ausgangspunkt in Si⸗
175 529 1075 580 strans nehmen und mit folgender Kursordnung
177 576 1075 623 verkehren: Sistrans ab 3 Uhr 20 nachm., Lans
177 619 1074 670 ab 3 Uhr 35 nachm., Igls ab 4 Uhr nachm.,
177 664 1075 712 Innsbruck 2 an 5 Uhr nachm.; Innsbruck 2
178 709 1074 758 ab 5 Uhr 15 nachm., Igls ab 6 Uhr 35 abends,
176 751 1075 801 Lans ab 7 Uhr abends, Sistrans an 7 Uhr 15
178 802 306 837 abends.
223 841 1076 891 (Berlin—Innsbruck.) Ein bezeichnendes
179 886 1076 934 Urteil über unsere schlechten internationalen
179 928 1076 979 Bahnverbindungen lesen wir in der „Vossi⸗
178 974 1078 1022 schen Zeitung.“ Das Blatt schreibt: „Jetzt ist
177 1017 1076 1065 die Zeit, wo der Gymnasiastenvater und der
179 1063 1076 1112 müde Oberlehrer den Fahrplan zur Hand
178 1107 1077 1156 nimmt, um den Zug herauszufinden, mit dem
179 1151 1074 1202 es nach Tirol zur Ferienwanderung gehen soll.
177 1194 1076 1245 Mit Freude entdeckt er einen schönen Schnellzug
178 1240 1076 1287 mit dritter Klasse nach München, der morgens
180 1284 1077 1333 7 Uhr 15 Min., also noch zu menschlicher
178 1328 1077 1377 Stunde, den Anhalter Bahnhof verläßt und
179 1373 1074 1421 um 6 Uhr 18 Min. abends in München landet.
180 1418 1078 1467 Dieser Prachtzug muß doch eine unmittelbare
179 1463 1078 1509 Fortsetzung nach Innsbruck und dem Brenner
180 1507 1078 1553 haben? Aber da will der Fahrplan keine rechte
181 1550 1078 1599 Auskunft mehr geben. Er verzeichnet erst um
181 1595 1079 1642 11 Uhr nachts einen Anschluß, der in Inns⸗
179 1638 1077 1687 bruck in der unmenschlichen Zeit zwischen 2
180 1682 1078 1731 und 3 Uhr morgens ankommt. Ein Luxus⸗
180 1727 1079 1776 zug mit bloß erster Klasse und hoher Extra⸗
181 1773 1078 1821 gebühr, der nicht einmal jeden Tag fährt, kommt
178 1817 1079 1864 prinzipiell nicht in Betracht; er paßt nicht
181 1861 1079 1910 zu Rucksack und Nagelschuhen. Ein ausge⸗
180 1905 1079 1953 zeichneter Zug ist gerade eine halbe Stunde
181 1950 1080 1999 vor Ankunft des Berliner Zuges von München
180 1994 1077 2043 nach dem Süden abgegangen; wie ungeschickt,
182 2037 1079 2088 daß er nicht ein wenig warten konnte: er
182 2083 1080 2129 hätte mich um 10 Uhr abends nach Innsbruck
182 2125 1079 2175 und noch vor Mitternacht auf den Brenner ge⸗
182 2170 1080 2219 bracht. Vergebens ist alles Suchen nach einem
183 2215 1080 2264 Ausweg; ich muß in München bleiben, im
183 2259 1080 2309 Hotel übernachten, am nächsten Morgen weiter⸗
182 2305 1079 2353 fahren und hiermit einen kostbaren Ferientag
183 2348 1080 2398 samt allerlei Verpflegungskosten verlieren. Was
184 2392 1081 2441 soll das für Sinn haben? Und nun geht mir
182 2437 1079 2485 langsam ein Licht auf: München liebt mich,
182 2481 1081 2530 die Stadt München will mich durchaus über
184 2524 1081 2575 Nacht beherbergen, die Fahrplankünstler in der
183 2570 1079 2619 Münchener Eisenbahn=Direktion wollen mich
185 2608 1082 2664 schlechterdings ohne einen Trunk im Hofbräu⸗
185 2659 1081 2709 haus nicht in die Alpen ziehen lassen. Ich
184 2704 1081 2753 bin gerührt — und empört. Zu solchem Lokal⸗
184 2750 1082 2798 zwang gibt sich eine kgl. preußische Eisenbahn⸗
184 2793 1082 2842 direktion her? Und die sächsischen Eisenbahnen
185 2835 1081 2886 tun geduldig mit, ohne die Interessen ihrer
183 2882 1081 2931 ferienbedürftigen Bürger in München zu Gehör
185 2927 1081 2977 zu bringen? Könnte nicht auch der Berliner Zug
186 2972 1083 3020 um eine halbe Stunde früher nach München
186 3016 1082 3066 gebracht werden? Man kann wahrhastig nicht
185 3060 1084 3108 sagen, daß die Rücksicht auf Bayern in Berlin
185 3106 1083 3154 zu wenig geübt werde: Scherz bei Seite: es
185 3149 1083 3197 ist ein schwerer Übelstand, daß man von Ber⸗
185 3193 1082 3244 lin nicht mit einem Tagzug dritter Klasse bis
185 3237 1084 3289 nach Innsbruck fahren kann. Das Umgekehrte
186 3282 1084 3331 ist ermöglicht: von Innsbruck kann man um
187 3327 1084 3377 7 Uhr morgens fortfahren und noch am selben
186 3371 1082 3422 Tage kurz vor 12 Uhr in Berlin ankommen;
186 3415 1085 3466 da ist eben die Berechnung Münchens auf das
186 3459 1082 3512 Zwangsnachtlager der Reisenden ausgeschlossen.
187 3504 1084 3552 Die königl. preußische Eisenbahndirektion würde
187 3547 1084 3598 sich bei vielen geistigen Arbeitern Tank ver⸗
187 3592 1086 3645 dienen, wenn sie den Versuch, ihren Tages⸗
187 3636 1085 3686 schnellzug über München hinaus nach Inns⸗
187 3682 1085 3733 bruck fortzusetzen, so lange bei der königl.-
187 3726 1084 3775 bayerischen Eisenbahndirektion vorbrächte, bis er
187 3770 1083 3820 durchdringt. Spricht für ihn doch die Vernunft,
187 3814 1086 3864 die sonstige Bahngepflogenheit, die National=
187 3856 1085 3908 Okonomie weitblickenderer Art und die Mensch⸗
188 3906 341 3948 lichkeit!“
233 3947 1085 4000 (Grubenfahrten am Haller Salz⸗
186 3992 1086 4044 berg.) Im Monat Juli können Fremde an
188 4035 1084 4088 nachfolgenden Tagen das Bergwerk befahren:
186 4081 1086 4131 Vom 3. bis einschließlich 6., vom 10. bis ein⸗
188 4125 1084 4176 schließlich 13., vom 17. bis einschließlich 20.,
187 4172 1083 4220 vom 24. bis einschließlich 27. und am 31.
189 4215 1087 4266 Fahrgeld ohne Beleuchtung für eine Person
179 4258 1086 4309 2 Kronen, jede weitere Person 1 Krone; mit
189 4305 1086 4354 Beleuchtung für die erste Person 4 Kronen,
189 4349 867 4398 für jede weitere Person 2 Kronen.
235 4392 1087 4444 (Der Schwazer Stadtgemeindeaus⸗
192 4437 1088 4488 schuß) hält am 4. Juli eine Sitzung ab, in
1108 438 2007 493 such um Nachlaß der Hydrantengebühr, bezie⸗
1109 483 2005 540 hungsweise Wasserzins, Holzschlagungsgesuche,
1109 521 2007 579 Umänderungen im Magistratsgebäude, Straßen⸗
1110 573 2007 622 angelegenheiten, Gesuche um Befreiung vom
1106 616 2009 667 Schulgelde, Aufnahmen in den Heimatsverband
1109 664 1621 714 und Armenangelegenheiten.
1152 714 2006 764 (Gemeinde = Vorstehungswahl.) In
1107 757 2004 809 Walchsee wurde am 29. Juni die Wahl der
1106 803 2006 855 Gemeindevorstehung vorgenommen. Gewählt
1108 848 2005 898 wurden: Johann Gündler, Gutsbesitzer zu
1108 890 2003 942 Kleinmosen, als Vorsteher; Johann Rotter,
1108 937 2003 986 Schulleiter, als erster und Johann Buchauer,
1109 978 1861 1030 Wetzenbauer, als zweiter Gemeinderat.
1154 1033 2006 1084 (Aus Ötz) wird uns geschrieben: Die dies⸗
1109 1079 2007 1128 jährige Fremdensaison verspricht nach der Zahl
1110 1124 2009 1173 der gegenwärtig schon anwesenden Gäste und
1111 1168 2009 1217 nach den Wohnungsbestellungen eine recht zu⸗
1111 1212 2007 1262 friedenstellende zu werden. Viele der alten viel⸗
1111 1257 2007 1307 jährigen Gäste sind schon angekommen. Exzellenz
1111 1302 2007 1349 Staatssekretär Dr. Künstel aus Berlin kommt
1111 1347 2008 1395 heuer das 36. Mal wieder nach Ötz. Es dürfte
1112 1392 2008 1439 wirklich kaum eine Sommerfrische in Tirol
1112 1437 2008 1483 geben, welche so viele alte, alljährlich wieder⸗
1112 1480 2008 1529 kehrende Besucher aufweisen kann wie Ötz. Der
1111 1525 2007 1574 rührige Verschönerungsverein baut heuer eine
1113 1570 2007 1618 neue Brücke über die Ötztalerache, an einer
1110 1613 2008 1663 Stelle bei den Achstürzen, die eine schöne land⸗
1113 1659 2009 1706 schaftliche Szenerie bilden. Die feierliche Er⸗
1113 1703 2006 1752 öffnung ist für Sonntag den 16. Juli geplant.
1153 1757 2007 1808 (Heimatschutz.) Aus Ötz wird uns ge⸗
1114 1803 2007 1852 schrieben: Das große alte Bauernhaus neben
1113 1848 2007 1896 dem alten, durch seine schönen, voriges Jahr
1113 1890 2009 1938 restaurierten Freskengemälde berühmte Gasthaus
1111 1936 2008 1983 zum „Stern“, dessen Haustüre die Jahres⸗
1112 1979 2008 2027 zahl 1618 trägt und einen der schönsten Dach⸗
1114 2022 2010 2071 stühle mit Ziergiebel aufweist, sollte heuer re⸗
1115 2069 2009 2115 noriert und der Dachstuhl durch einen neuen,
1114 2111 2011 2157 unschönen, wie auch vom konstruktiven Stand⸗
1115 2157 2006 2206 punkte aus schlechten Dachstuhl ersetzt werden.
1113 2201 2010 2250 Den Bemühungen verschiedener Freunde alt⸗
1114 2246 2009 2295 tirolischer Bauweise ist es nun endlich gelun⸗
1114 2291 2011 2339 gen, die Besitzerin von ihrem Plane abzubrin⸗
1115 2336 2010 2385 gen und so das schöne alte Baudenkmal zu
1115 2384 1264 2424 erhalten.
1161 2423 2012 2470 (Tierquälerei.) Aus Landeck schreibt man
1115 2467 2010 2516 uns: Die hiesige Bezirkshauptmannschaft hat
1114 2512 2010 2560 zwei Fuhrknechte in Landeck wegen Tierquälerei
1115 2553 2011 2605 zu je 30 Kronen Geldstrafe zu Gunsten des Ar⸗
1115 2601 2011 2647 menfondes in Landeck verurteilt, weil die
1115 2646 2010 2694 selben mit einem zu schwer beladenen Lasten⸗
1116 2694 1557 2738 fuhrwerr gefahren sind.
1163 2743 2012 2796 (Keine zweite Druckerei in Landeck.)
1118 2788 2014 2836 Das Ansuchen der Christlichsozialen auf Er⸗
1118 2832 2011 2880 richtung einer zweiten Druckerei ist laut „T.
1118 2876 2015 2927 L.“ vom Handelsministerium definitiv abge⸗
1118 2926 1368 2966 lehnt worden.
1161 2966 2012 3015 (Radfahrerunfälle.) Aus Reutte wird
1116 3012 2013 3059 uns unterm 29. Juni berichtet: Am vergan⸗
1117 3055 2014 3104 genen Sonntag hatte der hiesige Bezirkssekretär
1116 3097 2013 3149 Herr Michael Waller das Unglück, in Pflach vom
1116 3144 2013 3192 Rade zu stürzen, wobei er sich den rechten
1117 3189 2013 3236 Unterschenkel brach. Er mußte mittels Fuhrwerk
1117 3233 2015 3281 nach Hause gebracht werden. Nunmehr beim Zu⸗
1117 3277 2014 3325 rücktreten der Geschwulst stellte sich heraus, daß
1118 3319 2014 3370 der Beinbruch sehr kompliziert ist, sodaß Herr
1118 3365 2015 3414 Waller heute in das Spital nach Kempten
1118 3410 2015 3457 überführt werden mußte. — Der Kooperator
1117 3454 2015 3504 Rupert Schilling von Antholz fuhr neulich mit
1118 3499 2012 3548 dem Rade durchs Oberlangerried gegen Bruneck.
1118 3543 2015 3592 Hiebei stürzte er infolge des holperigen Weges
1117 3587 2015 3636 vom Rade, erlitt eine Verrenkung des Armes
1118 3630 2014 3681 und blieb einige Zeit bewußtlos liegen. Leute,
1119 3676 2014 3724 die ihn auffanden, brachten ihn nach Percha,
1118 3718 2012 3767 wo ihm die erste ärztliche Hilfe zuteil wurde.
1183 3762 2015 3813 (In der Fremde plötzlich gestor⸗
1117 3809 2016 3858 ben.) Dieser Tage ist auf dem Kapuzinerplatze
1118 3854 2014 3901 zu Bruneck ein 58jähriger Handwerksbursche aus
1119 3896 2015 3948 Klagenfurt plötzlich an Herzschlag gestorben. Aus
1119 3940 2017 3991 einem Dokumente ging hervor, daß er tags⸗
1118 3987 2012 4033 zuvor aus dem Arreste entlassen worden war.
1163 4037 2013 4088 (Telephon durch das Tauferertal.)
1121 4081 2014 4130 Aus Sand in Taufers, 30. Juni schreibt man
1118 4127 2014 4176 uns: Gestern nachmittag fand hier im Ho⸗
1117 4171 2012 4220 tel „Post“ eine Interessentenversammlung statt,
1120 4216 2014 4266 um die langjährige Frage des Telephonbaues
1118 4259 2014 4310 Brunick—Sand eingehend zu erörtern. Dabei re⸗
1119 4304 2014 4354 ferierten die Herren Dr. Hans Leiter, Bürger⸗
1120 4348 2015 4397 meister von Bruneck, k. k. Postkommissär Pircher
1118 4391 2014 4446 son Innsbruck und Josef Jungmann, Gemeinde⸗
1118 4437 2015 4486 vorsteher hier, über den Stand der Angelegen⸗
2038 211 2938 262 heit, die Stellung der Interessenten zur Telephon⸗
2039 256 2937 306 frage und die Beitragsleistung des Postärars. Von
2038 299 2936 351 den Interessenten ist eine Beitragsleistung von
2042 344 2936 395 1680 Kronen zu gewähren. Da bei dieser Ver⸗
2039 390 2936 439 sammlung seitens der Marktgemeinde Bruneck
2039 434 2937 482 ein Beitrag von 500 Kronen, seitens der Gemeinde
2042 479 2937 528 Sand ebenfalls 500 Kronen in Aussicht gestellt
2038 523 2946 572 wurde und die Beitragsleistung der Privatinter⸗
2040 567 2934 615 essenten mehr als 680 Kronen ergeben dürfte,
2035 611 2934 663 ist das Telephon durch das Tauferertal gesichert.
2039 655 2935 706 Freilich wurde allseits die Bedingung aufgestellt,
2040 699 2936 750 daß gleichzeitig auch die Hauptleitung durch das
2040 744 2938 794 Pustertal, vor allem Bruneck-Brixen, verwirklicht
2039 793 2147 829 werde.
2083 842 2937 894 (Straßensperre.) Wegen Pflasterung der
2040 886 2937 937 Stadelgasse in Brixen, km 82 738/958 der Ita⸗
2040 931 2938 980 liener Reichsstraße, bleibt diese Strecke von
2041 976 2939 1026 Samstag den 1. d. M. bis einschließlich Sams⸗
2041 1019 2939 1070 tag den 29. v. M. für Fahrzeuge jeder Art
2039 1063 2935 1115 vollkommen gesperrt. Während dieser Sperrung
2033 1105 2938 1163 ist für den Verkehr in der Richtung Franzens⸗
2041 1148 2939 1202 feste oder Bruneck—Bozen bezw. Bozen—Fran⸗
2040 1198 2938 1248 zensfeste oder Bruneck als kürzeste, günstige
2040 1242 2938 1292 Durchfahrtsstrecke in Brixen die Altmarktgasse
2041 1289 2665 1336 und Grabenstraße zu empfehlen.
2087 1340 2940 1389 (Schulschluß in Bozen.) Die Unter⸗
2042 1387 2940 1436 richtsbehörde hat ihre Verfügung betreffs Ver⸗
2033 1432 2939 1480 längerung des Schuljahres bis zum 9. Juli in
2042 1476 2939 1525 letzter Stunde zurückgezogen. Das Schuljahr
2042 1520 2940 1567 wurde am Peter und Paulsfeste mit der Ver⸗
2042 1564 2941 1613 teilung der Schulzeugnisse und dem Dankgottes⸗
2044 1608 2942 1657 dienste geschlossen. Das neue Schuljahr beginnt
2043 1653 2941 1701 dafür um 8 Tage früher, und zwar am 1. Sep⸗
2043 1702 2167 1735 tember.
2088 1749 2941 1797 (Die Bozner Handels= und Gewer⸗
2043 1794 2939 1844 bekammer) hielt am 27. v. M. nachmittag
2035 1838 2941 1887 unter dem Vorsitz des Kammerpräsidenten Kersch⸗
2045 1884 2942 1931 baumer eine Sitzung ab. Hiebei wurde an Stelle
2037 1928 2944 1976 des verstorbenen Dr. Christomannos der Vize⸗
2040 1973 2942 2022 präsident der Kammer Dr. Forcher=Mayr
2041 2018 2939 2067 zum Landtagsabgeordneten gewählt.
2045 2061 2941 2111 Weiter wurde mitgeteilt, daß im Staatseisen⸗
2044 2107 2944 2156 bahnrate für Dr. Christomannos der bisherige
2046 2151 2943 2203 Ersatzmann Franz Rottensteiner statutengemäß
2045 2195 2942 2244 dessen Stelle einnimmt; Herr Vizepräsident
2045 2240 2942 2289 Forcher=Mayr wird als sein Stellvertreter fun⸗
2045 2283 2943 2333 gieren. Die Organisation des Handels des Kam⸗
2046 2327 2942 2377 merbezirkes hat durch die unlängst erfolgte Kon⸗
2046 2373 2944 2421 stitnierung der Genossenschaft der Weinhändler
2046 2415 2944 2465 einen erfreulichen Ausbau erfahren. Der Klub
2045 2460 2945 2508 der Weinhändler Deutsch=Südtirols, über dessen
2046 2505 2944 2554 Anregung die genossenschaftliche Organisation
2044 2550 2944 2598 erfolgte, wird sich infolge dessen demnächst auf⸗
2046 2591 2945 2642 lösen. In die Kommission für die heurigen
2047 2637 2944 2686 Kammerergänzungswahlen wurden die Herren
2046 2681 2944 2729 Forcher=Mayr, Told, Alois Oberrauch und Vi⸗
2045 2727 2940 2773 eider entsendet. Dem vom Kammersekretär Dr.
2046 2771 2943 2818 v. Walther erstatteten Berichte betreffend das
2046 2816 2944 2864 Gutachten zur Reform des Baugewerbes wurde
2046 2860 2945 2908 zugestimmt, die in dem Referate enthaltenen
2047 2904 2943 2953 Anträge wurden angenommen. Der Gehilfen⸗
2048 2949 2945 2997 ausschuß von Bozen und Gries hat an den
2045 2992 2944 3041 Magistrat eine Eingabe gerichtet um Einfüh⸗
2047 3037 2945 3086 rung der 7 Uhr=Ladensperre in allen Geschäf⸗
2048 3081 2943 3129 ten. Die Kammer ist um ein diesbezügliches
2046 3125 2943 3175 Gutachten ersucht worden. Dieses geht dahin,
2037 3169 2944 3223 daß die derzeitigen Zustände auch weiterhin zu
2048 3214 2944 3264 verbleiben haben, die Kammer ist mit Bezug
2048 3260 2944 3307 auf die bestehenden Vorschriften über den La⸗
2048 3302 2944 3354 denschluß nicht in der Lage, das Ansuchen des
2047 3348 2944 3397 Gehilfenausschusses zu befürworten. Der gewerb⸗
2048 3393 2945 3440 lichen Fortbildungsschule in Lana wurde eine
2047 3435 2944 3485 Subvention von 200 Kronen bewilligt. Kam⸗
2048 3482 2945 3531 mersekretär kais. Rat Dr. Siegl referierte über
2048 3523 2945 3576 das Wesen der neuen Wehrreform, Das Prä⸗
2049 3568 2946 3619 sidium wurde ermächtigt, mit anderen Kam⸗
2047 3613 2946 3665 mern zu dem Entwurfe des neuen Wehrge⸗
2049 3663 2568 3709 setzes Stellung zu nehmen.
2096 3721 2949 3773 (Der Kaufmännische Verein Bo⸗
2048 3766 2947 3819 zen) hielt dieser Tage seine 31. ordentliche
2037 3809 2948 3860 (Generalversammlung ab. Schriftführer Laska er⸗
2047 3855 2947 3907 stattete den Tätigkeitsbericht. Der Mitglieder⸗
2048 3898 2945 3950 stand beträgt 326, die Bibliothek zählt 2268
2048 3944 2946 3992 Bände. Kassier Herr Giardini berichtete über
2049 3988 2948 4039 die Kassagebarung; dieselbe schließt mit einem
2050 4032 2948 4080 Saldo von 1022 Kronen ab. Die Mitglieds⸗
2049 4075 2946 4128 beiträge wurden für Chefs mit 20 Kronen,
2048 4120 2947 4172 für außerordentliche Mitglieder mit 16 Kronen
2050 4165 2948 4216 und für Angestellte mit 8 Kronen festgesetzt. Die
2050 4210 2946 4262 Vorstehung wurde wie folgt zusammengesetzt:
2050 4254 2949 4302 Obmann: Direktor J. E. Dieffenbach; Stell⸗
2050 4299 2946 4349 vertreter: Franz Rottensteiner (neu); Beisitzer:
2038 4343 2946 4397 Franz Bayer, Albin Castellani, Mois Coletti,
2045 4388 2946 4443 Franz Eckl, Franz Engele, Oswald Gasteiger
2051 4431 2946 4484 (neu), Guido Giardini, Hans Gostner, Ludwig
