3488 5345
184 169 371 204 Nr. 11085
968 155 1245 201 Wien, Samstag
1486 155 2063 201 Neue Freie Presse.
142 228 1166 277 vorbehalten und er außerdem vom Ausschusse ermächtigt, seine
142 267 1166 316 über die Post für Cilli von der Ansicht der Majorität des Aus¬
142 306 1166 356 schusses abweichende Meinung im Hause zum Ausdrucke zu
143 345 1167 395 bringen und den Mitgliedern jener Mehrheit, eventuell dem Ge¬
143 384 1166 433 neral=Berichterstatter die Vertheidigung ihres Beschlusses zu über¬
143 422 1168 472 lassen. Unter den in dieser Sitzung des Ausschusses zur Berathung
142 461 1168 512 gelangten Petitionen befand sich auch eine vom Abg. Dr. Exner
143 494 1167 547 überreichte Petition der Gabriele Baronin Possa¬
142 538 1167 587 ner, Doctor der gesammten Heilkunde und praktischer Arzt in
142 577 1168 627 der Schweiz, um Einflußnahme, daß ihr die Ausübung der
143 615 1166 671 ärztlichen Praxis in Oesterreich gestattet werde. Referent
142 654 1168 703 Dr. Beer stellt den Antrag, diese Petition der Regierung zur
145 692 1167 747 eingehendsten Erwägung und zur Berücksichtigung zuzuweisen,
145 730 1169 782 jedenfalls aber auch diese Gelegenheit zu benützen, um über die
146 769 1170 820 Frage der Zulassung der Frauen zur Ausübung der ärztlichen
145 808 1161 858 Praxis eine principielle Entscheidung zu treffen. — Abg. Dr
147 846 1170 898 Exner unterstützt den Antrag des Referenten unter dem Hinweise
146 886 1169 935 darauf, daß die Verwendung von weiblichen Aerzten in Frauen¬
145 924 1171 974 hospitälern, aber insbesondere in höheren Töchterschulen und In¬
144 962 1171 1012 stituten für Mädchen=Erziehung gewiß in hohem Grade empfehlens¬
148 1002 1171 1051 werth wäre. Der Antrag des Referenten wird sodann angenommen.
222 1040 1171 1089 Berichterstatter Dr. Beer erstattet gleichzeitig Bericht über
146 1079 1173 1130 eine große Anzahl von Petitionen, welche die Zulassung
146 1118 1172 1167 von Frauen zu medicinischen Studien und
147 1156 1174 1207 überhaupt zu Universitäts=Studien fordern. Er
148 1194 1174 1245 bemerkt, daß er bereits vor mehr als 20 Jahren im Ministerium
148 1233 1174 1283 für Cultus und Unterricht darauf hingearbeitet habe, in Oester¬
148 1272 1176 1323 reich eine Anzahl höherer Mädchenschulen zu begründen. Leider
149 1312 1175 1361 sei in dieser Angelegenheit nichts geschehen, während in den Nach¬
150 1350 1176 1399 barländern für die Fortbildung der Mädchen eine große Anzahl
150 1389 1175 1438 höherer Lehranstalten von Seite des Staates errichtet werde. Be¬
152 1427 1177 1475 sonders für die Beamtentöchter wäre es eine absolute Nothwendig¬
151 1466 1178 1516 keit, nicht Alles den Privatlehranstalten zu überlasten, um die
152 1505 1178 1556 Möglichkeit zu schaffen, daß dieselben namentlich in den fremden
153 1544 1177 1593 Sprachen sich ausbilden, um sodann als Gouvernanten oder auch
151 1583 1179 1632 an höheren Mädchenschulen verwendet zu werden. Nicht minder
153 1621 1179 1672 aber sei es bei der großen Anzahl von Petitionen aus allen
154 1658 1179 1709 Theilen des Reiches absolut nothwendig, daß von Seite der Re¬
152 1697 1180 1749 gierung in Bezug auf die Zulassung der Frauen zu den medici¬
153 1736 1180 1787 nischen Studien endgiltig Stellung genommen werde, nachdem in
154 1774 1182 1826 einigen Theilen des Reiches sogenannte gymnasiale Mädchenschulen
154 1813 1180 1864 bestehen. Bereits vor Jahren habe der Referent einen Antrag ge¬
154 1852 1180 1903 stellt, von den medicinischen Facultäten Gutachten abzufordern.
154 1891 1183 1942 Er erneuert diese Resolution und fordert gleichzeitig, daß die Re¬
155 1930 1183 1981 gierung aufgefordert werde, diese Gutachten mit thunlichster Be¬
153 1969 1181 2020 schleunigung zur Kenntniß des Abgeordnetenhauses zu bringen,
155 2008 1179 2058 um sodann eine definitive Beschlußfassung desselben zu ermöglichen.
232 2080 1185 2130 Wien, 5. Juli. (Kundgebungen.) Der Deutsch=poli¬
156 2119 1185 2168 tische Verein für Haida und Umgebung hat in seiner Versamm¬
157 2158 1185 2208 lung vom 1. Juli 1895 den Beschluß gefaßt, dem Vorstande der
156 2196 1187 2246 Vereinigten Linken seine Ueberzeugung dahin auszusprechen, daß
158 2235 1186 2282 der Verein den Austritt der deutsch=liberalen Partei aus der
160 2273 1186 2323 Coalition als eine unabweisbare Folge der Thatsache anerkennt,
159 2312 1187 2362 daß die Partei durch die ihr in der Coalition auferlegte Ent¬
160 2351 1187 2401 haltung von nationalen Bestrebungen einen Angriff auf den
162 2389 1190 2438 deutschen Besitzstand von der Tragweite der Einstellung der Post
161 2428 1188 2478 Cilli in das Budget nicht zu verhindern vermochte, und der Er¬
159 2467 1188 2517 wartung Ausdruck zu geben, daß die Partei nunmehr mit allem
160 2506 1189 2555 Nachdrucke den dringenden Aufgaben sich zuwenden wird, wie dies
161 2545 1189 2592 die anderen im Reichsrathe vertretenen Nationalitäten bereits mit
162 2589 624 2634 großem Erfolge gethan haben.
237 2621 1190 2670 Der Nationalverein in Tatschen a. d. Elbe richtete eine
161 2658 1187 2709 Kundgebung an Herrn v. Plener, welche das Bedauern über
161 2699 1190 2748 dessen Rücktritt und die Zuversicht ausspricht, Herr v. Plener
161 2738 1190 2787 werde die Parteiführung wieder übernehmen. Das Vertrauen des
163 2782 578 2825 Volkes bleibe ihm gewahrt.
251 2844 1192 2890 Wien, 5. Juli. (Delegirten=Versammlung des
164 2878 1190 2926 Deutsch=Oesterreichischen Lehrerbundes.) Im Zeichen¬
163 2913 1192 2959 saals des Wiener städtischen Pädagogiums fand kürzlich unter dem Vorsitze
165 2944 1192 2995 des Bundes=Präsidenten, Oberlehrers Katschinka, die diesjährige
163 2982 1191 3028 Delegirten=Versammlung des Deutsch=Oesterreichischen Lehrerbundes
165 3017 1192 3061 statt, welcher Delegirte der deutschen Lehrerschaft aus allen Theilen
165 3050 1192 3095 des Reiches beiwohnten. Bundes=Präsident Katschinka gab einen aus¬
165 3080 1191 3130 führlichen Bericht über die diesjährige Thätigkeit des Bundesaus¬
165 3120 1193 3164 schusses, der sich in erster Linie mit der Durchführung der von der
165 3150 1191 3200 Innsbrucker Hauptversammlung gefaßten Beschlüsse zu befassen hatte.
165 3188 1192 3234 Bezüglich des Rechtsschutzes des Lehrers als Amtsperson wurden an
166 3222 1193 3269 den Reichsrath, sowie an den gewesenen Justizminister Grafen
166 3254 1193 3303 Schönborn Eingaben gerichtet, welche auch den Erfolg hatten, daß in
166 3292 1193 3340 dem Strafgesetz=Entwurfe eine Bestimmung ausgenommen wurde,
165 3327 1192 3372 welche für die Gerichte nunmehr die jeden Zweifel ausschließende An¬
166 3361 1193 3407 erkennung des Lehrers als Amtsperson enthält. Auf Antrag des Vor¬
167 3393 1193 3441 sitzenden wurde dem Reichsraths=Abgeordneten Professor Dr.
167 3426 1194 3476 Marchet für sein energisches Eintreten in dieser Angelegenheit
168 3464 1194 3511 unter lebhaftem Beifalle der Dank der Lehrerschaft aus¬
1211 218 2250 264 gesprochen. Eine längere Besprechung widmete der Bundes=Präsident.
1211 253 2241 298 den Schulanträgen des Cardinals Dr. Kopp im schlesischen Land¬
1211 287 2241 333 tage und der in Folge dessen vom Bundesausschusse hinausgegebenen
1211 322 2241 367 Kundgebung; er gedachte hiebei der zielbewußten Haltung der
1212 352 2242 403 deutschen Collegen in Schlesien (allgemeiner stürmischer Beifall) und
1214 391 2242 437 kennzeichnete die reactionären Bestrebungen, wie sie in Steiermark,
1212 426 2242 470 Oberösterreich, Niederösterreich und in anderen Kronländern auf dem
1213 460 2243 506 Gebiete der Schule auftreten, sprach aber zugleich die Erwartung aus,
1214 494 2244 541 daß die deutsche Lehrerschaft in festem Zusammenschlusse die Kraft zur
1214 524 2243 574 Abwehr der drohenden Gefahr der Verkirchlichung der
1214 563 2243 609 Schule finden werde. (Lebhafter allgemeiner Beifall.) Nachdem
1215 598 2245 643 noch der Vorsitzende ein Bild der reichen Arbeitsthätigkeit des Bundes¬
1216 632 2244 677 ausschustes gegeben, wurde nach einem Referate des Lehrers Niemetz
1215 666 2245 713 (Linz) der Beschluß auf Herausgabe eines Bundesorgans einstimmig
1216 696 2246 747 angenommen. Als Ort für die nächste Hauptversammlung des Bundes
1215 735 2246 783 wurde Wien in Vorschlag gebracht und einstimmig angenommen. Die
1215 772 1963 815 Delegirten=Versammlung wurde sodann geschlossen.
1301 843 2248 888 Wien, 5. Juli. (Deutscher Schulverein.) In der Aus¬
1214 874 2247 924 schußsitzung am 2. Juli wurde der Mädchen=Ortsgruppe Lundenburg
1215 908 2248 958 für eine Akademie, der Ortsgruppe Mährisch=Chrostau und dem Fest¬
1216 947 2248 992 comité der beiden Ortsgruppen in Göding für Festveranstaltungen,
1216 981 2248 1027 und endlich Herrn Conrad Blaschka, Fabrikanten in Liebenau, für
1217 1010 2249 1061 eine Spende von 100 fl. zum Andenken an seine verstorbene Gemalin,
1218 1050 2250 1095 der Dank ausgesprochen. Hierauf wurde der Dank der Schulleitung
1220 1084 2251 1129 Etonißl für eine Bücherspende an die dort zu gründende Volks¬
1219 1118 2250 1164 bücherei, weiters der Bericht des Professors Dr. v. Kraus über seine
1219 1148 2249 1198 Reise nach Prag und jener des Dr. Wolffhardt über die Ortsgruppen¬
1218 1182 2251 1233 Versammlung in Hohenegg, sowie endlich der Bericht des Dr. Reisch
1220 1216 2252 1267 über seine Reise nach Königsberg in Schlesien und Mährisch=Ostrau
1220 1256 2252 1301 zur Kenntniß genommen. Weiters wurden Schulangelegenheiten von
1221 1290 2251 1336 Josephstadt, Königsfeld, Schreibendorf, Rampusch, Schöflein, Pickern¬
1222 1320 2250 1371 dorf, Ohmeleschen und Stankau berathen, für Deschnei eine Schulbau¬
1222 1359 2254 1405 Subvention bewilligt und für die Schule in Senftenberg die Sub¬
1222 1395 2253 1440 vention zur Erhaltung weiter gewährt. Nach Beschlußfassung über
1222 1429 2252 1473 eine Angelegenheit des Kindergartens in Theresienstadt gelangten An¬
1221 1458 2254 1509 gelegenheiten der Vereinsschulen iu Benetzko, Jahlonetz, Königsberg,
1222 1497 2253 1543 Maierle, Laibach, St. Egydi, Eisenberg und Freiberg, der Holz¬
1222 1531 2253 1577 industrieschule in Gottschee und der Vereins=Kindergärten in Eisenberg
1223 1573 1644 1612 und Laibach zur Erledigung.
1302 1635 2254 1684 Lemberg, 5. Juli. [Orig. - Telegr.] (Jubiläum
1224 1674 2253 1723 der Brzesker Union.) Anläßlich der Jubiläums=Feier der
1226 1712 2255 1762 Brzesker Union der griechisch=katholischen Kirche mit Rom wird
1226 1751 2252 1801 sich demnächst eine Deputation hervorragender Ruthenen nach
1226 1790 2253 1839 Rom begeben und dem Papste eine Denkschrift über die Eigenart
1228 1829 2253 1878 der ruthenischen Nationalität und deren Bedürfnisse überreichen.
1230 1868 2257 1918 Gleichzeitig soll der Papst gebeten werden, einen besonderen Re¬
1229 1909 2107 1957 präsentanten zur Unionsfeier nach Lemberg zu entsenden.
1262 1980 2258 2031 Triest, 4. Juli. [Orig.=Ber.] (Slovenische Partei¬
1230 2019 2257 2069 strömungen.) Die Feier des 25jährigen Bestandes des slo¬
1229 2057 2258 2107 venischen Parteiblattes Nasa Sloga wurde hier vor einigen Tagen
1230 2096 2258 2145 in ziemlich geräuschloser Weise gefeiert. Es bestand allerdings die
1232 2135 2258 2184 Absicht, bei dieser Gelegenheit einen Congreß der hervorragenden
1232 2173 2259 2222 Parteiführer der österreichischen und ungarischen Slaven zu ver¬
1233 2212 2258 2261 anstalten, indem man namentlich an die Jungczechen und die Slovenen
1232 2251 2259 2300 des Hohenwart=Clubs, sowie an die Croaten des Agramer Land¬
1231 2289 2258 2341 tages Einladungen gesendet hatte. Die diesbezüglichen Hoffnungen
1232 2328 2259 2378 gingen jedoch nicht in Erfüllung, indem nur die Abgeordneten
1233 2366 2258 2417 Lagiuja und Spincic, ferner die istrianischen Landtags¬
1232 2405 2260 2455 Abgeordneten Jenko, Kompare, die beiden Advocaten
1234 2444 2260 2494 Trinajstic, sowie der ehemalige Reichsraths= und Land¬
1233 2483 2261 2533 tags = Abgeordnete D. Vitezich und der Jungslovene
1235 2522 2260 2572 Johann Hribar aus Laibach erschienen waren. — Die
1235 2561 2261 2610 Festmesse, sowie die Versammlung und das Bankett
1235 2600 2261 2649 waren schwach besucht, indem viele der hier lebenden Slaven, ins¬
1235 2638 2261 2686 besondere der Advocat Dr. Prettner, fernblieben. Von poli¬
1234 2676 2262 2725 tischem Interesse waren nur die Erklärungen des Abg. Spincic
1236 2716 2262 2765 über die politische Lage in Wien, die er als gänzlich unklar
1235 2754 2262 2804 bezeichnete, nicht ohne die ausdrückliche Betonung, daß die unter
1235 2793 2263 2843 seiner Leitung stehende kleine parlamentarische Gruppe die engste
1236 2832 2263 2883 Fühlung mit den Jungezechen halte, und daß sie Lust hätte, im
1237 2871 2262 2921 Falle einer Wandlung im Regierungssysteme mit den andern
1235 2910 2262 2958 Slaven des Reiches in eine neue Majorität einzutreten. Diesem
1236 2948 2262 2998 Plane stimmte namentlich Hribar aus Laibach bei. Allein
1236 2987 2263 3037 Dr. Laginja sprach viel nüchterner über diese politischen
1235 3025 2264 3075 Zukunststräume, indem er jede Discussion über dieses
1236 3064 2264 3114 Thema als verfrüht und eher schädlich als nütz¬
1236 3103 2263 3153 lich für das Gelingen eines solchen Planes bezeichnete.
1237 3142 2265 3199 Der Verlauf der Festlichkeiten zeigte, daß unter den hiesigen
1237 3179 2265 3230 Croaten und Slovenen dermalen innere, meist auf persönlichen
1237 3218 2265 3269 Motiven basirende Gegensätze bestehen, welche ein einiges Vor¬
1238 3258 2265 3307 gehen nicht erwarten lassen und daß der Versuch, in den großen
1238 3297 2268 3348 Parteien der österreichisch=ungarischen Slaven für die Sache der
1238 3336 2267 3387 küstenländischen Croaten Propaganda zu machen, total mißglückt
1239 3375 2267 3423 ist, da weder die Dalmatiner Croaten noch die Görzer Slovenen
1238 3414 2268 3469 vertreten waren, ganz abgesehen davon, daß die Czechen und
1238 3453 2124 3503 transleithanischen Croaten dieses Fest gänzlich ignorirten.
2686 217 2914 268 Ausland.
2326 135 2558 203 6. Juli 1895
3139 135 3275 203 Seite 3
2370 284 3314 341 Wien, 5. Juli. (Zur Tagesgeschichte.) Aller
2287 329 3316 384 Wahrscheinlichkeit nach dürfte die französische Kammer
2288 371 3314 427 ihre gegenwärtige Session am 13. Juli schließen, da die
2288 414 3318 468 Generalraths wahlen bereits am 28. d. M. vorge¬
2289 457 3317 511 nommen werden und die 300 Deputirten, die zugleich General¬
2289 501 3318 555 räthe sind, zu Beginn der Wahlbewegung in ihren Departe¬
2290 543 3319 598 ments sein wollen. Fruchtbar ist die Session bis jetzt nicht
2290 587 3318 641 gewesen. Die beiden großen Reformentwürfe des Minister=
2290 629 3319 684 Präsidenten und Finanzministers Ribot, die Erbschaftssteuer
2291 673 3319 726 und die Getränkesteuer, sind zwischen Klippen gerathen, und
2291 716 3319 769 insbesondere die letztere Vorlage ist stark havarirt. Sie
2294 758 3321 814 bereitet denn auch Herrn Ribot arge Verlegenheiten und hat
2292 801 3321 856 ihm Dienstag sogar eine Schlappe in der Kammer einge¬
2293 844 3322 899 tragen. Am Tage zuvor nämlich lehnte die Kammer das
2294 888 3322 941 Gegenproject des Socialisten Vaillant auf Einführung eines
2294 931 3322 984 Spiritus=Monopols ab. Der Minister=Präsident hatte es
2294 973 3324 1028 bekämpft. Tags darauf tauchte der abgelehute Antrag in der
2295 1017 3322 1070 Form eines Alkohol=Rectifications=Monopols wieder auf und
2294 1059 3326 1114 gelangte trotz der Vorbehalte Ribot's und des Bericht¬
2297 1102 3326 1158 erstatters der Commission, Herrn Salis, zur Annahme. Salis,
2297 1145 3326 1199 der Vertreter des Weinlandes Hérault, erklärte hierauf, die
2297 1189 3324 1242 ganze langwierige Arbeit der Commission sei durch diesen
2297 1232 3325 1285 Kammerbeschluß vereitelt, und diese habe weiter nichts zu
2296 1274 3326 1329 thun, als ihr Amt niederzulegen. Er wolle seinen Collegen
2299 1317 3327 1372 mit dem Beispiele vorangehen. Der Präsident der Com¬
2301 1361 3327 1415 mission, Herr Rouvier, erbat für sie Bedenkzeit bis Donnerstag.
2298 1404 3327 1458 Mittlerweile haben sich gestern Commission und Regierung
2299 1448 3328 1501 trotz des Dienstagsvotums der Kammer, für Fortsetzung der
2299 1491 3329 1544 Berathung über die Getrünkesteuer=Reform entschieden.
2299 1533 3328 1588 Ribot fand, die Schlappe vom Dienstag sei zwar keine
2299 1576 3329 1631 politische, erklärte sich jedoch trotzdem bereit, daraus die
2301 1620 3329 1674 Consequenzen zu ziehen, wenn die Kammer es wünsche.
2301 1664 3330 1717 Diese reagirte darauf nicht und die Debatte wurde fortgesetzt.
2386 1714 3329 1767 Auch mit der Expedition in Madagascar
2301 1757 3331 1810 steht es nicht zum Besten trotz der für die Franzosen er¬
2302 1799 3329 1854 folgreichen Kämpfe, zuletzt bei Tsaraotra und Beritzoka,
2303 1843 3329 1897 über die aus dem Hauptquartier officiell berichtet wird. Der
2300 1886 3328 1940 wahre Feind sind nicht die Howas, deren schließliche völlige
2302 1930 3329 1983 Niederlage wol kaum zu bezweifeln ist; weit schlimmer sind
2302 1974 3330 2025 die klimatischen und die Terrainverhältnisse und, wenn man
2304 2016 3330 2068 den Blättern, insbesondere dem Journal des Débats, vollen
2304 2059 3330 2112 Glauben schenken darf, die französische Heeresverwaltung
2303 2102 3331 2155 selbst. Die Expeditions=Truppen sollten, so hatte man wenig¬
2304 2146 3332 2198 stens in Paris gehofft, schon am 10. Juli vor der Haupt¬
2303 2188 3333 2241 stadt Tananarivo stehen. Man glaubte, den ungesunden
2304 2230 3334 2283 Küstenstrich so rasch als möglich durchschneiden und
2304 2274 3334 2326 Suberbieville zur Operations=Basis für den ersten Theil des
2305 2318 3334 2370 Feldzuges machen zu können, allein diese Absicht konnte nicht
2305 2361 3335 2412 verwirklicht werden. In Folge dessen kam General Metzinger
2305 2404 3331 2455 mit der Avantgarde statt Mitte Mai erst Mitte Juni nach
2306 2448 3332 2499 Suberbieville, und das Gros der Expedition befindet sich
2307 2490 3333 2543 noch jetzt, 200 Kilometer von dem Hochplateau entfernt, in
2307 2534 3335 2585 dem sumpfigen, siebererzengenden Küstenstriche, wo die
2306 2576 3336 2627 Truppen stark leiden. Der Oberstcommandirende, General
2306 2619 3334 2671 Duchesne, selbst meldete in einer gestrigen Depesche, daß
2307 2662 3336 2714 jeder zehnte Mann des Expebitionscorps durch Krank¬
2307 2705 3335 2757 heiten kampfunfähig gemacht sei. Ueber die Schuld, welche
2309 2749 3337 2801 angeblich die Heeresverwaltung an dieser Verzögerung der
2306 2792 3335 2843 Operationen, beziehungsweise des Vormarsches treffen soll,
2308 2834 3337 2885 entnehmen wir dem Journal des Débats Nachfolgendes:
2308 2877 3336 2930 Als die Transportdampfer in den madagassischen Häfen ein¬
2308 2921 3336 2972 liefen, fehlte es an Landungsvorrichtungen, dann lagen die
2309 2964 3334 3016 Truppen wochenlang obdachlos, jeder Schutzvorrichtung gegen
2309 3007 3339 3058 die brennende Sonne bar, zwischen verderbenden Proviant¬
2309 3050 3338 3103 massen und wüst zusammengewürfeltem Kriegsmaterial jeder
2310 3093 3337 3144 Art am Strande; die Transportmittel fehlten, die für den
2309 3135 3338 3189 Zug die Flüsse hinauf bestimmten Schaluppen und Kanonen¬
2311 3180 3340 3231 boote fehlten oder waren nicht feldmäßig ausgerüstet.
2311 3223 3339 3274 Schließlich mußte der Oberbefehlshaber einen Theil seines
2311 3266 3340 3317 Operationsplanes aufgeben, und anstatt den Fluß hinauf¬
2311 3308 3337 3361 zugehen, seine schon zu zwei Dritteln kranken Truppen durch
2313 3352 3341 3403 die sumpfige Ebene vordringen lassen. „Der Madagascar¬
2314 3396 3341 3448 Feldzug," so schließt der Bericht des genannten Blattes, „ist
2313 3438 3339 3491 eine Kriegsfahrt der Aerzte und Ingenieure. Wir aber
168 3553 1195 3607 findet, er entdeckt, er baut Maschinen; ihre Phantasie hat
170 3597 1195 3650 die Flügel verloren; vom Verstand verachtet, weil sie so
169 3640 1196 3694 jugendlich zwecklos träumt, hockt sie in der Ecke. . . . Ja,
170 3680 1197 3736 deine Zeit ist um! Du bist Alles geworden, Menschen¬
171 3725 1197 3778 geschlecht, was du werden konntest: das ist deines
170 3768 1196 3822 Räthsels Lösung. Aus der Thierheit, aus dem Affenthum
173 3812 1198 3865 bist du heraufgewachsen, damals wie ein Wunder; selber
172 3855 1198 3908 noch ein Thier, noch ein Affe, aber klüger als die, gelehriger
172 3898 1198 3951 als die — und so brachtest du sie alle unter deine Füße
171 3942 1198 3995 und nahmst die ganze Erde für dich. Oberstes aller
172 3983 1198 4037 Thiere, Herrscher aller Thiere — aber ein Thier bliebst
173 4027 1198 4082 du doch! ... Es lebe der Mensch, das erfindende,
174 4070 1198 4124 zweckmäßig denkende, in Millionenheerden geordnete,
175 4112 1199 4166 Maschinen bauende Thier!" ... „Nein!“ fährt er fort,
178 4157 1199 4210 „das ist nicht das Ende! Ich weiß einen neuen Anfang,
174 4198 1198 4252 ich bring' euch einen neuen Tag. Ihr habt den Weg vom
175 4241 1200 4294 Wurm zum Menschen gemacht, und nun wär' es aus ?
174 4285 1200 4338 Könnt ihr nicht mehr weiter? Ihr habt euch Götter ge¬
175 4329 1201 4381 träumt, höhere, stärkere, entthierte Menschen; bleibt das nur
176 4371 1200 4425 ein Traum? War das nicht die Ahnung in euch, die hin¬
175 4414 1200 4467 weist auf den neuen Weg? Diese Götter, sie lebten nur in
176 4458 1201 4511 euren sehnenden Gedanken; einer nach dem andern sind sie
175 4502 1201 4552 vergangen, müssen alle vergehen; können sie nicht wirk¬
176 4543 1201 4597 lich und lebendig werden, die letzte, die höchste Sprosse
176 4585 1199 4638 in der Erdenschöpfung? Wie denn? Woher? Auseuch!
176 4628 1203 4682 Als die Göttermenschen, über den Affenmenschen, die
177 4672 1202 4726 ihr wart, die ihr seid. Seht sie doch an, die „Menschheit“,
177 4715 1202 4768 wie sie ist: als einen Uebergang! Wie der Affe der
177 4758 1200 4811 Uebergang war zu euch, so führt euch hinüber zu dem
178 4800 1202 4856 Göttermenschen; oder zum Vollmenschen, zum reinen, zum
178 4842 1204 4897 ganzen Menschen — oder wie ihr ihn heißen wollt. Ver¬
178 4887 1203 4940 jüngt euch wie der Phönix! Werdet euer Traum! Ueber¬
179 4930 1205 4985 windet den „Menschen“, wie er den Affen überwand; steigt
180 4978 686 5025 empor auf der Erde Gipfel!"
266 5016 1203 5071 Der Exposition des Charakters und der Lehre Helmuth
181 5057 1204 5113 Adler's ist das erste Buch der „Osterinsel“ gewidmet, und
182 5102 1204 5158 diese paar Druckbogen gehören wol zum Schönsten, was
181 5145 1205 5202 Wilbrandt überhaupt geschrieben hat, sie packen den Leser
1240 3546 2267 3597 mit elementarer Kraft der Stimmung und erregen aufs
1241 3589 2266 3640 mächtigste das Interesse für das, was nun folgen wird.
1240 3632 2266 3683 Manche dürsten erwarten, daß nun in einer Romanhandlung
1241 3676 2268 3728 von weltweitem Horizonte die Tragödie des schwärmerischen
1242 3719 2268 3771 Philosophen von der Göttermenschheit sich abspielen werde,
1242 3761 2268 3813 so hätte vielleicht ein großer Epiker, ein romantischer Dichter
1242 3806 2269 3856 gedichtet. Wilbrandt ging anders vor. Er führt uns in die
1243 3848 2268 3900 enge Gelehrtenstube, schildert uns seinen Philosophen zu
1242 3892 2268 3944 Hause, im Verkehr mit den Töchtern, mit zwei neu ge¬
1242 3935 2268 3985 wonnenen Schülern und Freunden, und die Tragik Adler's
1243 3978 2268 4029 hat nicht im Inhalt seiner Lehre ihren Grund, sondern in
1244 4020 2270 4072 seiner unvernünftigen Lebensweise. Was da Wilbrandt ge¬
1244 4064 2268 4116 schaffen hat, ist zwar keine Dichtung größten Styls, die man
1244 4106 2267 4157 nach der herrlichen Exposition erwartete, aber doch auch schön
1244 4150 2269 4200 und bedeutsam fesselud in seiner Art. Adler nämlich, den
1245 4192 2270 4244 der Verlust seiner Gattin in der Wurzel seines Wesens er¬
1243 4236 2271 4286 schütterte, geräth immer mehr und mehr in die Richtung der
1245 4278 2270 4330 nervös überspannten und überreizten Denkart. Er hält nicht
1244 4322 2270 4373 Maß, er treibt Alles ins Gigantische. Aus frommen schönen
1244 4365 2269 4416 Wünschen macht er gleich ernsthafte Projecte; was als Spiel
1245 4408 2270 4459 der Phantasie hold und anmuthig wirkt, wird lächerlich und
1246 4451 2271 4502 närrisch, wenn man es buchstäblich ernst nimmt. So will
1244 4494 2270 4544 Adler allen Ernstes Vollmenschen züchten, indem er aus¬
1245 4536 2269 4587 erlesene Männer und Frauen auf der Osterinsel im fernen
1246 4579 2268 4631 Stillen Ocean ansiedeln will. Die Flugschriften des „Phönix“
1246 4622 2272 4673 sollen ihm Mittel und Anhänger für diese ins Nietzsche'sche über¬
1246 4665 2270 4716 tragene Idee der Staatsromane schaffen. Indeß hat Wilbrandt
1248 4708 2270 4761 das Hauptaugenmerk seiner Darstellung nicht auf die Komik
1247 4751 2271 4802 dieses Ideals gerichtet, sodern auf die psychologische Charak¬
1247 4795 2270 4846 teristik des nervenüberreizten Denkers, und da muß man
1247 4838 2272 4889 sagen, daß Wilbrandt eine außerordentlich geistvolle
1248 4880 2271 4932 und feinsinnige Leistung bietet. Adler's Gegensatz zum
1248 4923 2272 4975 Bildungs=Philisterium, das mit seinen „Weltanschau¬
1249 4967 2271 5018 ungen" prahlt, steigert sich zusehends; der Ausdruck
1250 5010 2271 5061 seiner Ideen wird immer schneidiger, leidenschaftlicher,
1248 5053 2273 5105 paradoxer, genau so wie bei Nietzsche, bis er
1249 5096 2270 5148 schließlich im Kampfe mit einer prachtvollen Contrastfigur,
1249 5139 2273 5192 des Eremiten und Vegetarianers Westenberger, der viele
2311 3534 3341 3587 Züge von Dieffenbach aufweist und mit seinem Urchristen¬
2311 3578 3339 3629 thum auch beiläufig an Tolstoi erinnert, sogar zur Apologie
2312 3621 3336 3673 des Mordes sich versteigt und als der leibhafte Antichrist
2313 3663 3339 3716 dasteht. Adler hat im praktischen Verkehre wenig Menschen¬
2312 3707 3342 3758 kenntniß, er ist ganz und gar ein Gefühlsdenker, seine
2312 3751 3341 3801 Ideen will er mehr erlebt als ersonnen haben, daher die
2313 3794 3340 3845 große Leidenschaftlichkeit, mit der er für sie eintritt, die
2313 3837 3339 3888 unduldsame Reizbarkeit beim Widerspruche und die un¬
2313 3880 3341 3931 geheure Aufregung beim Produciren. Er verzehrt sich selbst
2312 3923 3338 3974 in seiner Concentration des Denkens: genau so wie Nietzsche.
2315 3966 3339 4018 Er verbringt schlaflose Nächte und nimmt Morphium, um
2314 4009 3342 4060 sich Linderung zu schaffen. Und an seiner Lebens= und
2315 4052 3341 4103 Schaffensweise, nicht an seiner Philosophie geht er zu
2315 4094 3339 4145 Grunde — gleichfalls wie Nietzsche. Er ist ein psychologi¬
2315 4138 3337 4188 sches Problem, kein philosophisches. Und wegen dieser Aus¬
2314 4180 3337 4231 gestaltung des Romans haben wir die „Osterinsel“ von
2314 4224 3339 4274 Wilbrandt als den Ausdruck seiner Stellungnahme zu
2315 4267 3340 4317 Nietzsche bezeichnet. Der Noman ist eine Kritik in dichteri¬
2315 4310 3343 4361 scher Form: der Dichter urtheilte über Nietzsche, indem er
2315 4353 3339 4406 die Grundform des Originals in seiner freien Schöpfung
2316 4395 3341 4446 nachbildete, er läßt uns durch Bilder und Anschauungen
2314 4439 3342 4490 zur Erkenntniß des Sachverhaltes in der Natur kommen.
2400 4482 3342 4534 Die Handlung des Romans wollen wir, obzwar da sehr
2315 4525 3341 4575 viel zu sagen wäre, hier nicht nacherzählen, um ihm nicht
2315 4567 3342 4618 den Reiz der Spannung bei unseren Lesern zu nehmen.
2315 4609 3341 4661 Nur so viel sei noch gesagt, daß Wilbrandt in den mit¬
2316 4653 3340 4704 spielenden Gestalten sein Bestes in der Charakteristik von
2315 4696 3340 4746 Männern und Mädchen und das Anmuthigste in humori¬
2315 4739 3343 4791 stischen Zwischenspielen leistete. Dr. Karl Schweizer, der
2316 4782 3343 4833 Mann nach seinem Herzen, reiht sich seinen schönsten
2315 4825 3345 4876 Mannesgestalten an und ist — merkwürdigerweise — auch
2316 4868 3344 4922 ein junger Arzt, wie die meisten Ideale der jüngsten Lite¬
2315 4912 3344 4963 ratur, die Wilbrandt so wenig mag. Auch dem Romantiker
2315 4954 3343 5006 Wilbrandt erscheint demnach ein Naturwissenschaftler, der
2316 4997 3343 5050 zugleich ein Mann von Geist und Herz ist, als der schönste
2316 5040 3343 5093 Typus moderner Männlichkeit. So finden sich in ihren
2317 5083 3345 5135 Idealen die alten und die neuen Dichter dennoch zusammen
2319 5127 3299 5179 als Kinder ihrer Zeit. Moritz Necker.
