3488 5365
180 178 375 216 Nr. 16830
739 189 1007 231 Wien, Samstag
2479 204 2703 246 1. Juli 1911
3102 204 3234 244 Seite 3
134 257 1157 330 Die Rektorswahl an der Wiener Univerſität.
872 337 1121 373 Wien, 1. Juli.
205 374 1154 421 Heute mittags fand im Senatsſitzungsſaale der Wiener
131 412 1155 460 Univerſität unter dem Vorſitze des derzeitigen Rektors, Hof⸗
131 446 1155 500 rates Profeſſors Dr. Bernatzik, die Sitzung der Wahl⸗
134 487 1156 539 kommiſſion der Profeſſorenkollegien zum Zwecke der Wahl des
133 527 859 576 Rektors für das Studienjahr 1911/12 ſtatt.
207 567 1153 616 Als Wahlmänner hiebei fungierten für die theologiſche
130 606 1157 656 Fakultät die Profeſſoren: Döller, Reinbold, Schlögl
131 646 1154 694 und Wolfsgruber; für die juriſtiſche Fakultät die
127 683 1148 734 Profeſſoren: Hofrat Schrutka v. Rechtenſtamm,
130 722 1154 774 Striſower, v. Voltelini und Hofrat Wlaſſak;
131 761 1152 814 für die mediziniſche Fakultät die Profeſſoren: Dimmer,
129 797 1143 850 Kolisko, Regierungsrat Mauthner und Wertheim
125 833 1147 888 und für die philoſophiſche Fakultät die Profeſſoren:
129 877 1149 930 Kretſchmer, Wettſtein Ritter v. Weſtersheim,
127 918 671 963 Wilhelm und Wirtinger.
387 963 887 1009 Rektor Dr. Oswald Redlich.
197 1007 1148 1056 Zum Rektor für das kommende Studienjahr wurde, da
120 1047 1147 1095 Profeſſor Dr. Jodl eine Wahl aus Geſundheitsrückſichten ab⸗
123 1083 1145 1138 gelehnt hatte, der Profeſſor für hiſtoriſche Hilfswiſſenſchaften
120 1122 1145 1173 und Geſchichte Dr. Oswald Redlich gewählt. Der neue
119 1159 1145 1212 Rektor ſteht gegenwärtig im 53. Lebensjahr. Er iſt in Inns⸗
118 1204 1145 1251 bruck geboren und promovierte 1881 an der dortigen Uni⸗
124 1245 1144 1292 verſität zum Doktor der Philoſophie. 1887 habilitierte er ſich für
119 1282 1144 1330 hiſtoriſche Hilfswiſſenſchaften, ſupplierte im Winterſemeſter
119 1321 1143 1369 1892/93 Diplomatik am Inſtitut für öſterreichiſche Geſchichts⸗
117 1359 1147 1410 forſchung in Wien und wurde 1893 hier zum außerordentlichen
118 1399 1144 1446 Profeſſor ernannt. Profeſſor Redlich iſt Mitglied der Aka⸗
120 1436 1140 1488 demie der Wiſſenſchaften und bekleidete 1908/09 die Würde
118 1475 960 1522 eines Dekans der Wiener philoſophiſchen Fakultät.
194 1516 1141 1562 Als Prorektor für das Studienjahr 1911/12 wird der
118 1553 1141 1603 derzeitige Rektor Hofrat Profeſſor Bernatzik fungieren.
366 1629 899 1684 Das Kabinett Caillaux.
229 1697 1038 1750 Die Zuſammenſetzung der Oppoſition.
847 1754 1106 1791 Paris, 1. Juli.
202 1788 1141 1844 Die 173 Deputierten, die gegen die Tagesordnung
115 1837 1138 1888 ſtimmten, in welcher der Regierung das Vertrauen votiert
116 1880 1135 1931 wurde, ſetzen ſich zuſammen aus 70 geeinigten Sozialiſten,
115 1920 1139 1974 46 Progreſſiſten, 2 Nationaliſten, 24 Mitgliedern der
115 1967 1137 2018 Rechten, 21 Mitgliedern der Action Liberale und 10 Un⸗
115 2013 316 2071 abhängigen.
220 2090 1024 2155 Die Marokkopolitik Spaniens und
488 2153 770 2215 Frankreichs.
200 2216 1040 2271 Mitteilungen von diplomatiſcher Seite.
848 2274 1096 2310 Wien, 1. Juli.
192 2314 1130 2366 Von einer mit der marokkaniſchen Frage
112 2357 1130 2412 vertrauten diplomatiſchen Perſönlichkeit gehen uns folgende,
112 2401 1129 2464 auf das Verhältnis zwiſchen Spanien und Frank⸗
112 2441 726 2499 reich bezügliche Mitteilungen zu:
192 2490 1128 2544 Man hat keine Veranlaſſung zur Annahme, daß in
109 2533 1127 2589 den Beziehungen zwiſchen Frankreich und Spanien eine
109 2578 1126 2633 Trübung eingetreten iſt. Alle Eventualitäten, die ſich aus
110 2623 1124 2676 der Entwicklung der Lage in Marokko ergeben mögen,
107 2665 1125 2722 ſind ſoweit als möglich von beiden Mächten bereits in
112 2710 1125 2765 einem früheren Stadium der Frage ins Auge gefaßt und
110 2757 1123 2810 durch gemeinſchaftliche Abmachungen geregelt worden.
107 2800 1126 2852 Man kann daher die Meldungen über irgend welche
108 2843 1123 2898 Differenzen zwiſchen beiden Staaten als grundlos
107 2892 285 2939 bezeichnen.
185 2932 1125 2985 Die bisherige Operation Spaniens in Marokko wurde
106 2973 1123 3031 lediglich zur Wahrung und Sicherung ſeiner vor Jahr⸗
104 3021 1123 3076 hunderten erworbenen Rechte unternommen, können daher
104 3065 1122 3118 keinen Anlaß für Rekriminationen zur Folge haben. Die
102 3103 1122 3164 Spanier ſind auch keineswegs mit kriegeriſchen Abſichten nach
103 3153 1123 3207 El Kſar gekommen. Die Möglichkeit ernſtlicher Mißhellig⸗
106 3196 1122 3251 keiten zwiſchen Frankreich und Spanien iſt ausgeſchloſſen.
102 3239 1120 3297 Abgeſehen davon, daß Spanien durchaus friedlich geſinnt
103 3283 1120 3341 iſt, kann es nicht daran denken, ſich auf Experimente ein⸗
101 3329 1118 3385 zulaſſen, die in früheren Phaſen ſeiner Geſchichte einen
102 3376 816 3427 unheilvollen Ausgang genommen haben.
180 3417 1119 3471 Andererſeits unterhält Spanien bekanntlich die beſten
100 3463 1116 3520 Beziehungen mit England, das nicht zugeben könnte,
98 3506 1117 3562 daß die Machtverhältniſſe in der Meerenge von Gibraltar
100 3549 1116 3604 eine Aenderung erfahren, und auch Deutſchland
100 3595 1116 3648 wird den durch den Vertrag von Algeciras etablierten
100 3636 1115 3693 Statusquo nicht gefährden laſſen. Schon aus dieſem
100 3681 1115 3733 Grunde kann man mit Ruhe und Zuverſicht der weiteren
98 3723 1115 3783 Entwicklung der Dinge entgegenſehen und mit Sicherheit
100 3769 1040 3825 einen befriedigenden Ausgleich in Marokko erwarten.
284 3849 935 3901 Die Operationen der Spanier.
798 3901 1084 3941 Paris, 30. Juni.
182 3939 1117 3997 Die Agence Havas meldet aus El Kſar vom
97 3985 1113 4039 29. Juni: Eine 600 Mann ſtarke Abteilung, beſtehend
96 4027 1115 4086 aus Fußtruppen, Reitern und Artillerie, iſt heute früh
96 4068 1117 4132 nach Souk⸗kmis⸗bu⸗Idian, etwa 20 Kilometer
93 4118 741 4172 nordöſtlich von El Kſar, abgegangen.
95 4194 1114 4263 Das Urteil des deutſchen Reichsgerichtes gegen
257 4255 960 4326 den franzöſiſchen Kapitän Lux.
350 4328 868 4364 (Telegramm der „Neuen Freien Preſſe“.)
792 4368 1077 4404 Berlin, 1. Juli.
170 4407 1109 4462 Aus Leipzig wird berichtet: Das Urteil des
89 4452 1113 4508 Reichsgerichtes in dem Spionageprozeß gegen den fran⸗
88 4493 1111 4552 zöſiſchen Kapitän Lux lautet auf ſechs Jahre
91 4540 871 4598 Feſtung. Es hat folgende Begründung:
170 4580 1110 4639 Durch die Beweisaufnahme erachtet es der Senat als
87 4628 1112 4686 feſtgeſtellt, daß auf franzöſiſchem Boden an
90 4667 1105 4723 der deutſchen Grenze ein franzöſiſches
88 4713 1113 4769 Nachrichtenbureau beſteht, das in erſter Linie
89 4756 1111 4812 dazu dienen ſoll, Frankreich in den Beſitz von Gegen⸗
88 4800 1110 4857 ſtänden, Plänen und Nachrichten zu bringen, deren Ge⸗
87 4842 1111 4899 heimhaltung für die Sicherheit des Deutſchen Reiches un⸗
86 4883 1110 4946 bedingt erforderlich iſt. Ferner iſt als erwieſen anzunehmen,
87 4927 1108 4985 daß der angeklagte Kapitän Lux perſönlich der Chef
87 4973 1109 5029 dieſes Nachrichtenbureaus iſt und der dort ſtationierte
88 5017 1108 5070 Lieutenant nur die Aufgabe hatte, die von Lux während
87 5062 1108 5115 ſeiner Reiſen an das Nachrichtenbureau gegebenen Er⸗
87 5101 1110 5161 kundigungen an das franzöſiſche Kriegsminiſterium weiter⸗
89 5150 1109 5207 zugeben. Von dieſem Bureau wurden nun vom Februar
1462 194 2030 255 Neue Freie Presse.
1201 270 2214 326 bis November 1910 an verſchiedene Perſonen in Süd⸗
1202 312 2217 370 deutſchland Briefe geſchrieben, mit der Aufforderung, dem
1185 358 2215 413 Bureau Gegenſtände obenerwähnter Art auszuliefern. Der
1198 401 2214 456 Senat nimmt an, daß dies mit Wiſſen und Willen des
1197 442 1651 494 Angeklagten geſchehen iſt.
1280 485 2206 546 Das deutſche Kriegsminiſterium iſt aber rechtzeitig
1202 531 2210 588 von den Aufforderungen des franzöſiſchen Nachrichten⸗
1200 574 2206 632 bureaus in Kenntnis geſetzt worden, und ſo ſind dem
1201 619 2212 675 Nachrichtenbureau nur ſolche Gegenſtände ausgeliefert
1200 660 2207 719 worden, von denen ſeitens Frankreichs zwar angenommen
1199 707 2205 760 worden iſt, daß ſie geheim zu halten ſeien, bei denen dies
1199 750 2204 806 aber in Wahrheit nicht der Fall war. Es liegt demnach
1197 794 2206 848 nur ein Verſuch des Verbrechens gegen § 1 des
1197 838 2205 889 Spionagegeſetzes vor, und der Senat erkennt den An⸗
1197 883 2203 937 geklagten dieſes Verbrechens als vollkommen ſchuldig an.
1274 926 2204 980 Wenn auch das Geſetz das Strafmaß für dieſe Tat
1195 970 2205 1023 bis zu fünfzehn Jahren Zuchthaus feſtſetzt und der Senat
1197 1015 2206 1068 an dem Handeln des Angeklagten keinerlei mildernde Um⸗
1194 1057 2201 1113 ſtände finden kann, iſt in Anbetracht des Umſtandes, daß
1193 1096 2202 1156 der Angeklagte nicht in ſeinem perſönlichen Intereſſe,
1192 1145 2201 1198 ſondern als Franzoſe für ſein Vaterland
1191 1191 2202 1243 tätig geweſen iſt, die Strafe in Feſtungshaft umge⸗
1190 1234 2197 1287 wandelt worden. Der Senat hat demnach eine Strafe von
1189 1277 2079 1332 ſechs Jahren Feſtungshaft für angemeſſen erachtet.
1187 1366 2207 1435 Die Proteſtbewegung gegen das Urteil über
1514 1432 1855 1495 Pfarrer Jatho.
1441 1499 1958 1536 (Telegramme der „Neuen Freien Preſſe“.)
1882 1539 2165 1576 Berlin, 1. Juli.
1269 1577 2201 1628 Die Entrüſtung in den proteſtantiſchen Kreiſen über
1190 1620 2199 1674 das Ketzergericht, das über den Pfarrer Jatho gehalten
1190 1664 2199 1713 worden iſt, iſt immer noch im Steigen. In Dort⸗
1190 1707 2201 1759 mund hat geſtern eine Proteſtverſammlung
1189 1750 2199 1803 ſtattgefunden, in der hervorragende proteſtantiſche
1188 1794 2201 1845 Theologen und Pfarrer intereſſante Reden gehalten
1188 1840 1293 1883 haben.
1267 1877 2199 1933 Der Profeſſor der Theologie Dr. Schrempf aus
1187 1926 2197 1976 Stuttgart regte einen Streik der Pfarrer an. Er
1185 1970 2197 2021 ſagte: Not tut uns ein Streik der Pfarrer. Was gegen
1186 2014 2198 2064 ihr Gewiſſen geht, ſollen ſie nicht mehr tun. Damit läßt
1185 2050 2194 2110 ſich ein Druck auf das Kirchenregiment ausüben. Was
1186 2101 2195 2153 von oben nicht geſchieht, ſoll von unten herauf erzwungen
1185 2142 1712 2193 werden. (Stürmiſcher Beifall.)
1262 2184 2195 2233 Pfarrer Traub, einer der Verteidiger Jathos vor
1181 2226 2195 2283 dem Spruchkollegium, forderte die Trennung der
1181 2275 1616 2321 Kirche vom Staat.
1262 2316 2193 2370 Die Verſammlung nahm ſchließlich eine Proteſt⸗
1178 2360 2192 2413 reſolution an, die folgendermaßen lautete: „Voll
1181 2407 2192 2458 Trauer und Empörung über die Entſcheidung des Spruch⸗
1181 2450 2192 2500 kollegiums gegen Pfarrer Jatho erheben 3000 in Dort⸗
1179 2494 2190 2545 mund verſammelte evangeliſche Männer und Frauen
1179 2537 2192 2588 öffentlich Einſpruch gegen die widerproteſtantiſche Sinnes⸗
1179 2577 2189 2631 art, die einen derartigen Spruch ermöglichte. Zugleich
1180 2625 2191 2674 geben ſie ihrer tiefen Entrüſtung Ausdruck über
1178 2662 2190 2719 die engherzige, ja ungerechte Art der Verhandlung. Sie
1178 2711 2190 2760 erklären, mit aller Kraft dahin wirken zu wollen, daß der
1176 2752 2190 2805 Geiſt der Wahrhaftigkeit und Freiheit, in dem Pfarrer
1178 2797 2186 2849 Jatho allezeit ſegensreich gewirkt hat und wirken wird,
1177 2839 2188 2892 überall in deutſchen Landen ſich durchſetze, ſowohl in den
1176 2887 1809 2933 Gemeinden wie im Kirchenregiment.“
1252 2929 2186 2980 Pfarrer Jatho wird Montag abends in Berlin
1174 2972 2186 3025 hintereinander in drei Verſammlungen ſprechen, zu denen
1173 3015 2184 3066 bereits ſämtliche, nach Tauſenden zählende Einlaßkarten
1174 3059 1421 3106 vergriffen ſind.
1475 3135 1881 3183 Die Jatho⸗Spende.
1423 3188 1939 3223 (Telegramm der „Neuen Freien Preſſe“.)
1878 3228 2153 3265 Berlin, 1. Juli.
1256 3265 2185 3317 Aus Köln wird gemeldet: Die Sammlung, welche
1169 3307 2186 3366 für den Pfarrer Jatho zu dem Zweck eingeleitet worden
1168 3344 2185 3403 iſt, ihm auch nach dem Verluſt des Pfarramtes ſeine
1168 3394 2094 3447 Exiſtenz zu ſichern, hat bisher 70.000 Mark ergeben.
1207 3479 2153 3550 Die ſanitären Zuſtände in Trieſt und im
1541 3547 1813 3607 Küſtenlande.
1359 3611 1994 3653 Von Sanitätsrat Dr. A. Caſtiglioni,
1288 3657 2068 3698 Chefarzt des Oeſterreichichen Lloyd.
1867 3704 2147 3741 Trieſt, 28. Juni.
1236 3741 2179 3790 Unter Bezugnahme auf die vielfach über die Gefahr
1165 3781 2178 3829 der Einſchleppung von Cholerafällen aus infizierten Gegenden
1162 3824 2174 3870 nach Trieſt laut gewordenen Nachrichten ſei es mir erlaubt,
1164 3863 2175 3910 einiges hervorzuheben, das vielleicht zur Klärung der Lage
1160 3903 2173 3950 und zur vollſten Beruhigung auch jener Gemüter beitragen dürfte,
1162 3943 2177 3989 welche bei der allgemein herrſchenden Nervoſität geneigt ſein
1159 3982 2175 4027 könnten, die bisher in die Oeffentlichkeit gedrungenen Nachrichten
1161 4019 1751 4065 im peſſimiſtiſchen Sinne auszulegen.
1235 4059 2174 4107 Der letzte in Trieſt beobachtete eingeſchleppte Fall von
1160 4100 2175 4148 Cholera betraf einen gewiſſen Pappalepori, der auf
1161 4140 2173 4186 dem italieniſchen Schiffe „Barion“ im Oktober vorigen Jahres
1162 4179 2176 4227 von Brindiſi über Venedig gekommen war. Der Fall, über den
1160 4219 2173 4265 ſeinerzeit ausführlich berichtet wurde, war bezüglich des Ur⸗
1159 4258 2173 4304 ſprunges der Infektion kein ganz klarer. Jedenfalls muß aber
1159 4297 2173 4344 konſtatiert werden, daß er ganz iſoliert blieb und ſeit jener
1159 4337 2173 4383 Zeit im Stadtgebiete Trieſt kein Cholerafall mehr zu ver⸗
1158 4376 2172 4420 zeichnen war. Die zwei Fälle, welche in der letzten Zeit an
1156 4411 2171 4461 Bord der Dampfer „Saxonia“ und „Oceania“ beobachtet
1157 4455 2171 4500 wurden, betrafen auf der Rückreiſe begriffene Emigranten, die
1157 4494 2172 4542 auf Auswandererſchiffen von Amerika über Neapel nach Trieſt
1156 4533 2169 4580 kamen. Es verdient aber nochmals hervorgehoben zu werden,
1158 4572 2170 4619 daß dieſe beiden Fälle, die ebenfalls vollkommen iſoliert
1156 4612 2169 4659 blieben, mit der Stadt Trieſt ſelbſt oder mit der Bevölkerung
1155 4652 2170 4699 in gar keinen Kontakt gekommen ſind. Die betreffenden Schiffe
1154 4692 2168 4736 wurden direkt in das Lazarett San Bartolomeo gebracht, das
1155 4731 2170 4776 zirka 20 Kilometer von Trieſt entfernt iſt und vollkommen
1156 4769 2169 4816 abgeſchloſſen auf einer Landzunge liegt; ſämtliche Paſſagiere
1155 4810 1931 4855 wurden einer ſtrengen Quarantaine unterzogen.
1228 4845 2171 4895 Wenn man aber berückſichtigt, daß mit Ausnahme des
1152 4886 2172 4934 Falles Pappalepori, bei dem die Infektion höchſt wahrſchein⸗
1153 4922 2174 4972 lich aus Apulien ſtammte, kein einziger Cholera⸗ oder cholera⸗
1154 4965 2170 5016 verdächtiger Fall aus Venedig nach Trieſt kam, und daß es
1154 5003 2171 5050 ſich bei den letzten von Amerika über Neapel eingeſchleppten
1152 5041 2172 5089 zwei Fällen um ſporadiſche Fälle handelt, wie ſie in allen
1153 5076 2172 5129 großen Hafenſtädten nicht ſelten auf Schiffen beobachtet werden;
1152 5118 2170 5166 daß aber außerdem dieſe Fälle in einem von Trieſt entfernten
1151 5154 2169 5204 und gänzlich iſolierten Lazarett aufgenommen wurden, muß
2261 282 3275 329 man zu dem Schluſſe gelangen, daß für die Stadt Trieſt, be⸗
2260 320 3277 366 ziehungsweiſe für das nach oder über Trieſt reiſende Publikum
2260 356 3276 406 nicht die geringſte Gefahr beſteht. Die Genauigkeit und die
2260 397 3283 451 Aufrichtigkeit in der ausführlichen Berichterſtattung ſeitens der
2258 434 3277 484 zuſtändigen Behörden, die umfaſſenden prophylaktiſchen Maß⸗
2258 475 3274 522 regeln ſeitens aller kompetenten Faktoren, denen es gewiß
2259 515 3275 562 nicht in letzter Linie zu verdanken iſt, daß auf keinem ein⸗
2257 552 3275 599 zigen unſerer Handelsſchiffe, trotz des enorm geſteigerten Ver⸗
2258 591 3275 638 kehrs der letzten Jahre, je ein Cholera⸗ oder choleraverdächtiger
2257 629 3276 706 Fall zu verzeichnen war, mögen nicht nur in allen Kreiſen der
2258 664 3275 725 Bevölkerung die ſichere Zuverſicht erſtärken, daß der Geſund⸗
2258 706 3274 755 heitszuſtand unſerer Stadt und des ganzen Küſtenlandes ein
2257 740 3272 794 vorzüglicher iſt, ſondern auch die Ueberzeugung erwecken, daß
2258 785 3272 834 unſere ſanitären Verhältniſſe, durch das Vorkommen
2257 824 3276 871 eines oder zweier ſporadiſcher Cholerafälle auf Emigranten⸗
2256 863 3274 909 ſchiffen, wie ſie in Hamburg, in Marſeille, in Newyork wieder⸗
2256 902 3274 948 holt beobachtet wurden, in keiner Weiſe beeinflußt werden
2256 943 2373 974 können.
2334 979 3271 1026 Das Geſagte zuſammenfaſſend, kann man ruhig be⸗
2262 1018 3271 1068 haupten, daß es in Trieſt nicht nur keine Cholera, ſondern
2262 1057 3271 1102 auch keine Choleragefahr gibt. Es iſt daher auch abſolut kein
2261 1095 3268 1147 Grund vorhanden, Trieſt und das Küſtenland zu meiden,
2261 1133 3269 1184 ebenſowenig wie es beiſpielsweiſe niemand einfallen wird, die
2261 1169 3270 1219 Stadt Graz zu meiden, weil dort ein vereinzelter Fall von
2259 1210 3267 1258 Cholera eingeſchleppt wurde. Im Gegenteil wird hoffentlich
2259 1249 3270 1297 die Offenheit, mit welcher das Vorhandenſein von verdächtigen
2260 1289 3270 1336 Erkrankungen ſeitens der öſterreichiſchen Sanitätsbehörden ſo⸗
2257 1329 3268 1377 fort an die Oeffentlichkeit gebracht wird, ſeine beruhigende
2260 1365 2955 1412 Wirkung auf das reiſende Publikum üben.
2556 1449 2961 1505 Das Wetter.
2981 1513 3231 1554 Wien, 1. Juli.
2326 1563 3267 1609 Unter dem Einfluſſe der im Nordweſten liegenden De⸗
2251 1599 3267 1656 preſſion, die ſchon geſtern in Nordweſtdeutſchland Regenwetter
2252 1642 3266 1694 verurſachte, iſt auch in unſeren Gegenden eine Zunahme der
2250 1680 3265 1726 Bewölkung eingetreten und nur gegen Oſten und Süden iſt
2250 1716 3265 1765 das Firmament noch größtenteils wolkenlos. Der Luftdruck
2249 1752 3266 1804 blieb nachtsüber auf faſt unverändertem Stande und betrug
2249 1798 3265 1845 früh in der Stadt 751·8 gegen 751·2 Millimeter geſtern
2250 1837 3264 1884 abends. Eine größere Steigerung weiſt die Temperatur auf
2248 1875 3263 1924 und betrug das heutige Morgenminimum derſelben im Freien
2249 1915 3262 1962 15·8 gegen 12·8 Grad geſtern und in der Stadt 16·5 gegen
2248 1955 3262 2001 13·1 Grad am Vortage. Später war die Temperaturſteigerung
2246 1992 3263 2039 infolge der geringeren Sonnenſtrahlung eine langſamere als
2248 2033 3262 2079 geſtern, doch wurden um 9 Uhr vormittags bei ſchwachem
2246 2068 3261 2118 Weſtwind und 71·5 Prozent relativer Luftfeuchtigkeit 22·4
2247 2109 3048 2157 gegen 22·1 und ſonnſeitig 29·8 Grad regiſtriert.
2318 2148 3261 2199 Die Prognoſe der Meteorologiſchen Zentralanſtalt
2243 2190 2352 2222 lautet:
2316 2222 3261 2277 Trüb, Regen, etwas kühler, weſtliche
2240 2263 2944 2311 Winde mit zunehmender Stärke.
2327 2348 3170 2417 Die Verſtadtlichung der Allgemeinen
2494 2413 3010 2477 Elektrizitätsgeſellſchaft.
2971 2494 3221 2533 Wien, 1. Juli.
2311 2540 3253 2594 Die Gemeinde Wien hat der Allgemeinen Oeſterreichiſchen
2240 2578 3259 2629 Elektrizitätsgeſellſchaft im ſchriftlichen Wege mitgeteilt, daß ſie
2239 2615 3258 2665 ihren Vertrag mit dieſem Unternehmen per 1. Juli 1914 auf⸗
2235 2657 3256 2705 löſen werde. Die diesbezügliche Zuſchrift iſt an den Direktor
2235 2695 3252 2744 der Allgemeinen Elektrizitätsgeſellſchaft Herrn Ingenieur Alexander
2235 2731 3128 2782 Kern bereits vor einigen Tagen eingelangt und lautet:
2309 2776 3253 2825 „Zufolge Gemeinderatsbeſchluß vom 23. Juni 1911 ſtellt
2237 2815 3252 2864 die Gemeinde gemäß der §§ 2 und 29 des Vertrages vom
2235 2854 3251 2909 29. April 1893 das Begehren, daß die folgenden zwiſchen ihr
2234 2895 3253 2943 und der Allgemeinen Elektrizitätsgeſellſchaft beſtehenden Ver⸗
2234 2937 3251 2982 träge, und zwar, daß der Vertrag vom 14. Oktober 1887
2233 2975 3252 3022 nebſt dem Vertragsübereinkommen vom 27. April 1891 und
2234 3014 3249 3069 der Vertrag vom 21. April 1893 am 1. Juli 1914 aufgelöſt
2232 3054 3250 3100 werden und gibt dieſen Entſchluß der Allgemeinen Elektrizi⸗
2233 3094 2607 3135 tätsgeſellſchaft bekannt.“
2308 3128 3257 3180 Hiedurch löſt die Gemeinde Wien den letzten privaten
2235 3170 3258 3219 Elektrizitätsbetrieb der Reichshauptſtadt, die gemeine Oeſter⸗
2234 3208 3257 3259 reichiſche Elektrizitätsgeſellſchaft ein. Die Werke dieſer Geſell⸗
2237 3250 3259 3297 ſchaft werden infolgedeſſen nach vorheriger gerichtlicher
2237 3284 3259 3338 Schätzung von der Gemeinde Wien am 1. Juli 1914 über⸗
2234 3328 3256 3373 nommen werden. Mit dieſer Aktion tritt die Gemeinde Wien
2237 3369 3258 3419 in das Monopol für das geſamte Beleuchtungsweſen von
2233 3402 3254 3459 Wien, ſowohl hinſichtlich des Leuchtgaſes als auch der Elek⸗
2233 3443 3254 3497 trizität, und verzichtet auf das Heimfallsrecht, auf das ſie erſt
2233 3483 3254 3534 im Jahre 1932 Anſpruch gehabt hätte. Die Gemeinde Wien
2234 3522 3257 3574 ſichert ſich eben ſchon jetzt die Werke, um das Monopol auf
2234 3560 3256 3612 dem Gebiete des geſamten Beleuchtungsweſens in Wien aus⸗
2232 3600 3255 3649 zuüben. Die Bedingungen der Einlöſung enthält der
2231 3641 3252 3691 Vertrag vom Jahre 1893. Die Gemeinde hat danach das
2231 3678 3249 3730 Recht, am 1. Juli 1914 die Werke zu erwerben, wenn ſie,
2230 3718 3253 3769 wie dies nun geſchehen iſt, ihren Entſchluß der Unternehmung
2231 3754 3253 3807 drei Jahre vor Eintritt des betreffenden Zeitpunktes bekannt
2233 3792 3252 3849 gibt. Die Einlöſung hat nach § 4 des Vertrages unter den
2230 3836 2897 3886 nachſtehenden Bedingungen zu erfolgen:
2301 3877 3245 3926 Die im ſtädtiſchen Grunde und an ſtädtiſchen Objekten
2225 3915 3244 3966 im Gemeindegebiete beſtehenden Leitungen, Apparate und Ein⸗
2228 3956 3244 4007 richtungen werden nach dem 1. Juli 1914 um den gerichtlich
2225 3996 3242 4047 zu erhebenden Schätzwert mit einem Abzuge von 10 Prozent,
2227 4034 3244 4083 die übrigen Objekte um den Schätzwert erworben. Zur erſteren
2226 4074 3242 4123 Kategorie gehört das geſamte Kabelnetz, zu der zweiten Ka⸗
2225 4113 3242 4163 tegorie gehören die Realitäten ſamt allen Baulichkeiten,
2226 4153 3242 4201 Apparaten und Einrichtungen zum Betriebe der elektriſchen
2226 4192 3241 4241 Anlagen, wie die Dampfmaſchinen, Keſſel u. ſ. w. Das Kabel⸗
2224 4228 3241 4279 netz müßte demnach um den gerichtlichen Schätzwert abzüglich
2226 4266 3241 4318 10 Prozent von der Gemeinde abgelöſt werden. In der
2223 4310 3239 4358 Bilanz vom Jahre 1910 ſteht das Kabelnetz mit 11·129 Mil⸗
2224 4347 3240 4395 lionen Kronen zu Buche. Unter den Objekten, die zum Schätz⸗
2224 4388 3240 4434 wert ohne Abzug abzulöſen wären, figurieren die Realitäten
2222 4421 3237 4473 im letzten Rechnungsabſchluſſe mit 3·2 Millionen, die
2223 4465 3238 4512 Maſchinenanlagen und Akkumulatoren mit 9·2 Millionen
2221 4505 2346 4541 Kronen.
2291 4542 3236 4590 Die gerichtliche Schätzung wird zu Beginn des zweiten
2222 4578 3236 4630 Jahres vor der Auflösung der Vertrages vorgenommen
2217 4619 3236 4667 werden. In dem der Erwerbung unmittelbar vorangehenden
2222 4659 3236 4706 Jahre erfolgt eine neuerliche ergänzende Schätzung. Die
2221 4697 3237 4746 Koſten hiefür tragen beide Kontrahenten. Der bei der letzten
2221 4734 3235 4785 Schätzung feſtgeſetzte Wert der Objekte iſt an die Unter⸗
2216 4769 3234 4824 nehmung ſofort bei der grundbücherlichen oder phyſiſchen
2219 4811 3236 4865 Uebertragung zu entrichten. Wenn die abſchließende Schätzung
2215 4850 3233 4899 im letzten Vertragsjahre nicht beendet werden kann, ſo hat
2217 4890 3237 4943 gleichwohl die Uebernahme, beziehungsweiſe Uebergabe der
2213 4929 3231 4980 Objekte ſamt Zugehör ſofort nach Endigung des Vertrages
2215 4968 3233 5017 zu erfolgen, wenn die Gemeinde zwei Drittel des früher er⸗
2215 5007 3232 5056 hobenen Schätzwertes an die Unternehmung bezahlt. Der
2215 5045 3231 5096 von dem letzten Tage der Uebernahme an mit 5 Prozent zu
2215 5071 3233 5130 verzinſende Reſt des aus der ſchließlichen Schätzung reſultieren⸗
2212 5110 3235 5171 den Wertes iſt ſofort nach ihrem Abſchluſſe an das Unter⸗
2212 5154 2561 5204 nehmen zu bezahlen.
