3488 5358
226 139 422 184 Nr. 16880
818 145 1088 192 Wien, Samstag
3148 153 3316 204 Seite 27.
1507 155 2082 194 Neue Freie Presse.
2499 176 2722 200 1. Juli 1911
573 432 1353 650 Im Gebirge,
2205 451 2945 633 an der See
1069 861 2452 924 überall werden Ihnen Salamander-Stiefel gute Dienste leisten.
1521 933 2004 979 (Fordern Sie Musterbuch.)
208 975 585 1031 = Einheitspreis =
210 1013 578 1067 für Damen und Herren
601 1015 839 1068 K 16.50
857 1063 2666 1282 SALAMANDER
2678 980 3027 1065 Luxusausführung
3027 980 3306 1065 K 20.50
1537 1316 1935 1355 Schuhges. m.b.H., Berlin.
1533 1423 1983 1477 Niederlassung:
1560 1505 1968 1624 Wien, I.,
1343 1639 2172 1722 Kärntnerstrasse 1/3.
214 1855 349 1905 Neu !
201 1921 370 1975 Täglich
409 1871 2267 1955 Berlin—Kopenhagen bezw. Berlin—Bornholm
684 1896 727 1948 12
676 1923 733 1974 Std.
1783 1905 1825 1956 11
1764 1931 1828 1981 Std.
566 1980 2472 2013 Billigste Tarife. Unentgeltliche Prospekte durch alle Reisebureaux; in Berlin durch Sassnitzlinie Bahnhof Friedrichstrasse und Unter den Linden 76 a.
2322 1879 2835 1937 Schnelldampfer ~ Tages ~
2380 1932 2773 1979 fahrt ab Sassnitz.
2928 1854 3325 1910 Blankenberghe
3005 1905 3250 1929 Grand Hotel
2907 1932 3349 1977 Pauwels — D'Hondt
2906 1984 3348 2011 am Strande, im Zentrum. Vollständig
3013 2010 3347 2038 umgebaut. Aufzug. 15264
2769 1972 2842 2023 14356
1061 2074 2357 2175 Stöckig & Co. liefern alles
1059 2174 2356 2219 Dresden-A. 16 (für Deutschland) Bodenbach 1 i. B. (für Oesterreich)
1060 2210 1898 2243 Hoflieferanten
1060 2254 1994 2288 als Elite-Versandhaus insbesondere:
1762 2272 2403 2330 Katalog K 30 : Koffer, Lederwaren, Researtikel, kunst-
1763 2302 2403 2356 gewerbliche Gegenstände in Bronce, Marmor, Terrakotta,
1763 2326 2404 2384 Fayence, Kupfer, Meeting, Nickel, Eisen und Zion, Tafel-
1758 2355 2407 2410 Porzellan, Kristall, Steinzeug, Korbmöbel, Ledersitzmöbel
1750 2380 2404 2434 30: Sämtl. Erzeugnisse der Württ. Metallwarenfabrik
1077 2268 1750 2325 Katalog U 30: Uhren, Gold, Juwelen, Tafelgeräte, Beriecke
1075 2296 1751 2351 Katalog P 30: Kameras, Binokles, Operngläser, Feldstecher
1073 2321 1746 2378 Katalog L 30: Lehr-Mittel und Spiel-Waren für Kinder
1077 2348 1751 2408 Katalog S 30:Beleuchtungskörper für jede Lichtquelle
1076 2376 1746 2429 Teppiche: (Spezialangebot T 30) — Spezialliste W
1061 2435 2176 2486 gegen Bar-, oder erleichterte Zahlung.
771 2488 984 2540 Strengste
774 2513 995 2563 Verschwiegenheit
413 2497 621 2548 Bar, oder Raten
1058 2501 2357 2533 Ausgebreiteter, wählerischer, treu anhänglicher Kundenstamm, gewöhnt, trotz langfristiger Amortisation
1057 2526 2355 2558 für alltägliche bürgerliche Preise Waren von außergewöhnlicher Güte und Schönheit zu erhalten.
2515 2499 2720 2551 Jedes Vertrauen
2517 2522 2722 2573 : gerechtfertigt :
2889 2506 3096 2561 Bar, oder Raten
1045 2554 2083 2593 Bei Angabe des Artikels Kataloge kostenfrei.
154 2636 1188 2683 überall anderweitig die Rüben ſo, wie es Zſcheye als
156 2679 1190 2726 Grundbedingung ſeines Verfahrens hinſtellt, werden vor⸗
156 2722 1189 2771 behandeln laſſen, daß genügend gute Schnitzel erzeugt
154 2767 1188 2813 werden, und ob bei gleichem Trockenſubſtanzgehalt überall
153 2810 1187 2863 Preßwäſſer von ſo wenig angreifendem Charakter, wie in
153 2852 1186 2900 Biendorf, zu erhalten ſind, kann erſt durch ſpätere
153 2898 1187 2945 Beobachtungen entſchieden werden. Es trat nämlich in
152 2940 1187 2987 Biendorf infolge der raſchen Rücknahme der Abwäſſer
151 2984 1183 3031 faſt gar keine Säurung ein. Trotzdem hat aber
157 3029 1186 3076 auch hier ſchon die geringe Azidität des Rücknahmewaſſers
157 3071 1186 3118 genügt, um den eiſernen Preßzylinder, im Laufe einer
150 3115 1184 3162 Campagne vollſtändig zu zerſtören, weshalb anzu⸗
156 3159 1185 3206 nehmen iſt, daß auch die übrigen Metallapparate eine ver⸗
156 3203 1185 3250 hältnismäßig ſtarke Abnützung erfahren haben. Es dürfte
139 3245 1182 3293 daher eine lohnende Aufgabe für die nächſte Zukunft ſein,
152 3290 1184 3379 zu prüfen, ob nicht jetzt, nachdem man ſo weit iſt, die
156 3333 1184 3379 Azidität in jedem Einzelfalle genau zu beſtimmen, der
155 3378 1184 3424 Moment gekommen iſt, wo verſucht werden kann, die freie
155 3419 1183 3470 organiſche Säure durch genau gemeſſenen Zuſatz von
154 3465 1183 3512 Baſen ſo weit abzuſtumpfen, daß dieſe ſchädigende
155 3506 1181 3558 Wirkung in genügendem Maße gemildert wird. Herzfeld
153 3552 1181 3599 iſt allerdings der Anſicht, daß ſich dieſe Wirkung wohl
152 3596 1181 3643 niemals aufheben laſſen wird, da eine Arbeit mit
154 3640 1182 3686 alkaliſchem Waſſer auf der Diffuſionsbaterie aus anderen
155 3683 1182 3736 Gründen nicht unbedenklich iſt. Das Zſcheyeſche Verfahren
152 3719 1179 3774 wurde auch durch die ſtaatliche Kommiſſion zur Prüfung
132 3770 1179 3818 der Reinigungsverfahren von Zuckerfabriksabwäſſern am
150 3813 1179 3862 3. Dezember 1910 beſichtigt. Das Reſultat der Be⸗
150 3855 1177 3906 ſichtigung faßte der Vorſitzende dieſer Kommiſſion, Ge⸗
150 3901 1179 3949 heimer Obermedizinalrat Abel, dahin zuſammen, daß die
149 3946 1177 3994 Zuckerfabrik Biendorf allen Anlaß habe, mit dem Ver⸗
151 3989 1178 4038 fahren zufrieden zu ſein. Allerdings laſſen ſich aber die
151 4033 1178 4081 gemachten Beobachtungen nicht dahin verallgemeinern, daß
148 4077 1111 4125 das Verfahren auch in anderen Fällen anwendbar iſt.
225 4146 1177 4194 Von dem Preßdiffuſionsverfahren von Hyroß-Rak,
147 4190 1178 4238 auf das wir an vorliegender Stelle zu wiederholten Malen
144 4234 1179 4281 zu ſprechen gekommen ſind, liegen Mitteilungen aus der
145 4278 1177 4325 ruſſiſchen. Zuckerfabrik Kapitanowka und der deutſchen
145 4322 1175 4369 Zuckerfabrik Cöthen vor. In erſterer Fabrik hat ſich nach
145 4365 1176 4411 Wolski das Verfahren ſelbſt bei der Verarbeitung von
143 4402 1178 4494 ſchlechtem Rübenmaterial vorteilhafter als die gewöhnliche
139 4452 1175 4512 Diffuſion erwieſen, bei welcher die Verarbeitung ähn⸗
142 4493 1173 4543 lichen Materials infolge der geringen Saftzirkulation und
142 4539 1173 4586 der Gasbildung ſtets mit Schwierigkeiten verbunden iſt.
139 4582 1174 4633 Auffallend war, daß die Dünnſäfte von der Hyroß⸗
140 4617 1172 4673 Rak⸗Batterie Reinheitsquotienten von 94 bis 96 auf⸗
140 4668 1172 4716 wieſen, während es die Dünnſäfte nach dem gewöhnlichen
140 4712 1169 4761 Verfahren nur auf Quotienten von 92 bis 92˙5 brachten,
142 4755 1172 4803 wobei in beiden Fällen der Diffuſionsſaft die gleiche
141 4798 1170 4846 Reinheit von 89 zeigte. Die Batterie hat auch während
140 4841 1171 4892 der ganzen Campagne gehalten und wies am Schluſſe
141 4883 1171 4932 keinerlei Veränderungen in der Armatur (ein höchſt be⸗
141 4928 1170 4979 achtenswertes Reſultat) auf. Als Nachteil muß jedoch der
140 4971 1168 5022 hohe Kraftverbrauch bezeichnet werden, der aber durch
137 5015 1170 5067 geeignete Betriebsumänderungen bedeutend herabgemindert
140 5058 1169 5105 werden konnte. In Cöthen hatte das Verfahren, wie
138 5095 1167 5151 Zander berichtet, anfangs viel Schwierigkeiten gemacht,
137 5144 1172 5192 die aber behoben werden konnten. Auch mit der erzielten
1237 2642 2265 2692 Ausbeute war man zufrieden. Herzfeld bezeichnet
1234 2685 2264 2733 übrigens das Verfahren Hyroß⸗Rak als ein automatiſch
1234 2728 2260 2778 recht einheitlich durchgebildetes Saftgewinnungsverfahren.
1235 2765 2265 2822 Aus der Analyſe der Schnitzel berechnete ſich eine Aus⸗
1232 2816 2264 2864 laugung, auf Rüben berechnet, von ungefähr 0˙3 bis 0˙4
1229 2859 2261 2911 für die Arbeitsperiode, eine Zahl, die als recht zufrieden⸗
1230 2901 1657 2947 ſtellend zu betrachten iſt.
1312 2947 2258 2996 In letzter Zeit iſt ein neues Verfahren aufgetaucht,
1234 2989 2261 3040 nämlich das Verfahren von Boſſe, welches ähnlich dem
1233 3034 2260 3084 Steffenſchen Brühverfahren iſt. Gegen das Patentgeſuch
1234 3077 2261 3130 wurden übrigens Einſprüche erhoben, die noch nicht er⸗
1230 3121 2260 3175 ledigt ſind. Eingehende Mitteilungen liegen über dieſes
1230 3167 2258 3213 Verfahren, das auch ſeitens des Inſtituts für
1231 3210 2258 3259 Zuckerinduſtrie in Berlin in der Zuckerfabrik Hecklingen
1231 3255 2258 3303 geprüft worden iſt, noch nicht vor. Das Prinzip dieſes
1230 3298 2258 3355 Verfahrens iſt, die in Bewegung befindlichen Schnitzel
1231 3344 2258 3391 mit Dampf anzuwärmen, ehe ſie in das Gefäß hinein⸗
1230 3389 2255 3436 gefüllt werden, in dem ſie zur Auslaugung gelangen.
1228 3433 2256 3481 Die Anwärmung der Schnitzel wird auf 75 bis 80 Grad
1228 3477 2256 3524 Celſius gebracht, wobei ſie anſchwellen und ſich mit einem
1227 3522 2253 3569 Maximum von Waſſer vollſaugen, ohne Saft zu verlieren.
1226 3565 2254 3613 Die Schnitzel werden ſodann unter Zuſatz des ſehr heißen
1228 3610 2255 3657 dünneren Saftes der zweiten Preſſung in den vor⸗
1227 3655 2254 3703 handenen alten Schnitzelpreſſen abgepreßt; der erhaltene
1226 3698 2254 3746 80 Grad Celſius heiße, ſehr klare und helle Saft geht zur
1228 3741 2254 3791 Scheidung. Die Schnitzel verſetzt man weiter mit ſo viel
1226 3785 2253 3839 heißem Waßer, daß im ganzen 100 bis 105 Prozent Saft
1226 3832 2253 3880 entſtehen, und preßt ſie in Paſchenſchen Preſſen ab, wo⸗
1225 3876 2251 3923 bei man den heißen, dünnen Saft erhält, der zur erſten
1223 3917 2252 3971 Preſſung zurückgeht, und Schnitzel von 20 bis 21 Prozent
1223 3965 2086 4013 Trockenſubſtanz mit 0˙8 bis 0˙9 Prozent Zucker.
1301 4012 2250 4058 Es iſt naturgemäß, daß all die neueren und neueſten
1222 4055 2254 4103 Saftgewinnungsverfahren auch Gegenſtand der ver⸗
1218 4098 2253 4146 gleichenden Erörterung verſchiedener Zuckertechniker waren,
1219 4141 2252 4189 und erſcheint es von Intereſſe, einige Auslaſtungen der
1218 4185 2251 4240 jüngſten Zeit zu vernehmen, da dieſe im großen und
1219 4228 2249 4275 ganzen ein Spiegelbild über die jetzt herrſchenden An⸗
1218 4272 2250 4320 ſichten abgeben. Oeſterreich war und iſt, abgeſehen von
1219 4315 2250 4363 wenigen Arbeiten, die zumeiſt das einheimiſche Verfahren
1219 4359 2250 4407 von Hyroß-Rak zum Gegenſtande der Unterſuchung und
1218 4402 2247 4451 Prüfung hatten, an dieſen Diskuſſionen kaum beteiligt.
1218 4445 2249 4493 Man hat hier wenig Luſt und auch keinerlei Ver⸗
1219 4488 2248 4537 anlaſſung, all den neueren Saftreinigungsverfahren näher⸗
1216 4532 2248 4579 zutreten, ohne damit aber in irgend einer Beziehung rück⸗
1215 4575 2247 4624 ſtändig oder rückſchrittlich zu ſein. Claaſſen, erklärt, daß
1215 4618 2248 4668 zur Gewinnung von möglichſt viel Zucker im Saft ein
1215 4662 2248 4712 Preßverfahren allein niemals das Diffuſionsverfahren er⸗
1213 4706 2246 4755 ſetzen kann. Die reinen Preßverfahren, ſei es mit ein⸗
1215 4749 2246 4798 facher oder mit doppelter Preſſung, können daher nur für
1215 4793 2245 4843 Fabriken in Frage-kommen, die eine rentable Verwertung
1215 4836 2244 4892 für die zuckerhaltigen Preßlinge in Form von mehr oder
1212 4879 2244 4929 weniger zuckerhaltigen Trockenſchnitten haben. Für alle
1212 4924 2245 4972 anderen Zuckerfabriken, die in den Rückſtänden der Saft⸗
1214 4967 2245 5018 gewinnung nicht mehr als 0˙5 Prozent Zucker (auf Rüben
1213 5012 2242 5061 gerechnet) verlieren wollen, kommt nur die Diffuſion in
1213 5054 2244 5104 Frage, entweder für ſich allein mit Rückführung der
1212 5098 2244 5148 Diffuſionswäſſer oder in Verbindung mit einem Vor⸗
1212 5142 2243 5191 preßverfahren. Dieſe letztere Kombination iſt beſonders
2308 2649 3344 2699 dann zu empfehlen, wenn die Erzeugung guter
2310 2692 3343 2745 Schnitzel, alſo eine gute Auslaugung bei Gewinnung
2311 2736 3353 2786 dichter Säfte auf Schwierigkeiten ſtößt, oder wenn man
2310 2782 3340 2835 die Leiſtung einer vorhandenen Diffuſionsbatterie ohne
2311 2825 3340 2872 Nachteil für die Auslaugung und Dichte dev Säfte er⸗
2311 2870 3339 2917 höhen will. Der Belgier Aulard bezeichnet als oben an⸗
2310 2914 3340 2964 ſtehend die verbeſſerten Diffuſionsverfahren mit Rück⸗
2309 2956 3340 3004 führung der Abwäſſer nach Claaſſen, Pfeiffer⸗Bergreen,
2308 2994 3339 3046 Zſcheye u. a., und zwar ſowohl techniſch als öko⸗
2309 3045 3339 3094 nomiſch. Das Brühverfahren von Steffen kommt bei
2311 3080 3340 3134 Aulard nicht gut weg, da es bei guten Zuckerpreiſen in⸗
2307 3132 3339 3178 folge des Verbleibens von zu viel Zucker in den
2307 3174 3337 3223 Schnitzeln völlig verſagt hat. Man hat deshalb ein Brüh⸗
2307 3219 3336 3265 verfahren in Verbindung mit Diffuſion erſonnen (das⸗
2306 3263 3336 3309 ſelbe beſteht darin, daß die Schnitzel ln einem etwas ver⸗
2306 3305 3336 3354 kleinerten Brühtrog wie bisher gebrüht, dann abgepreßt
2305 3349 3336 3398 werden und bei ſehr verkleinertem Volumen mit einer
2304 3392 3337 3440 Temperatur von 80 Grad Celſius in eine kurze Diffuſions⸗
2305 3436 3335 3485 batterie fallen, wo ſie ausgelaugt werden), eine Kom⸗
2305 3480 3334 3528 bination, die Aulard aber als zweckwidrig, ja als un⸗
2303 3523 3335 3572 ſinnig erklärt und die betreffs Zucker, Melaſſe und
2302 3566 3334 3618 Schnitzeln nur Minderwertiges leiſtet, unter Preisgabe der
2303 3609 3335 3660 Vorteile, die das Brühverfahren bei niedrigen Zucker⸗ und
2302 3655 3333 3705 hohen Futtermittelpreiſen bot. (Claaſſen iſt übrigens den
2303 3698 3334 3749 Auslaſſungen Aulards bezüglich des letzgenannten Kom⸗
2303 3742 3330 3793 binationsverfahrens entgegengetreten, indem er bemerkt,
2301 3785 3331 3837 daß das Urteil Aulards nur ein einſeitiges ſei, ſeine Be⸗
2300 3828 3332 3882 weiſe nicht ſtichhältig wären und daher keinen praktiſchen
2298 3872 3331 3923 Wert beſäßen.) Das Verfahren von Hyroß-Rak bezeichnet
2306 3916 3333 3966 Aulard als unter beſtimmten Umſtänden empfehlenswert
2304 3958 3332 4012 und als vielverſprechend, wenn auch noch nicht als end⸗
2305 4002 3331 4055 giltig zu beurteilen, während das ſehr einfache Verfahren
2304 4047 3330 4102 von Boſſe jedenfalls dem Brühverfahren ſchon heute
2302 4090 3330 4142 überlegen iſt. Sehr charakteriſtiſch und intereſſant in
2301 4135 3329 4187 Bezug auf die Verhältniſſe in Deutſchland ſind die Aus⸗
2301 4178 3328 4229 führungen von Schwenzer, der erklärt, daß die heutigen
2301 4222 3328 4273 neuen Saftgewinnungsverfahren von der deutſchen
2301 4265 3327 4316 Induſtrie wohl allgemein, vielleicht mit wenigen Aus⸗
2300 4310 3328 4359 nahmen beim reinen Steffenſchen Brühverfahren, nur
2301 4351 3328 4406 gleichſam zwangsweiſe aufgenommen werden. Die ver⸗
2300 4397 3326 4449 ſchiedenen Staats- und anderen Behörden werden in
2298 4441 3326 4491 ihren Forderungen auf Beſeitigung der Fabrikswäſſer,
2298 4480 3325 4541 reſpektive deren Reinigung immer rigoroſer, ſo daß
2296 4522 3325 4581 immer mehr Fabriken, da die eigentlichen Waſſerreinigungs⸗
2298 4573 3324 4623 verfahren ſehr teuer in der Anlage und noch recht un⸗
2297 4616 3323 4665 ſicher in ihrer Wirkſamkeit ſind, gezwungen werden,
2298 4659 3323 4714 entweder gar keine Abwäſſer zu erzeugen oder die er⸗
2296 4700 3322 4753 zeugten Abwäſſer nicht den öffentlichen Waſſerläufen zu⸗
2296 4749 3322 4797 zuführen. Da ſind nun die neuen Saftgewinnungs⸗
2296 4792 3321 4842 verfahren gekommen, die wohl keine Abwäſſer erzeugen,
2297 4836 3320 4884 aber, ſofern das reine Steffenſche Brühverfahren nich in
2296 4879 3320 4927 der Tat eine höhere Rente ergibt als die Diffuſion, keinen
2297 4924 3320 4972 Fortſchritt für die Zuckerinduſtrie bedeuten. Wie die ganze
2294 4967 3319 5015 Sachlage jetzt ſteht, braucht wohl den Anhängern der
2295 5009 3318 5059 alten Diffuſion noch lange nicht bange für die Zukunft
2293 5051 3318 5107 dieſes in allen Stürmen und Lagen erprobten klaſſiſchen
2294 5095 3114 5150 Verfahrens des Oeſterreichers Robert zu ſein!
