2479 3508
170 206 257 229 Seite 8
544 206 721 233 Wien, Samstag
1014 203 1261 230 Arbeiter-Zeitung.
1555 201 1704 225 6. Juli 1895
2002 202 2098 221 Nr. 182
147 268 2116 331 Für den Inhalt der Inſerate übernimmt die Redaktion keinerlei Verantwortung.
1807 356 2115 408 PATENTE
1884 382 2104 437 im Jn- und Auslanda
284 386 657 435 Theater vom 6. Juli.
145 480 459 512 K. k. Hof-Burgtheater.
234 532 366 555 Geſchloſſen.
147 581 459 610 K. k. Hof-Operntheater.
238 630 369 652 Geſchloſſen.
148 678 459 707 Deutſches Volkstheater
240 730 371 752 Geſchloſſen.
178 773 431 802 Raimund-Theater.
237 820 366 842 Geſchloſſen.
148 862 460 894 Theater an der Wien.
241 910 372 932 Geſchloſſen.
208 954 398 984 Carl-Theater.
240 1005 370 1027 Geſchloſſen.
148 1047 461 1081 Theater in der Joſefſtadt
240 1095 371 1118 Geſchloſſen.
158 1143 449 1177 Volkstheater in Rudolfsheim.
236 1192 369 1215 Geſchloſſen.
518 480 747 511 Jantsch-Theater.
477 512 790 532 (Wiener Volkstheater im k. k. Frater.)
568 565 701 582 Abends ½8 Uhr:
503 596 769 619 Ein Böhm in Amerika.
478 628 790 648 Große Gefang⸗Burleske in 5 Bildern
544 646 724 663 von Bruno Zappert.
496 667 773 686 Muſik von Gothov⸗Grünecke.
477 695 630 710 William Bolton
477 712 630 728 Marie Geiringer.
477 728 630 745 Aron Mandelblüh
478 745 630 762 Sarah, ſeine Frau
477 761 614 778 Wenzel Pawlizek
646 693 770 709 Carl Schauer.
646 710 757 726 Mitzi Bardi.
646 726 788 743 Edm. Frank a. G.
646 743 782 760 Joſ. Paulmann.
646 759 780 777 Franz Graſelli.
477 776 784 794 Marianka, ſ. Geliebte Giſela Magnus.
477 793 790 812 Johann Degelmeier Ed. Lunzer a. G.
477 809 761 827 Mali, seine Töchler Kathi Krenn.
478 825 748 845 Sali, Ella Carlé.
477 838 768 860 Kathi, Elsa Wernier.
477 854 777 877 Tini Käthi Wernier.
478 874 766 893 Suſi, Mitzi Ganſer.
478 889 760 910 Thildi Käthi Hanke.
477 907 740 926 Jenny, Balletmädchen Mitzi Bär.
478 923 753 942 Emmy, Lina Stöhr.
478 936 759 959 Mary, Mitzi Theſer.
478 956 789 975 Steffens, Steuermann Carl Oeſterreicher
478 972 773 991 John, Matrosen Guſtav Marik.
478 982 754 1007 Willy, Joſef Frank.
477 1006 768 1026 Heveſy Iſtwan . . . . Julius Knaack
477 1023 778 1040 Knoll, Polizeibeamter Arthur Lorette.
477 1038 789 1059 Maier, Polizei⸗Adjunkt Arthur Müllner.
478 1055 788 1074 Tſchibi, Indianer⸗ Adolf Karlinger.
477 1072 780 1090 Tſchibe, häuptlinge Carl Haßmann.
478 1088 762 1107 Fru⸗Fru, Indianerin . Eſther Stein.
478 1105 763 1123 Korſarenkapitän . . . Heinrich Baß.
478 1122 755 1140 Arthur Schanenburg . Albert Reiß.
578 1155 689 1173 Repertoire:
477 1181 788 1199 Sonntag den 7. und die folgenden Tage:
494 1198 688 1217 „Ein Böhm in Amerika.“
319 1249 625 1283 Sehenswürdigkeiten.
423 1286 517 1303 Samstag:
145 1305 742 1328 Naturhistorisches Hofmuseum (Burgring), von 10 bis 3 Uhr.
144 1323 629 1343 K. und k. Heeresmuſeum im Artillerie⸗Arſenale, von 1 bis 5 Uhr Nachmittags.
144 1338 616 1358 Gräflich Harrach'sche Galerie, von 10 bis 4 Uhr.
353 1374 585 1391 Alle Tage zu beſichtigen:
213 1368 791 1420 Hofbibliothek, Josefsplatz, von 9 bis 4 Uhr. — Augustiner⸗
143 1382 786 1435 Hofpfarrkirche mit den Grabmälern der Erzherzogin Christine und des
145 1397 785 1454 Feldmarschalls Daun. — Oesterreichisches Museum am Stubenring.
145 1413 790 1470 Permanente Ausstellung von Erzeugnissen der Kunst=Industrie. — Hof=Jagd=
142 1430 791 1485 und Sattelkammer und Hofmarstall, außer dem Burgthore. —
145 1446 788 1504 Gemäldegalerie der k. k. Akademie der bildenden Künste,
143 1463 788 1519 Schillerplatz 3, Samstag, Sonn= und Feiertag von 10 bis 1 Uhr, an den übrigen
142 1477 789 1534 Tagen gegen vorherige Meldung beim Kustos. — Museum der Gips⸗
145 1528 790 1550 abgüſse der k. k. Akademie der bildenden Künſte, Schillerplatz 3.
144 1544 787 1565 Montag bis Freitag von 9 bis 2 Uhr; Samstag, Sonn⸗ und Feiertag geſchloſſen.
144 1560 787 1580 — Gewerbe⸗hygieniſches Muſeum, Reichsrathsſtraße 23. Mit Aus⸗
144 1577 787 1597 nahme von Montag und Freitag von 10 bis 4 Uhr unentgeltlich. — Orientaliſch⸗
143 1593 787 1613 kunſtgewerbliche Sammlungen des k. k. öſterreichiſchen Handels⸗
143 1610 787 1630 muſeums, Schottenring, Börſegebäude. Täglich mit Ausnahme von Montag
142 1625 787 1648 geöffnet. — Technologiſches Gewerbemuſeum, IX. Bezirk, Währinger⸗
142 1643 787 1662 straße 59, an Wochentagen (mit Ausnahme Samstag) von 10 bis 4 Uhr, an
142 1659 787 1680 Sonn⸗ und Feiertagen von 9 bis 1 Uhr. An Sonntagen freier Eintritt. Samstag
142 1675 786 1694 geſchloſſen, an allen übrigen Tagen (auch Feiertagen) Eintritt 20 kr. — Muſeum
142 1691 786 1712 für Muſikfreunde im Gebäude der Geſellſchaft der Muſikfreunde. — Wachs⸗
141 1707 786 1729 präparate⸗Sammlung des ehemaligen Joſephinum, IX. Wäh⸗
140 1724 787 1744 ringerſtraße 25, von 10 bis 12 Uhr. — Fürſtlich Johann Liechtenſtein⸗
141 1741 786 1761 sche Gemäldegalerie, IX. Fürſtengaſſe 1, an Wochentagen von 9 bis 4 Uhr,
141 1757 502 1775 an Sonntagen von 1 bis 4 Uhr Nachmittags.
140 1860 785 1906 Englischer Garten am Praterstern.
141 1951 789 2016 „Venedig in Wien“
275 2022 653 2045 Um 5, 7 und 9 Uhr Vorstellungen im
137 2045 784 2082 Marionetten-Theater.
163 2091 760 2113 Grosser Gondel-Corso. 8 Musik-Chöre.
139 2121 786 2150 Alt-Venetianer Pracht-Gondel mit der Serenade.
173 2160 755 2187 Prof. Surdi’s Panorama „Die Krippe“.
139 2191 785 2218 Um 11 Uhr: Italienischer Zapfenstreich.
183 2225 738 2249 Eintritt 30 kr. — Kinder 10 kr.
139 2254 785 2284 Kassa-Eröffnung 10 Uhr Vorm. Ende 12 Uhr Nachts.
186 2411 745 2462 Kaiser-Jubiläums-Kirchenbau-Lotterie
281 2449 477 2499 Letzte Woche.
548 2444 719 2496 1019 Treffer.
366 2501 570 2525 Haupttreffer
156 2526 763 2578 30.000 fl. Werth, 5000 fl. Werth
293 2582 762 2606 Lose à 1 fl. empfehlen: 3143
154 2609 762 2684 Anton Schey jun., Wechselstube, II. Praterstrasse Nr. 24
170 2637 762 2661 Benvenisti & Stern, Wechselstube, VI. Mariahilferstrasse
433 2661 500 2678 Nr. 63.
142 2731 785 2775 Erſte Wiener Volksbuchhandlung (Ignaz Brand)
271 2779 661 2805 Wien, VI. Gumpendorferſtraße Nr. 8.
208 2821 720 2862 Was will die Sozialdemokratie?
144 2860 787 2892 Beſchlüſſe der ſozialdemokratiſchen Arbeiterpartei Oeſterreichs am
358 2886 575 2911 Parteitag zu Hainfeld.
254 2911 679 2942 Preis 2 kr. — 100 Stück 60 kr.
144 2943 787 2988 Dis Judenfrage, ökonomiſch und ethiſch.
324 2987 613 3012 Von Dr. Franz Lütgenau.
170 3011 760 3040 24 Seiten Groß⸗Oktav. Preis 10 kr. 50 Exemplare fl. 3.50.
197 3038 785 3063 Eine treffliche Analyſe des Weſens und der Entwicklung des Antiſemitismus
147 3057 594 3079 unter dem Geſichtspunkt der wirthſchaftlichen Entwicklung.
196 3083 736 3126 Chriſtus und die Sozialdemokratie.
370 3121 789 3152 Von Paul Kempe. 3207
216 3150 723 3183 32 Seiten. Preis 9 kr. In Partien hoher Rabatt!
150 3185 786 3234 Was die Sozialsdemokraten ſind und was ſie wollen.
331 3230 611 3256 Von Wilhelm Liebknecht.
218 3255 724 3287 64 Seiten. Preis 15 kr. In Partien hoher Rabatt!
815 338 971 389 Achtung!
806 362 978 413 Lesen Sie Sonntag
881 378 1019 429 die Annonce von
836 408 1047 459 Sigmund Weiler
949 459 1071 476 Schneidermeister
924 475 1094 493 Wien, XVII. Hernals,
808 492 1119 510 3177 Hauptstraße Nr. 72.
888 530 1036 575 Möbel.
816 559 1110 611 Achtung! Genossen, Genossinnen!
826 580 1121 630 Kasten fl. 8, Doppel=Chiffonière
810 596 1124 647 fl. 14, Bett fl. 6, Tisch fl. 3, Waschkasten
808 642 1130 660 ft. 6, Nachlkaſtel ft. 3, Seſſel 90 kr., I
808 660 1119 678 Küchenkredenz fl. 7, Gisler, Wien,
808 677 1121 695 Fünfhaus, Sperrgaſſe 1. 3200
828 744 1092 797 Schlußröcke fl. 4.—
831 771 1092 821 Ueberzieher fl. 4.—
824 796 1094 849 Sacco fl. 3.—
826 823 1093 877 Jaquets fl. 3.—
828 852 1018 904 Knaben=Ueber=
842 879 1091 933 zieher fl. 3.—
828 906 1092 957 Gilets fl. 0.50
829 958 1090 982 theils zurückgeſetzt,
827 985 1090 1010 theils eingetauſcht,
829 1013 1090 1036 in der Kleiderſchwemme
827 1038 1091 1063 Jacob Rothberger,
828 1065 1091 1090 I. Stefansplatz Nr. 9,
829 1092 1089 1117 ſo lange der Vorrath
928 1120 1075 1142 reicht. 3117
1164 354 1422 384 Eingetauſchte und
1200 384 1389 412 zurückgeſetzte
1141 409 1446 432 Herrenkleider, modern, ele⸗
1141 432 1449 467 gant, dauerhaft und ſehr
1155 451 1448 476 billig bei Jakob Weinberger,
1140 473 1448 498 vgl. Herrenſchneider, Wien,
1139 495 1448 520 I. Weihburggaſſe Nr. 5, Par⸗
1140 517 1448 541 terre und 1. Stock, vis-à-vis
1139 537 1448 565 der Lampenniederlage von
1139 559 1449 588 Ditmar. 3118
1199 596 1389 628 Kinderbetten
1138 627 1437 647 werden eingenetz u. Netze verkauft
1138 642 1439 661 b. A. Krſchek, VI. Stumpergaſſe 10.
1177 676 1413 689 Garantirt reiner Natur⸗
1139 701 1453 789 WEIN
1135 812 1347 901 1 Liter 25
1352 845 1449 882 Kreuzer
1137 920 1450 939 roth ober weiß,von 5 Flaſchen aufwärts
1137 936 1450 955 ſpeſenfrei ins Haus. Alle Sorten In⸗ und
1137 952 1450 972 Ausländer⸗, Tiſch⸗, Deſſert⸗ u. Medizinal⸗
1137 969 1448 988 weine, Cognac, Lianeure, Thee, Rum 2c.2c.
1198 989 1384 1022 Währinger
1150 1008 1440 1062 Flaschenwein-Depôt
1162 1064 1425 1088 XVIII. Semperſtraße 6
1166 1086 1451 1104 und in den Filialen: 3123
1199 1102 1355 1121 II Taborſtraße 26.
1153 1117 1448 1139 VI. Gumpendorferſtraße 88 B.
1187 1135 1372 1153 VII. Weſtbahnſtraße 6.
1161 1150 1340 1170 IX. Althauplatz 11.
1199 1168 1392 1187 X. Himbergerſtraße 22.
1136 1182 1441 1202 XVII. Hernals, Hauptſtraße 13.
835 1219 1420 1246 Verein der Angehörigen der graphiſchen Fächer für Nieder⸗
806 1243 1218 1270 österreich in Wien.
951 1277 1301 1310 Sonntag den 7. Juli
808 1313 1449 1392 Großes Garten⸗ u. Wieſenfeſt
1117 1361 1146 1412 in
835 1410 1427 1440 Johann Förſter's Reſtauration*) in Weidlingau⸗Hadersdorf
1009 1444 1252 1467 (Schwechater Bierhasse).
854 1469 1444 1489 Mitwirkung der Konzertkapelle „Oberon“, des Geſangvereines „Polygraphia“
806 1486 1448 1505 ſowie einiger anderer Kunſtkräfte, Veranſtaltung von verſchiedenen erheiternden
806 1502 1149 1521 Geſellſchaftsſpielen und Beluſtigungen ꝛc. ꝛc.
806 1524 1439 1555 Beginn des Konzerts 2 Uhr, der Geſangsvorträge 3 Uhr.
854 1556 1365 1577 Für gute Speiſen und Getränke wird beſtens und billigſt geſorgt.
855 1578 1446 1600 Eintrittspreis an der Kaſſe 20 kr. Beſitzer von früher ausgegebenen Ein⸗
805 1595 1220 1614 ladungskarten zahlen an der Kaſſe 15 kr. Kinder frei.
854 1617 1447 1639 Genoſſen! Nachdem ſich dieser Feſt zu einem wahren Arbeiterfeſt geſtalten
805 1634 1446 1653 ſoll, appelliren wir an die organiſirten Arbeiter und Arbeiterinnen Wiens, ins⸗
804 1651 1407 1670 beſondere an die eigenen Berufsangehörigen und verwandten Berufe. Zeigt eure
805 1666 1087 1686 Solidarität und erſcheint maſſenhaft.
853 1689 1447 1710 NB. Im Falle ungünſtiger Witterung findet das Feſt Sonntag den 14. Juli ſtatt.
806 1721 1448 1743 *) Selbe iſt von der Station Weidlingau⸗Hadersdorf 700 Schritte entfernt.
820 1738 1448 1758 Der Weg führt vom Bahnhof in die Poſtgaſſe, über die Mauerbachbrücke, durch
805 1754 1447 1775 die Wienergaſſe auf den Hadersdorferberg, woſelbſt ſich die Reſtauration befindet.
804 1777 842 1808 3209
1238 1777 1426 1808 Das Festcomié.
959 1869 1298 1893 Oesterreichischer
847 1909 1407 2013 Arbeiter-Kalender
1011 2039 1239 2059 für 1896.
889 2076 1405 2103 Unſer Arbeiterkalender wird heuer in vergrößertem
845 2099 1188 2124 Format im Kommiſſionsverlag der
915 2132 1405 2159 Erſten Wiener Volksbuchhandlung
847 2164 1405 2190 erſcheinen. Neben demſelben gelangt, vielfach ausgeſproche⸗
845 2187 1405 2212 nem Wunſch entſprechend, ein Taſchenkalender zur
845 2208 1404 2234 Ausgabe, welcher ſich durch praktiſche Eintheilung, reichen
844 2231 1404 2256 Inhalt und hübſche Ausſtattung zahlreiche Freunde er⸗
845 2253 1326 2278 werben wird. Beſtellungen ſind zu richten an den
867 2287 1382 2320 Verlag des Oeſterreichischen Arbeiter⸗Kalender
993 2325 1257 2350 Brünn, Joſefſtadt Nr. 26
844 2347 950 2367 und an die
862 2381 1386 2417 Erste Wiener Volksbuchhandlung (Ignaz Brand)
932 2418 1316 2443 Wien, VI. Gumpendorferſtraße Nr. 8.
831 2509 1416 2582 „Arbeiterinnen-Zeitung“
804 2581 1435 2612 Einzelne Nummer 4 kr. Vierteljährig 26 kr.
901 2619 1339 2644 Verbreitet sie überall!
804 2657 1445 2690 Redaktion: Wien, VI. Kopernikusgasse 12.
804 2690 1445 2718 Stadt-Expedition: Wien, 1. Schulerstr. 14.
899 2799 1351 2901 Glühlichter
948 2908 1298 2934 Humoriſtiſch⸗ſatiriſches Arbeiterblatt.
856 2975 1388 3015 Erſcheint jeden zweiten Freitag.
933 3058 1306 3090 Vierteljährig 35 kr. = 70 Heller.
852 3102 1385 3130 Mit Poſtverſendung vierteljährig 40 kr. = 80 Heller.
963 3145 1279 3168 Redaktion und Adminiſtration:
902 3183 1335 3220 Wien, IX. Ferſtelgaſſe Nr. 6.
1594 358 1658 374 In der
1500 373 1750 397 Sonterrain⸗Abtheilung
1471 394 1778 442 (Schwemme) werden Sacco von
1484 411 1780 431 fl. 3, Ueberzieher fl. 4, Jaquet
1484 427 1779 447 fl. 3, Schlußröcke fl. 4, theils
1470 442 1778 462 zurückgeſetzt, theils eingetauſcht,
1471 459 1778 478 verkauft, ſo lange der Vorrath
1468 476 1778 495 reicht, bei Jakob Rothberger,
1471 492 1780 511 I. Stefansplatz Nr. 9. 3116
1556 540 1697 572 Warnung
1468 577 1782 594 vor Ankauf einer ſilbernen Taſchenuhr
1469 594 1781 612 (Zylinder) ſammt ſilbernen Panzerkette.
1469 610 1782 627 Im Deckel befindet ſich J. B. I. 22448
1470 627 1782 645 eingravirt. Der Zuſtandebringer erhält
1469 644 1782 661 5 fl. Adreſſe in der Exp. d. Bl. 366
1538 688 1713 720 Jede Arbeit
1469 720 1781 738 auch Waſchen und Reinigung,
1469 737 1781 754 übernimmt eine Frau, deren
1468 754 1781 771 Mann erkrankt iſt. Gütige Auf⸗
1468 770 1780 788 träge an Emilie Periather,
1468 787 1780 804 XVI. Herbſtſtraße Nr. 36, 1. Stock.
1469 802 1781 819 Thür 11. 2239
1481 936 1775 989 MÖBEL.
1469 1000 1789 1027 Wegen projektirter Maga⸗
1472 1024 1789 1049 zinsdemolirung und Ueber⸗
1471 1043 1781 1071 füllung derſelben verkaufe
1483 1067 1770 1092 ich tief unter dem Preiſe.
1487 1088 1781 1110 2 Chiſſonières, 2 maſſive Betten,
1473 1103 1781 1124 1 Waſchkaſten, 1 Nachtkaſtel mit Stein⸗
1471 1121 1780 1141 platte, 1 Schlaſſoſa mit Polſter, 1 Tiſch,
1470 1137 1781 1160 4 Seſsel, 2 Karniſſen, 1 Wandſpiegel
1470 1153 1586 1171 zum Preiſe von
1472 1170 1779 1194 fl. 55, 65, 75, 85, 100, 120.
1502 1188 1779 1210 Jeder Käufer einer Einrichtung erhält
1469 1200 1774 1224 als Gratisbeigabe 1 Handtuchhälter,
1471 1220 1789 1241 1 Kleiderrechen, 1 Spucknapf, 1 Schemel,
1471 1235 1778 1258 1 Friſirſpiegel, 1 Makart⸗Bouquet,
1470 1251 1584 1270 1 Stiefelzieher.
1469 1269 1778 1294 Ganze Kücheneinrichtungen fl. 15,
1469 1285 1778 1305 20, 25. Gekaufte Möbel können im
1469 1303 1778 1323 Magazin bleiben. Einzelne Gegenſtände
1469 1317 1650 1337 zu ſehr billigen Preiſen.
1469 1341 1778 1377 Tiſchler- u. Tapezierer-
1542 1375 1778 1410 Möbellager 3115
1605 1407 1715 1430 Wien, Fünfhaus
1466 1428 1776 1453 16 Schönbrunnerſtraße 16
1482 1448 1760 1470 (zweites Haus neben „Hotel Fuchs“).
1466 1464 1776 1484 Tramwayhalteſtelle Weſtbahn. Bitte die
1515 1482 1729 1501 Nr. 16 genau zu beachten.
1865 444 2111 468 Marken- und Musterschutz
1914 477 2063 500 besorgt korrekt
1800 505 2110 549 H. Palm
1831 559 2080 605 (Michalecki & Co.)
1801 608 2112 641 Erstes beh. aut. Privilegien-Bureau
1883 648 2026 666 in WIEN
1800 674 2110 697 I. Stefansplatz 8, Brandstätte I.
1801 703 2110 726 Ca. 20.000 Patentbesorgungen durchgeführt.
1893 732 2109 747 Heransgabe des 2901
1800 747 2110 764 „Ill. öst.-ung, Patent-Blattes“.
1833 775 2075 819 „Helios“
1815 817 2093 840 Fahrrädererzeugung und
1860 840 2054 861 Reparaturanstalt.
1830 861 2084 897 Wilhelm Moik
1798 904 2111 928 Wien, XVI. Liebhartsgasse 44
1852 927 2059 949 im eigenen Hause.
1797 949 2111 970 „Helios“-Fahrräder von fl. 140.—
1907 971 2112 989 aufwärts. 2890
1816 1133 2095 1187 ZÄHNE
1934 1173 1981 1225 und
1835 1232 2071 1261 Gebisse
1812 1267 2094 1286 ohne die Wurzel zu entfernen
1834 1290 2072 1312 und ohne Gaumenplatte.
1812 1316 2095 1334 Plomben aller Art.
1812 1342 2094 1361 Zahnziehen mittelst Cocaïn
1812 1365 2094 1387 und Lustgas garantirt
1871 1388 2094 1407 schmerzlos. 2943
1811 1414 2092 1437 Reparaturen in einer Stunde.
1812 1443 2093 1481 13 nur Glockengasse 13.
1550 1517 2053 1554 K. k. priv. Südbahn-Gesellschaft.
1470 1576 2130 1627 Auszug aus dem Fahrplane der Personenzüge.
1624 1638 1970 1660 Giltig vom 1. Juni 1895.
1517 1670 1749 1690 Abfahrt von Wien:
1510 1696 1790 1718 5.55 Früh: (Perſz.) Payerbach; Kanizſa,
1509 1712 1789 1734 Budapeſt, Güns (Dienſtag, Freitag,
1510 1729 1789 1749 Sonn⸗ u. Feiertag); Pakrácz⸗Lipik;
1510 1745 1776 1764 Eſſegg, Sarajevo; Agram; Aspang.
1469 1761 1790 1781 7.20 Früh: (Schnellz.) Leoben, Vordern⸗
1510 1779 1790 1798 berg, Venedig (via Pontafel), Kanizſa,
1509 1795 1790 1816 Eſſegg, Sarjevo, Pakrácz⸗Lipik,
1510 1811 1703 1831 Agram; Neuberg, Aſlenz.
1507 1827 1791 1847 7.30 Früh: (Schnellz.) Trieſt, Görz, Fiume,
1509 1845 1790 1864 Pola, Rovigno, Siſſek (via Stein⸗
1509 1860 1790 1879 brück), Gonobitz, Klagenfurt, Villach,
1510 1877 1791 1896 Bozen, Meran, Arco, Innsbruck (via
1508 1893 1792 1913 Marburg), Wolfsberg, Luttenberg
1508 1910 1684 1929 (Gleichenberg), Köflach.
1506 1926 1791 1948 8.— Früh: (Perſz.) Steinbrück, Köflach,
1509 1942 1755 1963 Wies, Stainz, Leoben, Neuberg.
1468 1958 1792 1980 1.20 Nachm.: (Poſtz.) Trieſt, Görz, Venedig;
1507 1975 1792 1995 Fiume; Pola, Rovigno, Siſſek, Brod,
1508 1961 1791 2015 Banjaluka; Leoben, Vordernberg;
1505 1974 1648 2031 Neuberg; Aslenz.
1470 1993 1790 2050 1.35 Nachm.: (Persz.) Oedenburg, Kanizsa,
1507 2006 1635 2060 Güns, Budapest.
1508 2057 1791 2091 4.30 Nachm.: (Perſz.) Graz, Leoben, Neu⸗
1505 2037 1550 2091 berg.
1466 2089 1782 2111 5.05 Nachm.: (Perſz.) Wr.⸗Neuſtadt, Stein⸗
1507 2109 1574 2123 amanger.
1466 2122 1788 2145 7.40 Abds.: (Perſz.) Kanizſa, Budapeſt,
1507 2138 1788 2163 Pakrácz⸗Lipik; Eſſegg, Bosn.⸗Brod;
1507 2155 1707 2175 Agram, Siſſek, Banjaluka.
1466 2171 1788 2192 8.20 Abds.: (Schnellz.) Trieſt, Görz, Vene⸗
1506 2189 1787 2209 dig, Rom; Mailand, Genna; Pola,
1506 2204 1787 2225 Rovigno; Fiume; Siſsek, Banjaluka.
1507 2220 1788 2243 Budapeſt (via Pghf.), Klagenfurt,
1506 2238 1788 2258 Franzensfeſte, Meran, Arco, Inns⸗
1507 2253 1665 2274 bruck (via Marburg).
1506 2270 1788 2294 9.— Abds.: (Postz.) Trieſt, Görz, Venedig,
1504 2286 1788 2309 Rom, Mailand; Pola, Rovigno,
1505 2306 1789 2329 Agram: Gonovitz, Budapest (via
1504 2320 1787 2346 Pragerhof); Klagenfurt, Wolfsberg,
1503 2337 1787 2360 Meran, Arco, Innsbruck (via Mar⸗
1503 2354 1786 2378 burg); Luttenberg, Köflach, Wies;
1504 2371 1730 2395 Stainz, Leoben, Vordernberg.
1860 1670 2118 1693 Ankunft in Wien:
1811 1699 2130 1717 6.40 Früh: (Poſtz.) Trieſt, Rom, Mai⸗
1852 1716 2129 1734 land, Venedig, Görz; Pola; Agram,
1851 1731 2129 1750 Budapeſt (via Pragerh.); Arco, Inns⸗
1851 1748 2129 1768 bruck, Klagenfurt, Wolfsberg (via
1850 1765 2129 1786 Marburg); Luttenberg, Köflach, Wies;
1852 1781 1972 1799 Stainz, Leoben.
1810 1799 2128 1821 9.— Früh: (Perſz.) Kanizſa, Bosn.⸗Brod,
1851 1820 2128 1840 Eſſegg; Pakrácz⸗Lipik, Agram, Buda⸗
1851 1836 2013 1854 peſt (via Oedenburg).
1812 1852 2129 1871 9.40 Vorm.: (Perſz.) Steinamanger, Güns.
1811 1869 2128 1890 9.50 Vorm.: (Schnellz.) Trieſt, Rom, Mai⸗
1851 1886 2129 1905 land, Venedig, Görz; Pola, Rovigno;
1852 1901 2129 1921 Fiume, Siſſek, Agram, Budapeſt
1852 1918 2129 1937 (via Pragerhof); Arco, Meran, Inns⸗
1853 1935 2130 1954 bruck, Klagenfurt (via Marburg),
1853 1952 1984 1970 Leoben, Neuberg.
1813 1971 2131 1993 1.10 Nachm.: (Persz.) Graz, Leoben)
1853 1990 2129 2008 Vordernberg, Aslenz.
1813 2003 2131 2024 1.59 Nachm.: (Perſz.) Gr.⸗Kanizſa (Güns)
1852 2022 2131 2041 Dienſtag, Freitag, Sonn⸗ u. Feier⸗
1852 2040 2126 2058 tag), Hainfeld, Aſpang.
1811 2055 2131 2075 4.— Nachm.: (Poſtz.) Trieſt, Görz, Vene⸗
1851 2072 2131 2093 dig, Pola; Rovigno; Fiume, Siſſek,
1850 2091 2131 2110 Agram; Radkersburg, Köflach, Wies;
1851 2108 2131 2127 Stainz, Vordernberg, Leoben; Neu⸗
1851 2090 1896 2144 berg.
1809 2137 2092 2160 6.12 Abds.: (Perſz.) Oedenburg.
1806 2158 2129 2176 8.38 Abds.: (Perſz.) Steinbrück, Graz,
1841 2175 1908 2191 Neuberg.
1808 2190 2129 2206 8.58 Abds.: (Perſz.) Sarajevo, Eſſegg;
1848 2205 2128 2222 Agram, Budapeſt, Kanizſa; Pakrácz⸗
1847 2221 2125 2239 Lipik (via Oedenburg); Gutenſtein.
1810 2243 2125 2263 9.35 Abds.: (Schnellz.) Trieſt, Görz, Pola;
1850 2258 2127 2280 Rovigno: Fiume; Brod, Siſsek (via
1852 2275 2128 2295 Steinbrück); Gonobitz, Villach,
1850 2291 2130 2312 Klagenfurt, Wolfsberg; Luttenberg,
1849 2310 2128 2330 Köflach.
1806 2328 2130 2347 9.45 Abds.: (Schnellz.) Venedig (via Pon⸗
1846 2344 2130 2363 tafel), Bozen, Meran, Arco, Inns⸗
1848 2363 2129 2381 bruck; Leoben, Vordernberg; Neu⸗
1846 2348 1951 2400 berg, Aslenz.
1464 2393 2128 2422 Schlafwagen verkehren mit den Schnellzügen (Wien ab 8.20 Abds., Wien an 9.50 «,».)
1464 2411 2128 2435 zwiſchen Wien⸗Trieſt, Wien⸗Venedig via Cormons und Wien⸗Franzensfeste
1729 2433 1990 2450 via Marburg.
1464 2445 2128 2477 Direkte Wagen I., II. Klaſſe verkehren mit den obigen Schnellzügen zwiſchen
1464 2466 2128 2492 Wien⸗Fiume (Abbazia) und Wien⸗Ala via Franzensfeſte, ferner mit den Schnell⸗
1464 2481 2128 2506 zügen (Wien ab 7.20 Früh und Wien an 9.45 Abds.) zwiſchen Wien⸗Venedig via
1760 2502 1818 2516 Leoben.
1472 2527 2116 2564 Lokalzüge von Wien (Südbahnhof), Hauptzollamt und Praterstern.
1463 2527 2124 2589 5.55 Früh: Payerbach=Reichenau, Kaltenleutg., Laxenburg, Aspang. 6.— Früh: Potten⸗
1464 2541 2122 2606 dorf, Wr.=Neustadt. 6.50 Früh (Praterst. 6.31): Leobersdorf, Kaltenleutgeben, Laxen⸗
1463 2559 2122 2624 burg, Gutenstein, Hainfeld, 7.55 Früh (Praterstern 7.36): Mödling. 8.— Früh (Prater⸗
1464 2576 2124 2641 stern 7.36): Steinbrück, Kaltenleutgeben, Laxenbug. 3.15 Früh: Pottendorf, Wr.=
1464 2592 2121 2658 Neustadt. 8.30 Vorm. (Praterstern 8.08): An Sonn= und Feiertagen Böslau. 9.— Vorm.
1461 2609 2124 2672 (Praterst. 8.30): Böslau, Kaltenleutgeben, Laxenburg. 10.— Vorm. (Praterst. 9.36):
1459 2625 2125 2687 Wr.=Neustadt, Kaltenleutgeben, Laxenburg. 11.— Vorm. (Praterstern 10.39): Böslau.
1464 2641 2127 2702 11.30 Vm. (Praterst. 11.08): Mürzzuschlag, Kaltenleutgeben, Laxenburg, Gutenstein, Hain⸗
1463 2658 2127 2720 feld. 12.10 Nachm. (Praterstern 11.50): Mädling; an Sonn= und Feiertagen: Böslau,
1461 2674 2127 2736 Kaltenleutgeben, Laxenburg, 12.35 Nachm. (Praterst. 12.12): Leobersdorf, Kaltenleut⸗
1462 2689 2126 2752 geben, Laxenburg. 1.— Nachm. an Sonn= und Feiertagen: Böslau. 1.25 Nachm.
1460 2706 2127 2768 (Praterst. 1.06): Mödling, Kaltenleutgeben, Laxenburg. 1.35 Nm. Wr.=Neustadt.
1457 2723 2126 2786 2.— Nm. (Praterst. 1.40): Böslau, Kaltenleutgeben, Laxenburg, 2.50 Nm. (Praterst.
1457 2739 2127 2803 2.32): Böslau. 3.— Nm. (Praterst. 2.32): Wr.=Neustadt, Kaltenleutgeben, Laxenburg.
1458 2757 2129 2820 3.30 Nm. (Praterst. 3.12): Böslau, Rodaun. 3.40 Nachm., an Sonn= und Feiertagen.
1458 2774 2126 2837 Leobersdorf, Hainfeld, Gutenstein. 3.45 Nachm., an Wochentagen: Böslau. 2.55 Nm.
1458 2791 2125 2854 (Praterstern 3.36), an Wochentagen: Leobersdorf, Hainfeld, Gutenstein. 4.— Nachm.
1459 2806 2126 2871 (Praterst. 3.36): Böslau, Kaltenleutgeben, Laxenburg. 4.05 Nm.: Mödling. 4.20 Nm.
1460 2822 2127 2888 Böslau. 4.30 Nachm. (Praterst. 4.10): Granz, 4.35 Nachm. (Praterstr. 4.10): Böslau,
1457 2839 2126 2904 Kaltenleutgeben, Laxenburg. 4.55 Nm. (Paterst. 4.38), an Wochentagen: Mödling.
1459 2856 2129 2921 5.05 Nm. (Praterstern 4.38): Wr.=Neustadt, Kaltenleutgeben, Laxenburg, 5.30 Nachm.,
1456 2872 2133 2937 (Praterstern 4.57): Böslau, Kaltenleutgeben. 5.50 Nachm.: Böslau. 5.55 Nachm.,
1455 2888 2128 2954 (Praterstern 5.34), an Wochentagen: Mödling, Kaltenleutgeben, Laxenburg. 6.— Abds.
1456 2905 2123 2973 (Praterst. 5.34): Payerbach, Kaltenleutgeben, Laxrnburg, 6.15 Abds. (Praterst. 5.51),
1456 2921 2127 2992 an Wochentagen: Mödling. 6.30 Abends (Praterstern 5.51): Böslau, Kaltenleutgeben.
1454 2939 2122 3008 6.45 Abds. (Praterst. 6.25), an Wochentagen: Mödling. 6.55 Abds. (Praterst. 6.25):
1456 2955 2126 3026 Böslau. 7.— Abds. (Praterstern 6.44); Wr.=Neustadt, Kaltenleutgeben, Laxenburg.
1453 2973 2128 3043 7.30 Abds., an Wochentagen: Leobersdorf, Gutenstein, Hainfeld. 7.40 Abds. (Prater⸗
1453 2990 2130 3060 stern 7.21): Payerbach, Kaltenleutgeben, Laxenburg, Gutenstein, Hainfeld. 7 45 Abds.,
1455 3005 2125 3075 an Wochentagen: Mödling. 8.35 Abends (Praterstern 8.13): Mödling (an Sonn= und
1453 3022 2124 3092 Feiertagen Böslau), Kaltenleutgeben, Laxenburg. 8.50 Abends, an Wochentagen:
1452 3037 2122 3108 Mödling, Kaltenleutgeben. 9.— Abends (Praterstern 8.40): Triest, Kaltenleutgeben.
1453 3055 2125 3123 10.— Abds. (Praterst. 9.34), an Sonn= und Feiertagen: Böslau. 11.— Nachts (Prater⸗
1679 3078 1901 3134 stern 10.20): Wr.=Neustadt.
1460 3106 2122 3178 Fahr=Ordnungen in Plakat= und Taschenformat bei allen Billetten=Kassen; Taschen=
1558 3125 2017 3192 Fahrplan der Lokalzüge in allen Tabak=Trafiken Wiens.
1452 3143 2119 3215 Fahrkarten=Ausgabe (in beschränktem Maße) und Auskünfte bei der Wiener
1456 3159 2114 3234 Agentur der Internationalen Schlafwagen=Gesellschaft, I., Kärntnerring Nr. 15, im
1456 3177 2123 3253 Fahrkarten=Stadtbureau der kgl. ungar. Staatseisenbahnen in Wien, I., Kärntnerring 9,
1455 3193 2114 3270 dann in den Reisebureaux: Th. Cook & Sohn, I., Stefansplatz 2, G. Schroekl's
1456 3212 2118 3287 Witwe, I. Bez., Kolowratring 9, und Schenker & Co., I., Schottenring (Hotel de
1750 3238 1824 3291 France).
207 3256 2041 3336 Eigenthümer: Julius Popp, Jak. Neumann.— Herausgeber: Dr. Viktor Adler.— Verantwortlicher Redakteur: A. Radimsky, in zeitweiliger Vertretung des L. A. Bretschneider.
767 3277 1463 3338 Druck von L. Bergmann & Comp., Wien, IX. Universitätsstraße 6—8.
