3346 5257
89 118 260 158 Nr. 3184
840 104 1115 153 Wien, Samstag
1393 105 1965 146 Neue Freie Presse.
2206 95 2435 134 5. Juli 1873
3055 93 3181 130 Seite 5
50 183 1082 236 keineswegs theilt. Zwar läßt sich nicht leugnen, daß dabei, wie
52 222 1081 274 ich früher einmal auszuführen Gelegenheit hatte, mitunter Beweg⸗
51 260 1081 313 gründe mitspielen, die der Sache selbst ganz fern stehen; daß zum
50 299 1081 350 Beispiel Graf Schuwaloff, wenn es gerade sonst nichts zu thun
52 337 1083 389 gibt für seine Gendarmen, nicht verschmäht, aus einer ganz harm⸗
52 376 1082 424 losen Arbeitseinstellung eine große Angelegenheit zu machen. Allein
53 415 1082 462 daraus allem läßt sich die Aufmerksamkeit doch nicht erklären,
51 445 1082 502 mit welcher die Regierung jedes Symptom auf diesem Gebiete
54 491 1083 539 verfolgt. Sie weiß natürlich recht gut, daß bei dem äußerst zurück⸗
52 529 1083 582 gebliebenen Bildungsstande der russischen Arbeiter eine Entwick⸗
53 567 1082 618 lung social=demokratischer Grundsätze, wie sie die „Internationale“
57 601 1083 657 vertritt, nicht in zu naher Zukunft noch zu befürchten steht; gleich⸗
57 644 1083 695 wol fürchtet sie, und nicht mit Unrecht, daß der stark socialistische
53 683 1084 737 Zug, der dem Russen von Natur innewohnt und in der Erhal⸗
55 722 1083 775 tung des Gemeindebesitzes, wie in dem eigenthümlich organisirten
55 753 1083 810 Genossenschaftswesen (Artulj) höchst bezeichnend zu Tage tritt, die
55 795 1085 850 Arbeiterfrage bei uns früher zu einer brennenden machen könnte, als
54 837 1083 887 bei anderer Anlage des Volkscharakters zu erwarten stünoe. Und
56 872 1085 927 es fehlt nicht an Anzeichen, daß die Entwicklung der Idee auf
57 914 1085 965 diesem Gebiete der allgemeinen Bildung in der That vorauseilen
56 952 1085 1004 will. Die erste größere Arbeitseinstellung auf russischem Gebiete
57 990 1085 1043 fand im vorigen Herbste in der Baumwollenspinnerei zu Krähn⸗
56 1029 1085 1083 holm bei Narva statt. Da sie mit ziemlich erheblichen Unord⸗
56 1068 1085 1121 nungen verbunden war, so fehlte es nicht an dem gewünschten
56 1106 1085 1157 Vorwande, Strenge zu entwickeln. Fünfunddreißig der Schuldi⸗
60 1145 1085 1197 gen wurden theils zu lebenslänglicher, theils zu zeitweiliger Ver⸗
61 1182 1085 1235 bannung nach entfernten Gegenden von Ostsibirien verurtheilt.
58 1221 1087 1271 In Petersburg beruhigte man sich erst wieder, als die gerichtliche
58 1260 1087 1311 Untersuchung nicht den geringsten unmittelbaren Zusammenhang
57 1299 1088 1349 mit der westeuropäischen Arbeiterbewegung entdecken konnte, viel⸗
59 1336 1088 1390 mehr überzeugend dargethan wurde, daß lediglich schlechte Behand⸗
59 1376 1088 1429 lung von Seite des Fabriks-Directors an dem Tumulte schuld
59 1414 1086 1468 gewesen war. Ein schöner Trost! Als ob „schlechte Behandlung“
60 1447 1089 1504 nicht überall in der Welt eine der wesentlichsten Voraussetzungen
62 1492 1090 1543 für die Entwicklung socialistischer Grundsätze gewesen wäre! Zu⸗
44 1526 1090 1581 nächst hat sie eine Wiederholung der Krähnholmer Vorgänge in
63 1568 1091 1620 weit erheblicherem Umfange und ohne gewaltthätige Auftritte zur
60 1608 1091 1659 Folge gehabt, diesmal nicht in einer Fabrik, sondern unter Eisen⸗
63 1646 1091 1695 bahn=Arbeitern. Ich habe Ihnen schon früher einmal die Härte
61 1684 1092 1735 und Gewissenlosigkeit geschildert, mit welcher unsere Bau=Unter⸗
62 1724 1092 1774 nehmer ihre Leute zu behandeln pflegen. Besonders arg ist es
62 1763 1092 1810 beim Baue der Sebastopol=Losower Bahn hergegangen. Hier wur⸗
62 1793 1094 1850 den die Arbeiter genöthigt, auf weiten Sumpfwiesen, die zeitweise
64 1840 1093 1888 unter Wasser stehen, in elenden Holzbaraken ohne Heizvorrichtung
66 1876 1095 1930 zu wohnen bei einer Winterkälte von 14—15 Grad Réaumur
64 1916 1095 1963 und bei einer Nahrung, die selbst für den nicht verwöhnten Gau⸗
66 1955 1094 2002 men eines russischen Bauers ungenießbar ist; dabei wurde ihnen,
66 1994 1094 2043 wie gewöhnlich, ihr Lohn unter allerlei Borwänden entweder ganz
65 2032 1095 2080 vorenthalten oder doch nach Willkür gekürzt. Endlich, als die Sumpf⸗
65 2071 1096 2121 fieber binnen kurzer Zeit über 500 Mann hingerafft hatten, forderte
64 2110 1095 2157 ein Theil der Ueberlebenden, gegen 1000 Mann, ihre Pässe und verließ,
67 2147 1096 2196 als sie ihnen verweigert wurden, die Arbeit, um nach Hause zu⸗
66 2185 1095 2234 rückzukehren. Die Bau=Unternehmer klagten wegen angeblich an
68 2222 1097 2272 ihnen verübter Diebstähle und die Arbeiter wurden in Ketten auf
68 2260 1096 2308 eine Entfernung von 1000 Wersten zurückgeschleppt, darunter eine
68 2298 1097 2346 Menge Leute, die nie an der Eisenbahn gearbeitet hatten und
72 2327 1097 2387 „irrthümlich“ verhaftet waren. Vor Gericht stellte sich indessen
69 2372 1097 2426 heraus, daß die Leute ganz unschuldig waren. Sie wurden frei⸗
68 2412 1099 2464 gelassen, befanden sich nun aber, von allen Mitteln entblößt, wie
68 2452 1099 2502 sie waren, erst recht in Abhängigkeit von den Unternehmern, die
70 2492 1100 2540 denn auch das alte Spiel ungescheut so lange forttrieben, bis
71 2531 1102 2581 endlich eine neue, noch großartigere Arbeitseinstellung ausbrach;
73 2571 1102 2620 aber dieselbe verlief ebenfalls ohne alle Gewaltthätigkeiten und bot
70 2609 1102 2658 den Behörden daher umsoweniger Gelegenheit zum Einschreiten,
70 2647 1101 2694 als es sich um Tausende von Arbeitern handelte, die man doch
69 2677 1100 2731 nicht alle bestrafen konnte. Man wählte also diesmal den Weg
71 2719 1102 2767 friedlicher Vermittelung, und bei der mißlichen Lage der Arbeiter
73 2756 1102 2804 würde man dieselben auch leicht zu einer Wiederaufnahme ihrer
72 2794 1101 2843 Thätigkeit bewegen können, wenn nicht immer wieder die Ge⸗
73 2833 1101 2883 wissenlosigkeit und Habgier der Unternehmer den neugeschlossenen
74 2874 1103 2924 Frieden aufs neue gefährdete. So sind mehrere Wochen über
74 2915 1102 2965 mehr oder minder gelungenen Versöhnungsversuchen vergangen.
75 2955 1103 3004 Neuerdings scheint ein Theil der Arbeiter wieder in Thätigkeit
75 2994 1104 3043 getreten zu sein, ohne daß die Krisis deßhalb schon ihr Ende erreicht
77 3034 1105 3082 haben dürste. Immerhin haben die Arbeiter die Erfahrung ge⸗
76 3072 1105 3119 macht, daß sie selbst in Rußland eine gewisse Macht bedeuten,
77 3110 1106 3159 sobald sie zusammenhalten und sich zu keiner Verletzung der staat⸗
76 3148 1107 3198 lichen Ordnung hinreißen lassen. Das ist es, was dieser Arbeits⸗
78 3187 1107 3237 einstellung bei uns eine principielle Bedeutung gibt; die derartige
77 3225 1107 3275 Vorgänge anderweitig längst nicht mehr in Anspruch nehmen dür⸗
77 3265 1108 3313 fen. Auch in Rußland ist der verhängnißvolle erste Schritt auf
78 3303 1108 3351 der Bahn der Arbeiterbewegung nun geschehen. Die weitere
79 3342 1109 3392 Entwicklung mag langsam sein, aber sie läßt sich nicht mehr
78 3390 225 3430 aufhalten.
202 3453 991 3527 Mittheillungen aus dem Publicum.
81 3537 1111 3599 Allen Kranken Kraft und Gesundheit ohne
283 3590 904 3648 Medicin und ohne Kosten.
85 3780 759 3835 REVALESCIÈRE
777 3668 1112 3755 Du Barry
795 3757 1096 3834 aus London.
172 3833 1114 3877 Keine Krankheit vermag der delicaten Revalescière Du Barry
84 3867 1114 3911 zu widerstehen, und beseitigt dieselbe ohne Medicin und ohne Kosten
85 3902 1115 3946 alle Magen=, Nerven=, Brust=, Lungen=, Leber=, Drüsen=, Schleim⸗
85 3935 1115 3981 haut=, Athem=, Blasen= und Nierenleiden, Tuberculose, Schwindsucht,
87 3968 1115 4014 Asthma, Husten, Unverdaulichkeit, Verstopfung, Diarrhöen, Schlaf⸗
86 4002 1116 4050 losigkeit, Schwäche, Hämorrhoiden, Wassersucht, Fieder, Schwindel,
86 4035 1116 4083 Blutaufsteigen, Ohrenbrausen, Uebelkeit und Erbrechen selbst während
88 4071 1117 4118 der Schwangerschaft, Diabetes, Melancholie, Abmagerung, Rheuma⸗
87 4106 1116 4155 tismus, Gicht, Bleichsucht. — Auszüge aus 75,000 Certificaten vom
88 4139 1116 4186 königlichen Mediemalrath Dr. Angelstein, Berlin; Professor Dr.
88 4175 1118 4221 Rud. Wurzer, Bonn; den Doctoren Ure, Campbell, Thoveland 2c.,
89 4207 1118 4255 über Genesungen, die aller Medicin widerstanden, werden auf Ver⸗
90 4250 483 4286 langen franco eingesendet.
177 4273 1118 4324 Nahrhafter als Fleisch, erspart die Revalescière bei Erwachsenen
92 4314 837 4358 und Kindern fünfzigmal ihren Preis in Arzneien.
177 4342 1120 4394 In Blechbüchsen von ½ Pfund fl. 1.50, 1 Pfund fl. 2.50,
91 4376 1119 4428 2 Pfund fl. 4.50, 5 Pfund 10 fl., 12 Pfund 20 fl., 24 Pfund 36 fl.
93 4411 1120 4462 — Revalescière-Biscuiten in Büchsen à fl. 2.50 und fl. 4.50. —
94 4445 1121 4496 Revalescière Chocolatée in Pulver und in Tabletten für 12 Tassen
92 4478 1122 4530 fl. 1.50, 24 Tassen fl. 2.50, 48 Tassen fl. 4.50, in Pulver für 120
91 4515 1122 4565 Tassen fl. 10, für 288 Tassen fl. 20, für 576 Tassen fl. 36. — Zu
91 4545 1121 4599 beziehen durch Barry du Barry & Comp. in Wien, Wallsisch⸗
94 4581 1122 4635 gasse Nr. 8, sowie in allen Städten bei Du Barry's Agenten;
94 4620 764 4665 auch gegen Postanweisung oder Nachnahme.
204 4703 1019 4756 Fremden,
96 4758 1125 4810 die Wien zur Weltausstellung besuchen und
95 4795 1125 4842 Einkäufe in Gold- und Silber-Uhren und
96 4830 1125 4881 Goldketten zu machen gedenken, empfehlen
98 4866 1127 4911 wir das Lager des Uhren = Fabrikanten Herrn
339 4897 1127 4945 Philipp Fromm, Rothenthurmstraße Nr. 9
336 4933 885 4978 (gegenüber der Wollzeile).
198 4974 1024 5018 Preise die billigsten am Platze.
132 5016 1093 5065 Maumerke genau auf Nummer und Namen.
1209 176 2152 218 Als eine Miniatur=Ausstellung, wo die besten Erzeugnisse aller
1124 209 2152 254 Länder in Einem Raume vereinigt sind, können wir getrost die
1125 244 2152 287 Neumann'sche Galanteriewaaren=Handlung, Fleisch⸗
1125 275 2151 321 markt 17, allen P. T. Fremden empfehlen. Entrée ist frei; ob
1125 312 2153 356 jedoch die Besucher der Lockung, praktische und elegante Ausstellungs⸗
1126 347 2152 389 Souvenirs einzukaufen, widerstehen werden, garautiren wir nicht.
1125 379 2152 425 Wenn man echte Juchten=Albums, Portemonnaies, Brief=, Cigarren⸗
1126 414 2152 458 und Handtaschen, echte Korallen, Granaten und Filigran=Schmuck⸗
1126 445 2154 491 sachen so unglaublich billig findet, als in dieser sein mehr als 20
1126 479 2154 527 Jahren bestehenden Handlung, benützt man gewiß diese Gelegenheit,
1127 519 1796 569 Einkäufe zu machen.
1272 585 2024 683 Dr. Caspar Singer
1364 678 1915 719 heilt gründlich folgende Krankheiten:
1258 722 1725 753 1) Entzündungen der Harnröhre,
1256 746 1763 778 2) Geschwüre der Geschlechtsorgane,
1256 772 1839 805 3) Stricturen (Verengerungen der Harnröhre),
1256 801 1483 828 4) Schleimflüsse,
1256 828 1422 857 5) Flechten,
1256 847 2016 881 6) alle Folgen der Onanie (besonders Mannesschwäche),
1256 876 1722 907 7) Schönheitsfehler der Haut und
1257 898 1971 932 8) Kraukheiten der Niere, Blase und Gebärmutter.
1127 932 2156 977 Dr. Caspar Singer ordinirt persönlich von 10—2 und von
1179 967 2105 1010 4—5 Uhr. — An Sonn= und Feiertagen von 10—12 Uhr.
1307 1009 1979 1050 Honorirke Briefe werden gleich beantwortet.
1128 1050 2157 1098 Adresse der Anstalt: Francircanerplatz Nr. 5, II. Stock, in Wien.
1134 1178 1237 1229 G
1142 1123 2106 1175 eschlechts-, Haut- u. Bruchleiden heilt gründlich
1246 1155 2111 1203 u. schnell ein Specialist, gew. Assistenz-Arzt der
1138 1189 2148 1233 Wiener Klinik, täglich von 9—5 Kärntnerstrasse
2023 1175 2149 1227 6.
1215 1259 2159 1304 In Folge mehrfacher, von Gläubigern der Industrial=Bank
1131 1295 2159 1338 an meine Kanzlei gerichteten Anfragen sehe ich mich veranlaßt, zu
1132 1327 2157 1373 erklären, daß ich zur Industrial=Bank in keiner Beziehung stehe und
1132 1362 2158 1408 daß hier nur eine Verwechslung der Namen Morawetz und Mo⸗
1132 1406 1353 1442 rawitz vorliegt.
1216 1441 1614 1484 Wien, den 4. Juli 1873.
1600 1483 1974 1523 Dr. Joseph Morawetz,
1435 1523 2127 1566 Hof= und Gerichtsadvocat, Kärntnerstraße 14.
1220 1598 1496 1634 Die Actionäre der
1152 1634 2146 1715 Ungarischen Ostbahn
1136 1712 2162 1757 werden zu einer wichtigen Besprechung für heute den 5. d. M.,
1136 1747 2163 1793 2 Uhr Nachmittags, in der Wohnung des Gefertigten eingeladen.
1481 1789 2122 1836 Ludwig Schönberger,
1581 1840 2060 1881 Schriftsteller, Burgring. Nr. 13.
1171 1914 2134 1970 Niederösterreichische Landes=Gebär= und Findelanstalt.
1225 1969 2166 2014 Die gefertigte Direction beehrt sich, nachfolgende Beiträge zum
1140 2004 2166 2047 Stammvermögen eines Unterstützungsfonds für Wiener
1140 2040 1913 2085 Findlinge zur allgemeinen Kenntniß zu bringen:
1226 2082 2166 2124 Gespendet wurden: Von Herrn v. Scheuer zu Wien 50 fl.;
1139 2114 2167 2159 von Herrn Med. Dr. Hermann Teleky 20 fl.; von Herrn Bankier
1140 2148 2167 2193 Vincenz Dutschka 100 fl. Papier=Rente; von Herrn Reithofer,
1139 2184 2168 2227 Fabriksbesitzer, 50 fl.; von der Großcommune Wien 2000 fl.; von
1140 2216 2167 2262 dem regierenden Herrn Johann Fürst von und zu Liechtenstein nach
1141 2252 2168 2296 Schenkung von 2000 fl. Papier=Rente neuerlich durch 10 Jahre ein
1140 2282 2170 2330 jährlicher Beitrag per 100 fl.; von Herrn Dr. Ob. 9 fl.; von Herrn
1141 2316 2169 2365 v. Schr. 2 fl.; von Herrn Med. Dr. Pollender, k. k. Bezirksarzt,
1142 2352 2169 2399 1 fl. 10 kr.; von Herrn Julius Porges in Wien 100 fl. Summe
1141 2387 2169 2437 2332 fl. 10 kr. bar und 100 fl. Obligation. Bereits ausgewiesen
1142 2421 2169 2470 6490 fl. 30 kr. bar und 41,100 fl. Obligationen. Zusammen 50,022 fl.
1143 2469 1355 2502 40 kr. Oe. W.
1229 2491 2171 2539 Die gefertigte Direction sagt allen Wohlthätern, insbesondere
1145 2525 2173 2575 dem menschenfreundlichen Wiener Gemeinderathe, für die den Findel⸗
1146 2562 1942 2609 kindern erwiesene Wohlthat den aufrichtigsten Dank.
1511 2604 2139 2645 Niederösterreichische Landes=Findelanstalt:
1623 2641 2036 2679 Dr. Fridinger, Direktor.
1230 2712 2174 2757 Herr Redakteur! Gestatten Sie mir, Ihre Aufmerksam⸗
1145 2747 2174 2793 keit auf einige Uebelstände zu lenken, zu deren Abstellung der Weg
1146 2786 1836 2829 der Oeffentlichkeit vielleicht der geeignetste ist.
1232 2815 2174 2860 1. In den lebhafteren Stunden des Tages drängt eine solche
1144 2849 2175 2897 Menge von Fuhrwerken über die Ferdinands=Brücke, daß sich eine
1146 2885 2175 2933 zusammenhängende Kette bildet, welche den Passanten völlig den
1146 2919 2176 2970 Weg versperrt. Es sollte dem dort postirten Sicherheitswachmanne
1148 2953 2177 3005 zur Pflicht gemacht werden, zeitweilig den Wagenverkehr zu unter⸗
1149 2987 2177 3035 brechen, um den auf beiden Seiten angesammelten Fußgängern den
1150 3025 1841 3069 Uebergang ohne Lebensgefahr zu ermöglichen.
1233 3054 2176 3100 2. Man sieht auf den frequentesten Plätzen, besonders wo
1150 3091 2177 3137 Geländer u. dgl. die Gelegenheit bieten, zu jeder Tageszeit Teppiche
1151 3126 2178 3173 ausklopfen, deren Staub die Vorübergehenden, wollen sie nicht weite
1150 3164 1700 3207 Umwege machen, einathmen müssen.
1237 3195 2180 3241 3. Belästigen allenthalben, sogar auf der Ringstraße, Bettler,
1153 3226 2179 3276 oft von krüppelhaftem Aussehen, hausirende Kinder u. s. w. die
1152 3275 1383 3311 Promenirenden.
1238 3299 2181 3343 Eine aufmerksame Polizeiverwaltung sollte es sich doch nicht
1154 3334 2181 3380 entgehen lassen, derlei Unzukömmlichkeiten von unserer schönen
1154 3369 2181 3414 Stadt, in welche wir das gesammte Ausland zu Gaste laden, fern⸗
1153 3401 2147 3450 zuhalten. Achtungsvoll Dr. P.
1458 3482 1877 3553 Kleine Chronik.
1906 3549 2150 3588 Wien, 4. Juli.
1233 3590 2185 3640 [Hof= und Personal=Nachrichten.] Herr Erz⸗
1156 3629 2186 3680 herzog Rainer, Präsident der großen Weltausstellungs=Commis⸗
1155 3666 2186 3718 sion, veranstaltet für dieselbe morgen am 5. Juli ein Bankett. —
1157 3705 2187 3757 Herr Erzherzog Leopold hat heute die Ausstellung der Hoff⸗
1157 3745 2187 3798 mann'schen Wandgemälde in der Handels=Akademie in Begleitung
1157 3783 2188 3834 seines Adjutanten besucht. — Aus Ischl telegraphirt man uns:
1157 3822 2188 3872 Prinz Alexander von Holland ist heute (Freitag) Abends
1158 3860 2189 3912 mit Suite angekommen und im „Hotel Bauer“ abgestregen. —
1158 3899 2190 3950 Herr Justizminister Dr. Glaser begibt sich mit einem mehr⸗
1160 3937 2189 3989 wöchentlichen Urlaub nach Berchtesgaden und nicht, wie irrthüm⸗
1160 3975 2190 4026 lich berichtet ward, nach Gastein. — Der Präsident des k. k.
1160 4014 2192 4064 Obersten Rechnungshofes, Herr Graf v. Mercandin, hat
1160 4048 2191 4105 eine zweimonatliche Urlaubsreise angetreten. — Herr Ralph Re⸗
1161 4093 2191 4144 ginald Lewis, Professor der englischen Sprache an vielen hie⸗
1161 4132 2191 4183 sigen Mittelschulen, tritt am 5. d. eine dreimonatliche Studien⸗
1161 4179 1522 4221 reise nach England an.
1241 4216 2193 4268 [Verleumdungen gegen Wien.] Es existirt irgendwo
1163 4256 2193 4310 im Ausland und zunächst wol in Deutschland eine Verschwörung
1163 4294 2194 4346 gegen das Wien der Weltausstellung. Es geht uns heute ein
1165 4328 2195 4387 schwarzberändertes Octavblättchen zu, auf welchem Folgendes zu
1164 4382 1302 4423 lesen ist:
1248 4418 2195 4467 Verwandten und Freunden theilen wir hiedurch mit, daß
1165 4462 1337 4499 unser lieber
1495 4491 1869 4531 Louis Lindheimer
1164 4531 2196 4578 in Wien an der Cholera erkrankt und am 30. Juni Morgens
1166 4567 2196 4612 im Krankenhause zu Nürnberg verschieden ist. Um stille Theil⸗
1167 4603 2163 4645 nahme bitten Die trauernden Hinterbliebenen.
1253 4646 1795 4686 Frankfurt a. M., den 2. Juli 1873.
1254 4688 2020 4729 Die Beerdigung fand vorläufig in Nürnberg statt.
1246 4727 2200 4776 Die Stylisirung dieses Partezettels läßt die ganze Abscheulichkeit
1171 4766 2201 4817 des damit beabsichtigten Zweckes erkennen. Es soll damit ange⸗
1170 4800 2199 4855 deutet werden, daß Wien gegenwärtig ein Herd der Cholera ist.
1170 4844 2201 4894 Zu diesem Zwecke wird dieses nichtswürdige Flugblatt in Tau⸗
1171 4883 2203 4933 senden von Exemplaren verbreitet. Sollen wir diesen Partezettel
1170 4919 2203 4971 analysiren? Das Datum, wann der genannte Louis Lindheimer
1171 4957 2202 5010 in Wien war und daselbst erkrankt sein konnte, wird nicht ange⸗
1171 4998 2204 5049 geben; es wird nur gesagt, daß derselbe am 30. Juni im Nürn⸗
1173 5035 2203 5086 berger Krankenhause verstorben ist. Versteht man, daß ein in
2192 168 3221 218 Wien an der Cholera Erkrankter die Reise nach Nürnberg ma⸗
2193 206 3217 256 chen konnte, um dort zu sterben? Louis Lindheimer mag in Wien
2194 244 3220 293 gewesen sein, aber ganz gewiß ist er nicht in solcher Weise er⸗
2194 282 3219 332 krankt von Wien nach Nürnberg gereist, und starb er wirklich an
2193 321 3221 371 jener Krankheit, so muß er in Nürnberg davon befallen
2195 354 3221 409 worden sein. Die Lüge jenes Flugblattes liegt also auf
2195 398 3222 449 der Hand, und seine tendenziöse Versendung durch ganz
2194 431 3221 487 Deutschland weist deutlich auf die infame Absicht gegen
2195 474 3221 523 Wien hin. Die Sache ist ernst genug, um näher unter⸗
2197 513 3222 562 sucht zu werden. Läßt man die Meinung in Deutschland, im
2195 551 3222 601 Auslande Wurzel fassen, daß in Wien Cholera=Erkrankungen vor⸗
2197 589 3221 639 kommen, so wird Wien von jetzt ab gemieden. Wir meinen also,
2196 628 3222 678 daß die Sanitäts=Behörde schon gestern auf die Mittheilungen der
2195 667 3221 714 Times hin mit einer officiellen Erklärung hätte hervortreten sollen.
2196 698 3219 753 Schweigen heißt in solchem Falle bestätigen. Neulich wurde ver⸗
2196 737 3221 792 breitet, daß im Canton Bern (Thun und Interlaken) die Blat⸗
2198 781 3223 830 tern ausgebrochen seien. Die Berner Regierung sowol, als die
2197 820 3223 868 Sanitäts=Behörden von Thun und Interlaken erkannten sofort
2198 858 3223 907 die Schädlichkeit dieses Gerüchtes und traten demselben mit ihrer
2199 897 3224 945 ganzen Autorität entgegen. Im Falle Louis Lindheimer ist vor
2197 935 3224 983 Allem zu ermitteln, ob derselbe in Wien war, wo er sich in Wien
2200 974 3222 1022 aufhielt, an welchem Tage er Wien verließ, damit erkannt werden
2200 1012 3224 1060 kann, inwieweit die Angaben des Partezettels auf Wahrheit be⸗
2200 1051 3225 1099 ruhen. Brechruhrfälle kommen in der heißen Jahreszeit spora⸗
2201 1089 3226 1142 disch allerwärts und namentlich in großen Städten vor; aber die
2201 1128 3226 1175 Verleumdung, daß in Wien die Epidemie herrsche, darf man nicht
2201 1166 3222 1215 aufkommen lassen. Eine behördliche Aufklärung ist dringend ge⸗
2202 1205 3220 1253 boten, wenn die nichtsnutzigen Umtriebe gegen ###nicht ihrer
2202 1247 2736 1291 schändlichen Zweck erreichen sollen.
2287 1299 3227 1343 [Kirchenmusik.] Am Sonntag den 6. Juli kommen zur
2202 1332 3227 1376 Aufführung: In der k. k. Hofcapelle: Messe in F, Graduale
2201 1366 3227 1411 (Timor Domini) und Offertorium (Ora pro nobis) von Ludwig
2202 1401 3228 1450 Rotter. — In der k. k. Hofpfarrkirche St. Augustin wird
2202 1436 3229 1478 um 11 Uhr Capellmeister Eder eine Mozart=Messe, Graduale
2204 1469 3228 1513 (Contra=Altsolo) von Frau Baronin Constanze Ruttenstein, Offer⸗
2204 1503 3229 1546 torium (Sopransolo) von Schubert aufführen. Die Soli werden
2205 1537 3231 1582 die Hofopernsängerin Minka Treml und ihre Schwester Therese
2206 1572 3230 1616 Treml, Hofopernsängerin aus Kassel, vortragen. — In der Do⸗
2206 1607 3230 1648 minicaner=Kirche kommt am 6. um 9 Uhr eine Messe in Es
2206 1639 3231 1684 von Robert Führer, eine Einlage von Johann Krall (Fräulein
2204 1675 3239 1722 Labrée) und ein Altsolo von L. Weiß (Fräulein Adelsberg)
2205 1717 2447 1753 zur Ausführung.
2286 1750 3232 1800 [Schlußfeier des Pädagogiums.] Donnerstag,
2208 1789 3232 1839 10 Uhr Vormittags, fand im Wiener Lehrer=Pädagogium die übliche
2207 1827 3232 1878 Schlußfeier statt, welcher nebst dem Lehrkörper und den Zöglingen
2208 1867 3233 1915 der Anstalt auch die Mitglieder der Pädagogiums=Aufsichts=Com⸗
2208 1906 3234 1953 mission, die Herren Gemeinderäthe Regierungsrath Dr. Weiser
2210 1944 3234 1993 und Dr. Hoffer, beiwohnten. Director Dr. Dittes gab zunächst
2211 1983 3235 2031 einen Ueberblick über die wichtigsten Ereignisse des abgelaufenen
2210 2016 3234 2069 Schuljahres, gedachte des der Anstalt zu früh durch den Tod ent⸗
2209 2059 3234 2107 rissenen Lehrers der Mathematik, Raimund Heilsberg, und richtete
2211 2098 3236 2145 zum Schlusse an die versammelten Lehrer und Lehrerinnen Worte
2211 2137 3235 2184 der Aufmunterung zu treuem Ausharren in ihrem ebenso schwieri⸗
2212 2175 3236 2223 gen als ehrenvollen Berufe. In demselben Sinne sprachen auch
2213 2213 3235 2259 die beiden anwesenden Gemeinderäthe. Die vom Director Dr.
2213 2252 3237 2300 Dittes gegebenen Daten über die diesjährige Frequenz der Anstalt
2211 2291 3237 2339 zeigen uns dieselbe in einem höchst erfreulichen Aufschwunge. Die
2212 2327 3237 2378 Anstalt zählte am Schlusse des Schuljahres 58 Zöglinge, unter
2212 2365 3238 2415 welchen zwei Lehrerinnen; außerdem wurden am Beginne dessel⸗
2212 2404 3239 2453 ben 128 „Hörer“ inscribirt, unter welchen 29 Lehrerinnen. Den
2213 2442 3239 2490 Schlußprüfungen („Wiederholungen“ nach dem Wortlaute des
2214 2475 3239 2531 Statuts) unterzogen sich 103 „Zöglinge“ und „Hörer“, eine
2216 2521 3241 2570 weitere Anzahl wird die Schlußprüfungen nach den Ferien able⸗
2217 2560 3241 2609 gen. Am Abende desselben Tages veranstalteten die die Anstalt
2217 2598 3238 2649 verlassenden Zöglinge des dritten Jahrganges im „Hotel Kreuz“
2217 2637 3241 2685 in Mariahilf ein kleines Abschiedsfest, welchem der gesammte Lehr⸗
2217 2675 3241 2725 körper beiwohnte. Director Dr. Dittes wurde von den Zöglingen
2218 2715 3241 2763 als Zeichen dankbarer Verehrung ein geschmackvoll ausgestattetes
2217 2753 3242 2800 Album mit den Photographien der Spender überreicht; heitere
2216 2791 3243 2838 Wechselreden und zahlreiche Toaste zeugten nicht nur von der
2218 2829 3243 2884 animirten Stimmung, sondern auch von dem herzlichen Einver⸗
2218 2860 3242 2917 nehmen, welches zwischen allen mit dieser Anstalt in Verbindung
2218 2905 3246 2956 Stehenden herrscht. Erst in früher Morgenstunde löste sich die
2220 2949 2553 2996 frohe Gesellschaft auf.
2297 2991 3239 3041 [Lehrerconferenz.] Die Lehrer des VIII. Bezirkes versam⸗
2220 3031 3244 3080 melten sich am 2. und 3. Juli zur letzten diesjährigen Conferenz.
2220 3071 3246 3117 Um den Eltern die Kenntniß der Schulgesetze zu ermöglichen,
2221 3109 3247 3160 einigte sich die Versammlung dahin, an den Bezirksschul⸗
2223 3147 3247 3196 rath das Ansuchen zu stellen, daß die wichtigsten Bestimmun⸗
2223 3180 3246 3236 gen dieser Gesetze in Form einer Broschüre den Eltern der Schul⸗
2223 3224 3246 3274 kinder zuzustellen seien. Weiters wurde festgestellt: 1. In jedem
2224 3263 3248 3314 Bezirke sei vorläufig wenigstens Ein Kindergarten zu errichten.
2224 3302 3249 3352 2. Die dem Lehrer zu Gebote stehenden Disciplinarmittel seien
2225 3340 3249 3392 nicht ausreichend, und deßhalb sei in jedem Bezirke eine Besse⸗
2225 3379 3250 3431 rungsschule zu errichten, in welcher die sittlich verdorbenen Schüler
2225 3415 3247 3470 bis zur Zeit ihrer gänzlichen Besserung zu verbleiben haben.
2227 3456 3250 3506 (Diesen Beschluß halten wir für sehr bedenklich. Man kann nach
2226 3495 3251 3544 unserer Ansicht nichts Geeigneteres thun, um das Ehrgefühl der
2226 3533 3251 3584 Kinder gründlich zu zerstören. Das wäre ein schlechter Erzieher,
2228 3569 3252 3622 der erst solche Mittel erfinden müßte. D .R.) Die Schlußfeier habe
2229 3610 3252 3664 künftig den Charakter eines Schulfestes anzunehmen. 4. Den
2229 3649 3252 3703 heuer austretenden Schülern seien von Seite des Bezirksschul⸗
2230 3688 3254 3739 rathes Eintrittskarten zur historischen Ausstellung der Stadt Wien zu
2231 3727 3255 3775 erwirken. 5. Die Kinder notorisch armer Eltern sind mit den
2230 3766 3256 3818 nöthigen Lernmitteln zu versehen und die Verpflegsgebühren der
2233 3803 3255 3858 Findlinge und Waisen den jetzigen Verhältnissen angemessen
2232 3842 3256 3897 zu erhöhen. Am zweiten Tage hielt Herr Dr. Oelberg einen mit
2232 3880 3257 3972 großem Beifalle aufgenommenen Vortrag über Somatologie. Der
2250 3920 3257 3971 hierauf folgende Antrag, es seien die an den Volksschulen Wiens
2234 3958 3259 4008 wirkenden Katecheten von der Seelsorge zu befreien und so wie
2232 3997 3258 4050 die Lehrer zu dotiren, erlangte trotz heftiger Opposition die Ma⸗
2233 4036 3259 4090 jorität. Wegen vorgerückter Zeit mußte von der Berathung der
2235 4075 3258 4128 noch auf der Tagesordnung stehenden Punkte abgesehen werden.
2312 4132 3260 4183 [Fest=Freischießen des Wiener Schützenver⸗
2236 4170 3260 4224 eins.] Zu diesem Feste, welches Sonntag den 6. Juli seinen
2236 4209 3262 4263 Anfang nimmt, sind zahlreiche Beste und Ehrengaben von Schützen⸗
2236 4248 3261 4298 vereinen aus allen Weltgegenden, darunter eine sehr schöne Wid⸗
2236 4286 3262 4343 mung von Chicago, angelangt. In hervorragender Weise hat sich
2238 4325 3264 4377 auch die Preßburger Schützengesellschaft mit einer sehr werthvollen
2238 4364 3264 4417 Ehrengabe betheiligt. Wie wir hören, soll auch der Kaiser seinen
2237 4403 3261 4454 Besuch an einem der Festtage in sichere Aussicht gestellt haben.
2239 4441 3264 4493 — Anläßlich der Eröffnung des Fest= und Freischießens findet
2240 4478 3265 4531 Sonntag den 6. d. Stuwer's erstes Feuerwerk auf der Militär=
2239 4519 2681 4569 Schießstätte im Prater statt.
2320 4563 3268 4616 [Regelung der Postmeister=Gehalte.] Der
2242 4602 3268 4655 1. Juli d. J. brachte auch die Regelung des Gehaltes der Post⸗
2242 4640 3270 4693 meister und Post=Expedienten. Bei jenen Aemtern, welche eine
2242 4676 3271 4732 reelle Brief= und Fahrpost=Einnahme (mit Ausschluß der Einzah⸗
2243 4718 3273 4772 lungen an Postanweisungen und Nachnahmen und des Passagiers⸗
2244 4755 3274 4811 Erträgnisses) dis 2000 fl. haben, wird die Entlohnung in fol⸗
2244 4792 3273 4849 gender Weise festgesetzt: Bei einer Einnahme bis inclusive 400 fl.
2246 4832 3275 4886 150 fl. Bestallung und 40 fl. Amtspauschale; bei einer Einnahme
2245 4870 3275 4925 über 400 fl. bis 800 fl. 200 fl. Bestallung und 60 fl. Amts⸗
2244 4906 3274 4963 pauschale; bei einer Einnahme über 800 fl. bis 1200 fl. 300 fl.
2245 4946 3274 5002 Bestallung und 80 fl. Amtspauschale; bei einer Einnahme über
2247 4982 3275 5042 1200 fl. bis 1600 fl. 400 fl. und respective 100 fl. ; bei einer
2247 5012 3277 5082 Einnahme von 1600 fl. bis 2000 fl. 500 fl. Bestallung und
