1536 2326
738 36 835 78 1334
114 117 1458 169 burgischen Ansprüche die plötzliche Umstimmung der Ansichten des preußischen
113 165 1458 214 Premiers bewirkt hätten Was bedeutet also die Parteinahme für den Großherzog
115 213 1459 262 von Oldenburg? — Vielleicht liegt die Antwort auf diese Frage in einer kürzlich
116 261 1458 309 erschienenen Schrift des Herrn v. Daniels in Berlin, des Kronjuristen der feudalen
115 307 1459 355 Partei. Dieser Staatsmann kommt zu einem sonderbaren Resultate; er findet
116 356 1459 404 nämlich, daß die Rechtsansprüche der drei Linien: Glücksburg, Augustenburg und
116 404 1460 453 Gottorp auf die Erbfolge in den Herzogthümern sämmtlich zweifelhaft sind. Bis
115 451 1460 500 daß diese verwickelte Rechtsfrage entschieden ist, schlägt er vor, es möchte der Bund
115 502 1085 548 die Verwaltung der Herzogthümer an Preußen übertragen.
197 546 1460 595 Aus Venedig, 26. Juni, wird der „Tr. Ztg.“ geschrieben: Die Feier des
116 595 1462 644 Jahrestages der Schlacht von Solferino (24 Juni) ging dieses Jahr nicht so
115 642 1460 691 ganz harmlos vorüber, als sonst, da in Udine und Padua arge Exzesse vorkamen.
116 689 1462 737 In ersterer Stadt wurde sogar, wie es heißt, auf einzelne Soldaten von Dächern
116 737 1463 786 herabgeschossen und eine Patrouille mit einer Art Orsinibomben beworfen, doch
117 784 1463 833 gelang es den meisten der Schuldigen zu entkommen, da sie ihre Flucht über die
117 825 1463 880 Dächer der Häuser bewerkstelligten. Vom Militär wurde zum Glück Niemand
117 878 1463 927 verwundet, einige Individuen aber, welche, der begangenen Attentate verdächtig,
116 926 1464 974 verhaftet werden sollten und hierbei Widerstand leisteten, wurden leicht verletzt.
118 973 1463 1021 In Padua kam es zu einem argen Skandal. Die dortigen Studenten gefielen
119 1020 1463 1068 sich nämlich zur Feier des Solferinotages in allerlei groben Exzessen. Auch in
117 1068 1462 1116 andern Städten des lombardisch=venetianischen Königreichs, ja sogar in Verona,
118 1116 1464 1163 kamen Demonstrationen vor, doch beschränkten sich dieselben auf das landesübliche
119 1166 1037 1211 Petardenwerfen und Anzünden von bengalischen Feuern.
201 1211 1465 1258 Leuchtthurm bei der Wesermündung, 28. Juni. Heute ist die
121 1258 1465 1308 preußische Corvette „Gazelle“ aus Jeddo angekommen. Es zeigte sich auch eine
121 1311 418 1354 französische Flagge
203 1354 1466 1400 Frankfurt, 27. Juni Man hat hier in diplomatischen Kreisen die Nachricht
122 1401 1466 1450 erhalten, daß in Wien, gleich nach der Rückkehr des Kaisers Franz Joseph, ein
124 1450 912 1496 Rath der höchsten Militärs berufen werden soll.
206 1496 1468 1544 Bern, 29. Juni. Der Bundesrath ermächtigte den schweizerischen Minister
125 1543 1469 1594 Dr. Kern in Paris, die Handels= und Niederlassungsverträge mit Frankreich zu
125 1598 399 1638 unterzeichnen. —
207 1639 1470 1686 London. Die „Morning Post“ vom 27. Juni ist sehr kriegerisch. Sie
129 1686 1468 1736 sagt unter Anderem: „England könne seine passive Neutralität den Kriegführen⸗
127 1734 1472 1782 den gegenüber nicht länger aufrecht erhalten. Lord Palmerston will Dänemark
129 1781 1473 1829 beistehen, seine Ansichten werden aber von dem Ministerrathe nicht getheilt. Graf
130 1827 1472 1877 Russell bekennt sich zu entgegengesetzten Anschauungen. Die „Post“ glaubt, der
129 1875 1473 1923 Krieg sei unvermeidlich und könne eine ungeheure Entwicklung nehmen. Dagegen
131 1921 1473 1972 meint die „Times“, Englands Ehre sei nicht so engagirt, daß es Krieg führen
131 1969 1473 2018 müsse, die Nation will keinen Krieg. Der „Star“ wünscht England Glück zu
132 2016 1474 2066 der Politik der Regierung. Es können zwar Umstände eintreten, welche England
134 2063 1475 2113 bestimmen, Krieg zu führen, jetzt seien diese aber nicht vorhanden. England werde
135 2112 1259 2162 weder für den Londoner Vertrag, noch für Schleswig Krieg führen.
