3488 5363
163 218 776 262 Redaktion, Administration u. Druckerei:
279 253 664 284 Kolowratring, Fichtegasse Nr. 11.
164 272 776 305 Unfrankierte Briefe werden nicht angenommen und
211 296 735 327 Manuskripte in keinem Falle zurückgesendet.
270 334 677 366 Ankündigungs-Bureau:
163 356 778 389 Stadt, Wollzeile 20. Insertionspreis nach Tarif. Inserate
163 377 779 409 übernehmen: Witzek, Ann.-Exp. in Prag und
162 399 779 431 Brünn; Jos. A. Kienreich, Inseraten-Exp. in Graz;
164 420 780 452 J. Blockner, J. Leopold, Jos. Schwarz, Ann.-Exp.
164 442 780 474 in Budapest; im Auslande: John F. Jones & Co.
164 464 780 495 in Paris, 81 bis, Rue du Faubourg Montmartre;
164 484 779 516 Rudolf Mosse in Berlin, München, Leipzig;
165 506 780 540 Haasenstein & Vogler in Hamburg, Berlin,
166 525 781 559 Frankfurt a. M. u. Basel; Heinrich Eisler,
165 549 781 581 Ann.-Exp. in Hamburg; Orell Füssli & Co. in
167 570 780 601 Zürich n. Basel: Neyroud & Sons in London;
167 589 781 624 Vertreter für Deutschland, Frankreich, England,
165 613 782 642 Italien etc.: Saarbachs News Exchange, Mainz u.
403 635 557 663 Köln a. Rh.
279 672 676 699 Abonnement für Wien:
170 695 782 728 Mit tägl. zweimal. Zustell, ins Haus: Ganzj. K. 50.40,
390 721 565 742 monatl. K. 4.20.
171 739 784 770 Zum Abholen im Hauptverlage Wollzeile 20 oder
204 762 752 791 Fichtegasse 11: Ganzj. K. 43.20, monatl. K. 8.60.
172 782 784 813 Einzeln: Morgenblatt 12 H., Abendblatt 6 H., Nach⸗
173 804 785 835 mittagblatt am Montag und nach zwei Feiertagen 12 H.
454 818 787 876 Morgen- und Nachmittagblatt
436 825 785 854 Morgen u. Abendblatt 40 Pf.
516 864 713 893 allein je SO Pf.
174 844 432 878 Für Deutschland
258 863 358 901 einzeln:
437 885 784 915 Abendblatt allein je 15 Pt.
1492 271 1943 359 Neue
864 384 2621 736 Freie Presse.
1549 799 1924 874 Abendblatt.
2754 179 3256 208 Abonnement für das Ausland:
2698 203 3311 235 Mit tägl. einmal. Postversendung: Ganzj. K. 58, halbj.
2697 225 3310 256 K. 28, viertelj. K. 14. Mit tägl. zweimal. Postversend.:
2766 247 3275 278 Ganzj. K. 64, halbj. K. 82, viertelj. K. 16.
2743 283 3286 317 Abonnement für das Ausland:
2928 320 3089 343 Vierteljährig:
2697 345 3311 379 Bei uns (Kreuzband-Versend.): Deutschland.
2697 368 3312 401 Serbien K. 20, f. Staaten d. Weltpostvereinen
2696 388 3313 417 K 22. Bei den Postämtern in Deutschland
2697 410 3314 441 M. 11.18, Schweiz Fr. 14.05, Belgien Fr. 15.06,
2697 431 3314 462 Italien L. 14.47, Rumänien Fr. 15.95, Serbien
2696 454 3316 484 Fr. 13.80, Bulgarien Fr. 15.65, Russland R. 5.30,
2698 475 3316 504 Griechenland (b.d. Buchh. Beck & Barth u.C. Elef⸗
2697 497 3315 527 theroudakis, Athen od. k. k. Zeitgs.-Exp. in Triest) u.
2698 516 3315 548 Europ. Türkei K. 15.65, Asiat. Türkei K. 17.45,
2697 538 3316 569 Aegypten Fr. 18.32, Dänemark skand. K. 11.26,
2699 553 3316 593 Norwegen skand. K. 10.56, Holland F. 9.—.
2699 582 3317 611 Bei den Agenturen in Italien: Saarbachs News
2698 604 3318 633 Exch., Mailand, 2. Gust. Modena, Loescher & Co., Rom
2700 624 3318 655 Fr. 23.50; Frankreich: Saarbachs News Exch.,
2700 646 3318 677 Paris, 148, Faubourg St. Denis, Agence Havas, Paris
2700 667 3319 698 Fr. 23.50; England: Saarbachs News Exch., London,
2700 689 3319 720 16, John Street, Adelphi Straud W. C., A. Siegle,
2700 710 3318 741 30, Lime-Street E.C., London, sh. 19; Nordamerika:
2700 732 3320 762 E. Steiger, 25 Park-Place, G. E. Stechert, 151—155 West
2699 753 3319 783 25th St., L. A. Rosswaag, 57, Second-Avenue in
2699 775 3319 804 Newyork, Doll. 6.40. Vertreter für das gesamte Aus⸗
2700 795 3320 826 land: Saarbachs News Exchange, G. m. b. H., Mainz.
2699 826 3319 856 Für die an Agenten, Austräger oder Verschleisser
2745 847 3277 876 bezahlten Beträge leisten wir keine Garantie.
234 965 698 1026 Nr. 16830.
1306 945 2131 1024 Wien, Samstag, den 1. Juli
3046 927 3272 987 1911.
163 1077 1191 1155 Die Unbehaglichkeiten im Wiener Gemeinde⸗
631 1149 730 1198 rate.
906 1201 1155 1239 Wien, 1. Juli.
252 1260 1194 1316 Schon vor den Reichsratswahlen vom Juni war
173 1303 1194 1360 in der Mehrheit des Wiener Gemeinderates ein Brodeln
169 1346 1195 1411 und Kniſtern zu merken. Wenn die Gerüchte über heim⸗
170 1389 1191 1447 liche Nachſtellungen gegen den Bürgermeiſter Dr. Neu⸗
169 1432 1193 1491 mayer ſich verdichteten, kamen recht ſchwächliche Ab⸗
172 1472 1196 1534 leugnungen, und jeder nüchtern urteilende Menſch hatte
175 1519 1194 1586 die Ueberzeugung, daß die Mehrheit des Gemeinderates
169 1562 1193 1627 nicht die Stätte ſei, von der in der Heiligen Schrift ge⸗
164 1596 1196 1664 ſagt wird: Wie ſchön iſt es, wenn Menſchen einträchtig
167 1649 1193 1708 zuſammenwohnen. Neuerdings kommen Meldungen über
172 1692 1196 1750 inneren Zwieſpalt und über den Wunſch einzelner Teile
166 1735 1197 1800 der Mehrheit, ſich von ihr loszureißen und ſelbſtändig zu
164 1776 1198 1836 werden. Es wird erzählt, daß insbeſondere jene Mit⸗
166 1821 1197 1882 glieder, die ſchon lange in der Führung Geßmanns die
167 1864 1193 1924 Urſache des Niederganges der Partei erkannten, ſich mit
173 1905 1196 1966 dem Gedanken tragen, eine unabhängige Gruppe zu
176 1951 1199 2010 bilden. Namentlich ſollen jene Mitglieder des Gemeinde⸗
173 1994 1200 2053 rates dazu geneigt ſein, die nicht wollen, daß die klerikale
173 2036 1200 2096 Politik Geßmanns fortgeſetzt werde. Natürlich wird die
174 2078 1200 2139 Wahrheit dieſer Gerüchte beſtritten, und vielleicht haben
171 2120 1201 2183 die Pläue wirklich noch keine beſtimmte Form an⸗
178 2160 1200 2226 genommen. Jede Partei ſchwört ſolange, daß ſie einig
175 2204 1199 2269 ſei, als die Uneinigkeit ſich überhaupt verbergen läßt.
178 2253 1200 2311 Die Chriſtlichſozialen haben freilich ſchon lange die
174 2294 1202 2356 Feſtigkeit des inneren Zuſammenhanges verloren und der
178 2339 1200 2404 Welt ſchon längſt das Geheimnis verraten, daß ſie ſich
178 2377 1203 2441 untereinander nicht ausſtehen können und ſich gegenſeitig
179 2424 1204 2485 die Schuld an der Kataſtrophe vom Juni zuſchieben. Viel
180 2466 1203 2528 iſt da nicht mehr zu leugnen, und die volle Wahrheit
179 2509 1139 2572 über den Zwieſpalt wird ſehr bald offenkundig werden.
257 2572 1203 2631 Noch wichtiger als dieſe Reibungen innerhalb der
170 2614 1201 2673 Mehrheit des Gemeinderates iſt das Gefühl, das die
171 2660 1202 2717 ganze Majorität haben muß. Nämlich das Gefühl, daß
172 2703 1202 2765 ſie nicht mehr mit den Anſichten der Wähler in Ueber⸗
174 2746 1203 2807 einſtimmung iſt und daß ihre Mandate keine politiſche
175 2790 1205 2850 Unterlage und keine moraliſche Rechtfertigung haben. Eine
176 2833 1204 2897 Partei, die das erlebt, was die chriſtlichſoziale Partei er⸗
176 2877 1204 2937 leben mußte, kann die Herrſchaft in Gemeinde und Land
182 2921 1204 2981 nicht ſo fortführen, als wäre alles noch im ſchönſten
177 2965 1205 3025 Glanz wie ehedem. Die Wähler von Wien und von
178 3007 1207 3069 Niederöſterreich haben keinem einzigen chriſtlichſozialen
179 3050 1204 3116 Führer ein Mandat für den Reichsrat gegeben.
179 3096 1207 3157 Alle ſind durchgefallen, der Landmarſchall von
181 3138 1210 3201 Niederöſterreich, zwei chriſtlichſoziale Miniſter, der
1234 1064 2252 1124 Präſident des Abgeordnetenhauſes, der Bürgermeiſter und
1235 1108 2256 1168 der Vizebürgermeiſter, der Oberkurator und der Landes⸗
1238 1152 2252 1211 ausſchuß! Das läßt ſich doch nicht ſo einfach abſchütteln.
1237 1193 2252 1255 Nach einer ſolchen Kataſtrophe, die den vollſten Gegen⸗
1236 1236 2253 1305 ſatz zwiſchen den Wählern und den Chriſtlichſozialen
1237 1283 2252 1349 zeigte, wird die Frage immer wieder aufgeworfen werden,
1237 1326 2255 1385 ob dieſer Mehrheit das moraliſche Recht zuſtehe, in der
1238 1370 2254 1428 Stadt und im Land über die Steuerkraft des Volkes und
1238 1419 1926 1472 über die politiſche Gewalt zu verfügen.
1324 1474 2263 1533 Es ſcheint, daß die Mehrheit das ſpürt und mit
1245 1516 2261 1579 ſchwerer Sorge um die Zukunft bedrückt wird. Da wird
1246 1562 2259 1623 ein Ausweg geſucht, um die Notwendigkeit zu vermeiden,
1246 1604 2262 1665 mit einem chriſtlichſozialen Bekenntnis vor die Wähler
1246 1648 2264 1710 hinzutreten und das furchtbare Sündenregiſter dieſer
1244 1692 2261 1753 Partei zu verantworten. Es verlautet, daß von einzelnen,
1247 1735 2264 1796 nicht näher angegebenen Seiten die Anregung gefallen
1246 1779 2263 1839 ſei, eine Partei zu bilden, die ſich im Gemeinderat von
1244 1822 2263 1883 jeder Politik fernhalten möchte. Eine Wirtſchafts⸗
1247 1861 2265 1927 partei ſoll für den Wiener Gemeinderat ge⸗
1247 1910 2265 1970 ſchaffen werden. Neu iſt das nicht, und der Plan
1248 1953 2267 2014 zur Gründung einer Wirtſchaftspartei taucht beiläufig
1247 1997 2266 2057 alle halben Jahre auf. Diesmal handelt es ſich jedoch
1246 2040 2268 2106 darum, für die Chriſtlichſozialen, die an den Fortbeſtand
1246 2084 2268 2144 der jetzigen Mehrheit nicht mehr glauben, und ſich ſchon
1248 2126 2271 2186 früher aus der unſeligen Politik Geßmanns herausgeſehnt
1246 2172 2265 2229 haben, ein neues Kleid zu finden, in dem ſie den
1248 2207 2272 2279 Wählern ſich vorſtellen können. Auch die Gerüchte über
1249 2249 2272 2316 die Bildung einer Wirtſchaftspartei, auch dieſe noch unbe⸗
1249 2301 2271 2368 ſtimmten Pläne, ſind ein Zeichen der Gärung in der
1249 2340 2272 2403 Mehrheit des Gemeinderates. Der Wurm ſitzt jedoch im
1250 2387 2270 2451 Herzen und kann von dort nicht entfernt werden. Die
1252 2432 2271 2491 Mehrheit der Wähler will die Chriſtlichſozialen nicht mehr.
1254 2477 2190 2537 Gegen eine ſolche Krankheit iſt kein Kraut gewachſen.
1249 2581 2270 2655 Der erſte Miniſterrat des Kabinetts Gautſch.
1984 2667 2236 2706 Wien, 1. Juli.
1334 2727 2276 2784 Im Miniſterratspräſidium wurde heute der erſte
1257 2768 2277 2829 Miniſterrat des Kabinetts Gautſch abgehalten. An der Be⸗
1252 2811 2275 2872 ratung nahmen alle Miniſter teil, auch Ackerbauminiſter
1256 2855 2276 2915 Freiherr v. Widmann, der geſtern in Olmütz ge⸗
1255 2913 1444 2958 weſen war.
1337 2948 2276 3006 Der Miniſterrat begann um 10 Uhr vormittags und
1258 2991 2276 3051 wurde bis 1 Uhr nachmittags fortgeſetzt. Sodann trat eine
1253 3034 2276 3095 zweiſtündige Mittagspauſe ein. Um 3 Uhr nachmittags
1257 3077 2279 3136 werden die Beratungen wieder aufgenommen und dürften
1260 3128 1834 3179 bis in die Abendſtunden dauern.
2370 1045 3328 1104 Wie ſchon aus der langen Dauer des Miniſterrates
2295 1087 3332 1150 erſichtlich iſt, ſind Gegenſtände von großer Wichtigkeit zur
2295 1142 2658 1192 Beratung vorgelegen.
2380 1177 3328 1234 Im Mittelpunkte der Beratungen dürfte die Vor⸗
2302 1219 3328 1278 bereitung der neuen Reichsratsſeſſion geſtanden ſein. Der
2303 1262 3329 1321 Miniſterrat hat vor allem den Termin für die Einbe⸗
2304 1307 3332 1368 rufung des Reichsrates zu beſchließen. Als ſolcher iſt der
2307 1353 2839 1408 15. d. in Ausſicht genommen.
2383 1392 3334 1451 Weiters iſt der Text der Thronrede zu beraten. Da
2302 1434 3331 1495 Thronreden zu Beginn der Legislaturperiode ein um⸗
2302 1478 3330 1541 faſſendes Geſetzgebungsprogramm zu entwickeln pflegen,
2303 1522 3333 1582 iſt es notwendig, daß außer den allgemeinen Problemen
2303 1561 3332 1626 der inneren Politik auch die in den einzelnen Reſſorts
2305 1606 3335 1670 vorbereiteten geſetzgeberiſchen Aktionen in die Thronrede
2309 1651 3341 1711 Aufnahme finden. Zu dieſem Zwecke müſſen die Leiter
2311 1697 3010 1753 der Reſſorts ihre Aeußerungen abgeben.
2389 1732 3336 1800 Einen weiteren Gegenſtand des Miniſterrates dürfte
2305 1779 3334 1841 die Frage bilden, welche Vorlagen dem zuſammentretenden
2307 1822 3333 1884 Reichsrate unterbreitet werden und welches Arbeits⸗
2308 1867 3333 1928 programm die Regierung von dem Hauſe in der Sommer⸗
2309 1914 2635 1970 ſeſſion beanſprucht.
2388 1955 3337 2022 Endlich iſt anzunehmen, daß der Miniſterrat ſich auf
2310 1996 3353 2061 das eingehendſte mit der allgemeinen politiſchen Situation,
2312 2041 3340 2101 den durch die Neuwahlen und durch den Rücktritt des
2313 2083 3341 2184 Freiherrn v. Bienerth geänderten parlamentariſchen Ver⸗
2316 2125 2822 2180 hältniſſen beſchäftigen dürfte.
2377 2170 3336 2238 Es iſt höchſt wahrſcheinlich, daß Miniſterpräſident
2318 2214 3337 2279 Freiherr v. Gautſch im Laufe des morgigen Vormittags
2317 2256 3338 2319 dem Kaiſer in der Villa Hermes in Lainz über den Ver⸗
2318 2300 3339 2365 lauf des Miniſterrates und die politiſche Situation Bericht
2321 2355 2566 2402 erſtatten wird.
2601 2391 3063 2444 Fürſt Thun in Wien.
2400 2439 3341 2500 Der Statthalter von Böhmen Fürſt von Thun⸗
2316 2480 3346 2543 Hohenſtein iſt heute früh um 7 Uhr 10 Minuten
2317 2525 3341 2587 aus Prag hier angekommen und im „Hotel Sacher“ ab⸗
2318 2575 2781 2626 geſtiegen.
2399 2614 3341 2674 Im Laufe des Tages dürſte Fürſt Thun eine
2319 2655 3341 2718 Begegnung mit dem Miniſterpräſidenten Freiherrn von
2322 2709 2647 2760 Gautſch haben.
2398 2744 3342 2805 Es gilt in informierten politiſchen Kreiſen auch nicht
2321 2786 3341 2848 für ausgeſchloſſen, daß der Statthalter von Böhmen
2323 2832 3195 2893 morgen vor dem Kaiſer in Audienz erſcheint.
2321 2882 3343 2945 Eine Beratung der chriſtlichſozialen Abgeord⸗
2320 2928 3351 2988 neten der niederöſterreichiſchen Landgemeinden.
2406 2977 3348 3036 Wie wir hören, treten die chriſtlichſozialen Reichs⸗
2321 3022 3348 3081 ratsabgeordneten des flachen Landes Niederöſterreichs
2322 3064 3347 3125 Montag den 3. d. zu einer politiſchen Be⸗
2323 3116 2679 3166 ſprechung zuſammen.
516 3243 915 3314 Kleine Chronik.
182 3312 1178 3370 Wien, 1. Juli.
183 3372 1212 3433 [Hof⸗ und Perſonal nach richten.] Ueber das
190 3411 1214 3473 Befinden der Erzherzogin Marie Valerie wurde heute
183 3452 1214 3513 in Iſchl folgendes Bulletin ausgegeben: Das Befinden iſt
190 3493 1220 3623 gut, Schlaf ausreichend, Appetit normal, Temperatur 37˙4,
193 3521 1215 3589 Puls 80. Profeſſor Dr. Piskacek. — Erzherzog Franz
189 3555 1218 3626 Salvator hat den Bildhauer Leiſek, den Schöpfer des
184 3614 1219 3670 Iſchler Kaiſerſtandbildes, eingeladen, nach Iſchl zu kommen,
193 3650 1215 3710 um die Gruft der Erzherzogin Agnes durch ein Denkmal zu
193 3689 1217 3750 zieren. — In dem Berichte im heutigen Morgenblatte über
197 3728 1217 3789 die Proteſtaktion gegen die Errichtung eines Tuberkuloſen⸗
194 3768 1217 3828 heims auf dem Semmering ſoll es richtig heißen kaiſerlicher
196 3804 1219 3868 Rat Dr. Hanſy vom Kurhaus Semmering. — Der Hofrat
196 3848 1221 3903 und emeritierte Univerſitätsprofeſſor Dr. Anton Wilhelm
196 3887 1220 3943 Neumann in Mödling feiert am 4. d. ſeinen 74. Geburts⸗
198 3927 1219 3986 tag. — Eine perſiſche Prinzeſſin, wie es heißt die Gattin
197 3966 1221 4026 des perſiſchen Regenten Abul Kaſſin Chan, Naſſir
199 4006 1219 4063 el Muelk, iſt heute hier eingetroffen und mit großem
198 4046 1223 4103 Gefolge im „Hotel Imperial“ abgeſtiegen. — Donnerstag den
200 4085 1221 4142 6. d. um ½1 Uhr mittags findet in der Schloßkirche
199 4123 1224 4215 Heiligenkreuz die Trauung des Hauptmannes Robert
200 4164 1223 4221 Ritter v. Höffern zu Saalfeld, Perſonaladjutanten
200 4199 1224 4260 des Erzherzogs Friedrich, mit Fräulein Bera Egers⸗
202 4241 1223 4301 dorfer ſtatt. — In der Prämiierungsliſte der
205 4282 1225 4335 Abiturienten der Akademie für Muſik und darſtellende
204 4322 1224 4380 Kunſt im heutigen Morgenblatte wurde das Karoline von
200 4360 1223 4422 Gomperz⸗Bettelheimſche Anton Rubinſtein⸗Prämium zu 400 K.
205 4398 1224 4458 wohl erwähnt, doch blieb irrtümlicherweiſe der Name des
206 4440 1225 4498 Fräuleins Adele Setzer, welcher dasſelbe verliehen wurde,
205 4497 384 4538 ungenannt.
276 4536 1226 4591 [Der neue Landesgerichtspräſident von
200 4574 1230 4630 Innsbruck.] Der Kaiſer hat den Miniſterialrat im
205 4613 1230 4669 Juſtizminiſterium Dr. Otto Ritter v. Lutterotti zu
202 4651 1230 4707 Gazzolis und Langenthal zum Landesgerichts⸗
204 4689 1231 4747 präſidenten in Innsbruck ernannt und ihm aus dieſem An⸗
205 4731 1056 4787 laß das Ritterkreuz des Leopolds⸗Ordens verliehen.
281 4783 1233 4841 [Verleihungen und Ernennungen.] Der
205 4822 1233 4881 Kaiſer hat an der montaniſtiſchen Hochſchule in Przibram
206 4861 1233 4921 den außerordentlichen Profeſſor Zdenko Joſef Kral zum
208 4901 1233 4958 ordentlichen Profeſſor der darſtellenden Geometrie und Bau⸗
207 4939 1232 4999 kunde und den außerordentlichen Profeſſor Dr. Techn.
208 4979 1233 5038 Franz Köhler zum ordentlichen Profeſſor der Geodäſie und
209 5015 1233 5075 Markſcheidekunde ernannt, dem Inſpektor der techniſchen
210 5056 1236 5116 Finanzkontrolle Joſef Barta in Troppau anläßlich der von
210 5095 1235 5155 ihm erbetenen Verſetzung in den dauernden Ruheſtand den
211 5132 1237 5189 Titel eines Regierungsrates und dem Statthaltereiſekretär
209 5171 1237 5231 Friedrich Tautermann in Prag den Titel und Charakter
211 5210 1236 5263 eines Bezirkshauptmannes verliehen. — Der Finanzminiſter
1259 3215 2283 3271 hat im Stande der Finanzprokuratur in Innsbruck den Kon⸗
1258 3251 2281 3309 zipiſten Dr. Rudolf Baumgartner zum Finanzprokura⸗
1259 3304 1627 3346 tursadjunkten ernannt.
1339 3339 2281 3398 [Univerſitätsnachrichten.] Der Vorſchlag der
1260 3378 2283 3434 Innsbrucker mediziniſchen Fakultät für die Lehrkanzel für innere
1260 3417 2283 3473 Medizin, welche durch die Berufung des Profeſſors Ortner
1261 3456 2281 3513 nach Wien vakant geworden iſt, lautet: Primo loco Profeſſor
1262 3495 2283 3551 Pfeiffer in Graz, Direktor der Lungenheilſtätte Hörgas;
1262 3533 2283 3589 secundo loco Privatdozent Primarius Dr. Schmidt in
1262 3573 2284 3630 Wien; tertio loco Profeſſor v. Tabora in Straßburg im
1262 3612 2285 3672 Elſaß und Profeſſor Walko in Prag. Der Phyſiologe
1264 3651 2284 3707 Profeſſor Trendelenburg aus Freiburg hat eine Be⸗
1261 3690 2285 3746 rufung nach Innsbruck erhalten und wird derſelben Folge
1264 3729 2286 3785 leiſten. An Stelle des Vorſtandes des pharmakologiſchen Inſtituts
1264 3768 2281 3823 an der deutſchen Univerſität in Prag, Profeſſor Pohl, der
1264 3807 2286 3863 nach Breslau berufen wurde, werden genannt: Primo loco
1265 3846 2287 3902 Profeſſor Cloetta in Zürich; secundo loco Profeſſor
1266 3886 2289 3942 Wiechowski, erſter Aſſiſtent des Hofrates Hans Horſt
1266 3925 2288 3980 Meyer in Wien; tertio loco Profeſſor Jodlbauer in
1267 3963 2289 4017 München. — Das Unterrichtsminiſterium hat den Beſchluß des
1267 4002 2288 4058 Profeſſorenkollegiums der Grazer mediziniſchen Fakultät auf Zu⸗
1267 4041 2290 4097 laſſung des Aſſiſtenten der Univerſitätsklinik Dr. Karl Pot⸗
1267 4079 2288 4136 peſchnig als Privatdozenten für die Kinderklinik beſtätigt.
1344 4129 2288 4182 [Aus Kurorten und Sommerfriſchen.]
1271 4169 2289 4222 Aus Baden wird uns geſchrieben: Nachdem vor kurzem
1270 4201 2289 4261 erſt der neue Faberweg, eine Verbindung zwiſchen der Faber⸗
1271 4247 2289 4301 hütte und dem Niederöſterreichiſchen Landesmuſeum, eröffnet
1268 4286 2290 4343 worden war, iſt nunmehr auch der neueſte Spazierweg Badens,
1272 4326 2291 4380 der „Reichertweg“, dem Verkehre übergeben worden. Im
1272 4365 2292 4420 gleichen Landſchaftsgebiete gelegen, aber wieder neue Ausblicke
1273 4405 2294 4459 eröffnend, führt dieſe prächtige Waldpromenade einerſeits vom
1273 4444 2292 4499 Gaadener Weg über die Brzeſowsky⸗Anlage in mäßiger
1272 4477 2294 4540 Steigung zur „Reicherthütte“ und ſchließt ſich andererſeits an
1275 4521 2292 4577 das Wegnetz der Putſchaner⸗Luke, reſpektive des Rainerweges
1275 4555 2293 4617 an. Fabrikant Rudolf Reichert aus Wien hat dieſen Weg
1275 4602 2295 4656 durch den ſtädtiſchen Garteninſpektor J. Krupka herſtellen laſſen
1273 4640 2293 4693 und dem Badener Verſchönerungsverein übergeben. — Aus
1276 4680 2295 4732 Karlsbad wird uns berichtet: Bei der ſtändig ſteigenden
1273 4719 2295 4772 Anwendungsfähigkeit des Radiums und ſeiner Zerfallsprodukte
1275 4759 2296 4813 in der Medizin und ſpeziell der Balneologie iſt es gewiß von
1278 4797 2295 4854 Intereſſe, zu erfahren, daß auch die berühmten Karlsbader
1277 4836 2297 4892 Thermen aktiv ſind. Die Radioaktivität der verſchiedenen
1283 4876 2296 4935 Quellen iſt verſchieden und ſchwankt von 1˙5 bis 38˙4 Mache⸗
1277 4916 2298 4972 einheiten. Derartig ſtarke Aktivitäten, wie ſie der Mühlbrunn
1278 4956 2297 5009 und namentlich die Eiſenquelle (mit 38˙4 Macheeinheiten) auf⸗
1278 4995 2298 5054 weiſen, werden von keiner anderen bis jetzt bekannten Quelle
1279 5035 2297 5090 Böhmens erreicht. Dieſe ſtarke Aktivität hat auch den Stadt⸗
1278 5073 2298 5127 rat von Karlsbad veranlaßt, der Einrichtung von natürlichen
1279 5113 2297 5166 Radiumemanationsbädern (Inhalatorien) näher zu treten,
1279 5151 2299 5206 und werden bereits diesbezügliche Studien angeſtellt, um dieſen
1280 5192 2300 5245 Plan zu verwirklichen wodurch eine ſehr bedeutungsvolle Ver⸗
2328 3207 3350 3259 mehrung der Heilſchätze dieſes Weltbades eintreten wird. —
2329 3245 3353 3300 Aus Töplitz (Unterkrain) wird uns geſchrieben: Der
2330 3282 3353 3341 Kurort Töplitz iſt infolge ſeiner günſtigen Lage ein ſehr ge⸗
2331 3322 3354 3379 eigneter Ort für Städter, die Ruhe ſuchen. Rings von be⸗
2328 3362 3351 3417 waldeten Bergen umſchloſſen, liegt der Ort in einem Seitenteile
2329 3402 3351 3458 des Gurktales, verſchont von häufigem Temperaturwechſel. Die
2328 3442 3352 3498 Umgebung von Töplitz iſt reich an poeſievollen Landſchafts⸗
2329 3481 3352 3540 bildern. In nächſter Nähe ſind herrliche Spaziergänge vor⸗
2333 3522 3355 3575 handen und auch weitere Ausflüge lohnen die Mühe eines
2331 3569 2726 3613 mehrſtündigen Marſches.
2405 3603 3356 3660 [Schloß Biberich als Geſchenk für Kaiſer
2336 3643 3355 3698 Wilhelm.] Aus Wiesbaden wird gemeldet: In Wies⸗
2337 3683 3356 3738 baden beſteht der Plan, das maleriſch ant Rhein gelegene groß⸗
2339 3717 3356 3781 herzogliche Schloß Biberich von der luxemburgiſchen Finanz⸗
2337 3757 3355 3816 kammer käuflich zu erwerben und dem Kaiſer Wilhelm
2339 3806 2752 3852 zum Geſchenk zu machen.
2411 3848 3360 3900 [Duellforderung zwiſchen Univerſitäts⸗
2333 3886 3362 3940 profeſſoren.] In Heidelberg erregt eine Duell⸗
2333 3926 3360 3980 forderung, die der Profeſſor Rudolf Straſſer, Lieutenant
2334 3963 3363 4017 der Reſerve, an die Profeſſoren Schmidt und Dr. Ull⸗
2333 4003 3361 4058 rich ergehen ließ, großes Aufſehen. Die Urſachen dieſer
2336 4042 3365 4095 Doppelforderung ſind Reibereien, die in beruflichen Angelegen⸗
2333 4080 3358 4135 heiten zwiſchen den Herren entſtanden find. Vorausſichtlich wird
2333 4118 3364 4173 ſich auch die Staatsanwaltſchaft mit dem Falle, der im Lehr⸗
2336 4157 3361 4213 körper der Univerſität große Beunruhigung hervorruft, be⸗
2335 4208 2487 4249 ſchäftigen.
2418 4240 3361 4294 [Ein geſtohlenes Rennpferd.] Aus Graz wird
2344 4273 3362 4332 uns telegraphiert: Dem bekannten Rennſtallbeſitzer Cavaliere
2346 4317 3363 4371 Coſtella in Göſting bei Graz wurde heute nachts ein
2340 4357 3363 4411 Rennpferd im Werte von 5000. K. geſtohlen. Der Dieb iſt
2347 4395 3364 4455 der im Jahre 1889 in Wien geborene Joſef Pallo, der
2349 4427 3365 4487 erſt vor drei Tagen als Stallburſche in die Dienſte des Herrn
2348 4473 3365 4526 Coſtella getreten war. Er wurde nachts mit dem Pferde in
2348 4513 3156 4565 Graz geſehen. Seither fehlt jede Spur von ihm.
2416 4568 3367 4621 [Das ſtädtiſche Muſeum auf der Schmelz.]
2341 4607 3366 4660 Wie uns aus Gemeinderatskreiſen mitgeteilt wird, iſt der
2341 4645 3367 4698 Bürgerklub des Gemeinderates für nächſten Montag zu einer
2341 4684 3367 4737 Sitzung einberufen, um über die Plätzfrage für das ſtädtiſche
2342 4722 3368 4776 Muſeum zu beraten und einen vorbereitenden Entſchluß zu
2342 4760 3368 4815 faſſen. In der letzten Sitzung des Gemeinderates am 14. d.
2340 4798 3368 4853 ſoll die Stadtvertretung Gelegenheit erhalten, über den Platz
2341 4834 3368 4892 die definitive Entſcheidung zu treffen. Der Referent Stadtrat
2341 4876 3365 4930 Schwer ſchlägt für die Errichtung des ſtädtiſchen Muſeums
2341 4916 3368 4970 die Schmelz vor, wogegen jedoch von ſeiten eines Teiles der
2342 4948 3232 5007 Gemeinderäte ein lebhafter Widerſpruch erhoben wird.
2434 4999 3366 5050 [Schlußkonzert der Muſikſchulen Kaiſer.] Die
2350 5031 3364 5086 Muſikſchule Kaiſer veranſtaltet heute abends im Feſtſaale des
2348 5069 3367 5120 Kaufmänniſchen Vereines (1. Bezirk, Johannesgaſſe 4) ihr Schluß⸗
2349 5105 3365 5155 konzert. Herr Ludwig Sallaba tritt als Dirigent auſ und wird
2348 5140 3368 5192 Beethovens „Egmont“⸗Ouverture und die Orcheſterbelgeitung der
2349 5186 2643 5220 Romanze dirigieren.
