3168 4817
297 76 819 128 Samstag den 1. Juli 1911.
1357 54 1904 113 Innsbrucker Nachrichten
2547 39 2967 91 Nr. 148. Seite 9.
284 169 1117 251 Geſellige Veranſtaltungen und
485 254 918 327 Schauſtellungen.
301 338 1150 385 (Stadtſaal⸗Reſtaurant und Terraſſe.)
257 373 1152 421 Täglich ab 8 Uhr abends Konzert der Nationalſänger⸗
258 409 1151 457 und Schuhplattltänzer⸗Geſellſchaft Michl Ellmann aus
258 444 1152 492 Scharnitz und Hermine Mayerhofer. — Donnerstag,
258 479 1152 529 Samstag und Sonntag Doppelkonzerte des
260 513 1154 562 ſtädt. Orcheſters und der Nationalſänger⸗ und Schuh⸗
259 547 1154 598 plattltänzer⸗Geſellſchaft Michl Ellmann und Hermine
259 592 450 633 Mayerhofer.
303 616 1154 668 (Doppelkonzerte.) Wie bereits berichtet, be⸗
259 655 1154 704 ginnen heute, 1. Juli, im „Deutſchen Café“ (Apollo⸗
258 691 1154 740 ſaal) Doppelkonzerte, ausgeführt von der Wiener
259 726 1154 775 Damenkapelle Toni Altmann (8 Perſonen)
261 758 1157 810 und der beſtbekannten und vielfach ausgezeichneten
262 792 1156 846 Nationalſänger⸗ und Schuhplattler⸗Geſellſchaft Fa⸗
262 830 1156 881 milie Höpperger aus Thaur (6 Perſonen). Die
262 866 1157 918 Konzerte beginnen um 8 Uhr abends. Blockkarten
263 902 1158 953 zu ermäßigten Preiſen ſind im „Deutſchen Café“ er⸗
262 952 381 989 hältlich.
307 975 1159 1024 (Die längerdienenden Unteroffiziere
262 1010 1157 1060 der Garniſon Hall) veranſtalten am Montag,
262 1044 1160 1095 3. d. Mts., im Gaſthof „Thömlſchlößl“ in Hall ein
263 1080 1159 1130 Wohltätigkeitskonzert mit Lampionbeleuchtung unter
263 1113 1160 1165 Mitwirkung der Muſikkapelle des 4. Tiroler Kaiſer⸗
264 1152 1159 1204 jäger⸗Reg. aus Bregenz und des Sängerchores des
265 1184 1160 1235 Geſelligkeitsvereines der längerdienenden Unteroffi⸗
264 1222 1160 1272 ziere der Garniſon Innsbruck, verbunden mit Tom⸗
264 1256 1161 1307 bola und anderen Beluſtigungen. Am Schluſſe des
267 1292 1160 1343 Feſtes Abbrennen von Feuerwerk. Das event. Rein⸗
265 1329 1162 1379 erträgnis fließt dem Unterſtützungsfonde für Unter⸗
267 1363 1161 1418 offizierswitwen und Waiſen zu. Beginn des Feſtes
268 1399 1163 1450 ½9 Uhr abends. Eintritt per Perſon 30 Heller, ohne
267 1435 1162 1484 der Wohltätigkeit Schranken zu ſetzen. Zu dieſer Ver⸗
267 1470 1164 1520 anſtaltung werden Freunde und Gönner freundlichſt
268 1506 1162 1555 eingeladen und gleichzeitig aufmerkſam gemacht, daß
269 1543 1070 1591 ſpezielle Einladungen nicht ausgegeben werden.
314 1630 1164 1681 (Der Zentral⸗Kinematograph) bringt
271 1664 1164 1716 ab heute wieder ein künſtleriſch zuſammengeſtelltes
272 1698 1165 1752 Prachtprogramm. Beſonders hervorzuheben iſt der
273 1737 1167 1788 großartige Kunſtfilm „Die Schuld des Kaiſers“, ein
272 1771 1167 1824 hervorragendes Kriegsſujet, von erſtklaſſigen Kräften
272 1809 1166 1860 dargeſtellt. Der „Überfall von Indianern“ iſt eine
272 1843 1166 1894 Epiſode aus der Miſſionszeit in Alt⸗Kalifornien,
275 1881 1167 1930 „Der Lohn des armen Mädchens“, ein aus dem
273 1914 1169 1965 Leben gegriffenes. Senſationsdrama. Das „Preis⸗
276 1950 1167 2001 reiten der Offiziere des Reitinſtitutes in Hannover“
273 1983 1170 2036 dürfte alle Sportfreunde ſehr intereſſieren. — Die
275 2022 1168 2071 Direktion macht aufmerkſam, daß am Dienstag,
275 2056 1170 2107 dem 4. Juli von nachmittags 2 Uhr bis abends 10
276 2093 1170 2142 Uhr Wohltätigkeitsvorſtellungen zu gun⸗
277 2126 1171 2179 ſten der Freiw. Rettungs⸗Abteilung Innsbruck ſtatt⸗
279 2163 1171 2214 finden. — Die Rettungs⸗Abteilung ſchreibt
278 2199 1172 2249 uns bezüglich dieſer Wohltätigkeitsvorſtellungen: Die
279 2234 1171 2286 Familie Pitſchmann, Inhaber des Zentral⸗Kinema⸗
279 2270 1172 2322 tographen in der Maria Thereſienſtraße, überläßt der
279 2302 1172 2357 Freiw. Rettungs⸗Abteilung am kommenden Diens⸗
279 2342 1175 2391 tag ohne jedwede Koſten die Geſamt⸗Tageseinnahme
280 2377 1172 2426 aus allen Vorſtellungen von 2 Uhr nachmittags bis
281 2409 1175 2462 10 Uhr abends. Das Programm wird hochintereſſant
280 2446 1173 2497 ſein. Die Kaſſa wird von Mitgliedern der Freiw.
281 2483 1174 2532 Rettungs⸗Abteilung beſetzt ſein. Es wird um zahl⸗
283 2518 1176 2568 reichen Beſuch gebeten, damit das Opfer, welches die
281 2550 1175 2604 Familie Pitſchmann in hochherziger Weiſe bringt,
282 2590 1174 2638 der Rettungs⸗Abteilung auch reichlich Früchte trägt.
332 2624 1176 2675 (Theater⸗Kinematograph.) Univerſitäts⸗
284 2660 1175 2711 ſtraße, Hotel „Grauer Bär“. Wie immer iſt auch
284 2696 1175 2747 das jetzige neue Programm reich an Abwechslung.
283 2731 1179 2782 Die Sportaufnahme „Eine Jagd zu Pferde in den
285 2765 1178 2815 Revieren von Caren“, ſowie die Originalaufnahme
286 2804 1178 2854 „Kleine italieniſche Städte“ bieten ſehr viel des
285 2836 1180 2889 Intereſſanten. Höchſt ſpannend und großartig in
285 2872 1180 2925 der Darſtellung und Handlung ſind die beiden kolo⸗
288 2908 1181 2960 rierten Dramen „Die Tänzerin der Siva“ und „Die
287 2947 1180 2996 Zirkusreiterin“. Der humoriſtiſche Teil ſchließt mit
289 2981 1182 3030 einem reizenden Luſtſpiel „Kleider machen nicht immer
287 3014 1180 3066 Leute“ und den urkomiſchen Schlagern „Es wird
289 3052 1182 3102 Hilfe verlangt“ und „Lemkes Garten“, welche all⸗
289 3093 806 3137 gemeine Heiterkeit hervorrufen.
333 3125 1182 3173 (Lehners Kinematograph) in der Karl⸗
290 3158 1184 3208 ſtraße bringt dieſe Woche als Schlager des reichhal⸗
290 3195 1184 3245 tigen Programmes den neueſten Film der berühmten
290 3230 1185 3280 Firma Gaumont „Hinter den Kuliſſen des Kinemato⸗
292 3266 1185 3315 graphen“. Die außerordentlich gelungene Aufnahme
291 3298 1186 3350 bietet zum erſtenmale Einblicke in die Technik kine⸗
292 3337 1185 3388 mathographiſcher Kunſt und darf ſchon wegen ihrer
290 3371 1187 3422 Originalität Anſpruch auf beſonderes Intereſſe er⸗
293 3404 1186 3457 heben. Ein zweiter Schlager iſt das ſpannende Drama
293 3440 1188 3492 „Ceſar Birobteau“, ein Kunſtfilm von ſeltener Schön⸗
294 3476 1187 3529 heit. Die übrigen Nummern ergänzen in gewohnt
294 3514 1189 3565 erſtklaſſiger Form das ausgeſuchte Programm, ſo die
294 3548 1188 3599 intereſſanten Naturaufnahmen aus Oſtitalien, Bet⸗
294 3587 1189 3634 lehem und Paläſtina. Das Drama „Großmütterchens
295 3618 1189 3669 Leid“ und die drei komiſchen Aufnahmen. Die Vor⸗
297 3659 1192 3707 führung dieſes Programmes dauernt nahezu zwei
296 3703 439 3738 Stunden.
454 3766 1050 3846 Vergnügungsanzeiger.
358 3857 1123 3908 laut heutigen Annoncen.
505 3921 989 3970 Sonntag den 2. Juli.
298 3985 1195 4043 Stadtſaal⸗Reſtaurant: Konzert des ſtädtiſchen
344 4029 1195 4089 Orcheſters und Auftreten der Sänger⸗ und
344 4073 1197 4132 Tänzergeſellſchaft Michl Ellmann aus Scharnitz
346 4120 1195 4178 in Tirol und der Jodlerin Frau Hermine
347 4172 563 4221 Mayerhofer.
305 4212 1189 4269 Gaſthof zum Grauen Bären: Konzert der Ti⸗
348 4255 1190 4313 roler Nationalſänger⸗ und Schuhplattltänzer⸗
352 4303 862 4357 Geſellſchaft Franz Ringler.
304 4346 1082 4401 Hotel Maria Thereſia: Militär⸗Konzert.
307 4388 1093 4447 Deutſches Café (Apolloſaal): Konzert.
1179 162 1850 216 Gaſthof zum Burgrieſen: Konzert.
1181 206 1880 261 Goldener Greif: Frühſchoppenkonzert.
1181 248 2077 304 Gaſthof Krone (Gamper): Frühſchoppen⸗ und
1227 301 1500 348 Abend⸗Konzert.
1184 340 2073 395 Adambräu: Gartenkonzert und Tanzkränzchen.
1183 383 2079 438 Gaſthaus Krone (Leopoldſtr. 48): Abends 8 Uhr
1228 434 1373 481 Konzert.
1184 476 1812 528 Reſtauration Bierſtindl: Konzert.
1184 516 2023 574 Hotel Sonnenburgerhof: Frühſchoppenkonzert.
1185 561 2074 615 Kinematograph (Univerſitätsſtraße beim Grauen
1229 604 2075 659 Bären): Täglich bis 10 Uhr abends Vorſtel⸗
1230 659 1360 705 lungen.
1189 693 2075 749 Central⸗Kinematograph (Maria Thereſienſtraße):
1232 738 2078 793 Von 10 Uhr vormittags bis 10 Uhr abends
1232 791 1486 837 Vorſtellungen.
1190 827 2077 885 Lehners Kinematograph (Karlſtraße): Täglich
1233 873 1886 926 Vorſtellungen bis 10 Uhr abends.
1552 962 1719 1033 Kunſt.
1233 1044 2084 1099 (Vom Künſtlerhaus und Kunſtver⸗
1191 1090 2084 1146 ein Salzburg.) Die 27. Jahresausſtellung
1190 1134 2085 1189 wurde am 28. Juni feierlich eröffnet. Sie iſt
1190 1176 2085 1232 von Künſtlern des In⸗ und Auslandes mit 272
1191 1218 2086 1280 Kunſtwerken reichhaltig beſchickt. Auch für die heu⸗
1191 1266 2086 1323 rige Ausſtellung ſpendete das Miniſterium für
1193 1308 2087 1367 Kultus und Unterricht in Wien vier goldene und
1192 1354 2087 1412 ſechs ſilberne Staats⸗, die Stadt Salzburg drei
1193 1406 1489 1451 ſtädt. Medaillen.
1429 1493 1873 1569 Alpine Zeitung.
1241 1574 2092 1632 (Vom Stubaitale.) Für das Stubaital
1196 1620 2092 1679 und zugleich für ſich ſelbſt betreibt das Hotel
1197 1666 2090 1722 „Serles“ in Telfes eine ſehr wirkſame Reklame.
1198 1710 2093 1767 Es gelangen nämlich 15 verſchiedene Anſichts⸗
1198 1755 2095 1813 karten in zwei Serien zur Verteilung an Fremde
1199 1799 2094 1857 und Intereſſenten. Die erſte Serie bringt Bil⸗
1198 1844 2094 1899 der aus der Fahrt in das Stubaital, während
1200 1887 2096 1946 die zweite Serie das Stubaier Hochgebirge mit
1200 1933 2096 1990 den Unterkunftshütten bringt. Auf jeder Karte
1201 1975 2094 2032 iſt in einer Ecke das Hotel „Serles“ ſelbſt,
1202 2019 2097 2077 als kleine Vignette im Bilde gebracht. Auf
1201 2064 2098 2121 der Rückſeite, im Raume für ſchriftliche Mittei⸗
1202 2109 2096 2167 lungen, iſt ein empfehlender Text untergebracht.
1203 2152 2099 2212 Dieſe Karten werden in einem Umſchlage über⸗
1203 2197 2100 2256 reicht. Der Umſchlag, welchen die Wagnerſche
1207 2242 2101 2300 k. k. Univerſitäts⸗Buchdruckerei recht geſchmackvoll
1204 2287 2100 2344 ausführte, zeigt auf der Außenſeite die Bahnlinie
1205 2332 2103 2387 mit den Tunellen und Brücken wie auch jedem
1195 2377 2099 2433 Stationsnamen die abſolute Höhe beigefügt iſt.
1206 2418 2102 2477 Bei der Station Telfes iſt das Hotel „Serles“
1205 2464 2101 2519 wieder im Bilde angebracht. Die Innenſeite die⸗
1207 2509 2103 2567 ſes Umſchlages bringt auf deutſch, engliſch und
1208 2551 2103 2609 franzöſiſch eine Empfehlung zum Beſuche des Stu⸗
1205 2595 2105 2652 baitales und weiſt darauf hin, daß die Bahn in
1208 2641 2105 2697 Telfes den höchſten Punkt ihrer Fahrt erreicht und
1210 2685 2105 2742 dann abwärts fährt. Hotel und Bureaus, welche
1207 2731 2105 2789 bereit ſind, dieſe Karten aufzulegen, mögen auch
1210 2773 2107 2832 ihre Karten, bezw. Proſpekte dem Hotel „Serles“
1212 2817 2106 2878 einſenden. In Innsbruck gibt J. Zimmermann,
1210 2868 1771 2918 Bahnſtraße 20, jede Auskunft.
1256 2907 2097 2964 (D. u. Ö. Alpenverein, Sektion Inns⸗
1212 2951 2105 3009 bruck.) Die Sektionsmitglieder werden auf das
1212 2995 2108 3053 jüngſt erſchienene Reiſewerk „Von Hütte zu
1214 3042 2109 3098 Hütte“, Führer zu den Schutzhütten der deut⸗
1213 3082 2109 3143 ſchen und öſterreichiſchen Alpen, herausgegeben
1215 3121 2110 3188 von Dr. Joſef Moriggl, Alpenvereins⸗Sekre⸗
1215 3173 2111 3232 tär, aufmerkſam gemacht. (Erſter Band: Nord⸗
1216 3219 2047 3278 alpen und Silvrettagruppe, Preis K 3.60.)
1261 3270 2112 3329 (Die Brixener Hütte,) 2311 Meter, am
1217 3316 2112 3373 Pfannalpenboden im Valſertale iſt wieder ver⸗
1216 3362 2113 3420 proviantiert. Dieſelbe dient als Stützpunkt für
1218 3404 2112 3464 die Beſteigung der Wilden Kreutzſpitze, des Wur⸗
1217 3450 2113 3509 maul, der Grabſpitze, ſowie für die Übergänge
1219 3496 1929 3552 nach Pfitſch, Mauls und Pfunders.
1264 3548 2111 3607 (Neue Zufahrtsſtraße zum Glockner.)
1217 3592 2113 3652 Der Straßenbau nach Kals wird nun begonnen.
1222 3636 2117 3695 Dorf Kals (1322 Meter), bekanntlich die Tal⸗
1221 3680 2116 3744 ſtation für Glocknerbeſteigungen von der Tiro⸗
1222 3727 2120 3787 ler Seite aus, war bisher nur zu Fuß auf
1224 3771 2117 3830 einem, beſonders anfangs herzlich ſchlechten
1223 3816 2118 3874 Karrenweg erreichbar, indem man von der Poſt⸗
1222 3860 2118 3920 ſtraße Lienz—Windiſchmatrei—Huben abbog und
1221 3905 2119 4000 gute drei Stunden hinanpolterte. Die neue
1224 3950 2119 4009 Straße wird bei etwa 16 Kilometer Länge den
1227 3994 2119 4053 faſt 500 Meter betragenden Höhenunterſchied
1227 4039 2117 4098 zwiſchen Huben und Kals angenehm überwinden.
1528 4106 1818 4156 Unglücksfälle.
1271 4163 2120 4223 (Abgeſtürzt.) Aus Gmunden wird uns
1228 4207 2121 4269 unterm 1. d. M. telegraphiert: Vom Traun⸗
1227 4252 2121 4310 ſtein ſtürzte der Schuhfabrikant Mois Mark⸗
1231 4291 2122 4351 ſchläger aus Linz ab, wobei er ſich tötliche
1224 4340 1600 4395 Verletzungen zuzog.
2264 145 2813 220 Theater und Muſik.
2152 233 2995 281 (Im Pradler Bauerntheater) gelangt mor⸗
2110 275 2997 328 gen, Sonntag den 2. Juli, das ſchon lange nicht mehr
2110 319 2997 370 gegebene hochintereſſante Ritterſchauſpiel „Wende⸗
2110 365 2998 414 lin von Höllenſtein“ oder „Die Totenglocke um
2111 407 3000 457 Mitternacht“ zur einmaligen Aufführung. Die
2111 452 2999 502 Titelrolle ſpielt Herr Max Gſtöttner. Die anderes
2113 497 2998 545 Rollen ſind in den beſten Händen der Truppe, —
2112 540 3000 590 Vorverkaufskarten ſind in der Konditorei Mundiny,
2113 582 3003 635 Kiebachgaſſe Nr. 16, erhältlich. Alles Nähere durch
2113 637 2406 677 die Anſchlagzettel.
2158 667 3003 727 („Glaube und Heimat“ in Schwaz)
2113 717 3003 773 Da Dr. Schönherr nicht zu bewegen iſt, ſein
2114 762 3004 818 jüngſtes Werk, die Tragödie „Glaube und
2115 806 3004 862 Heimat“ für Innsbruck freizugeben, beab⸗
2117 851 3005 906 ſichtigt Direktor Ferdinand Exl, dasſelbe vor
2116 895 3005 951 Beginn ſeiner Saiſon im Löwenhaustheater
2118 939 3007 997 im Theaterſaale in Schwaz zur Aufführung
2118 985 3007 1040 zu bringen. Er meint, daß, — nachdem die
2117 1029 3007 1086 Zugsverbindung eine günſtige wäre — man
2120 1073 3007 1129 wohl auch auf Innsbrucker Publikum rechnen
2119 1116 3009 1175 könnte. Dieſe Aufführung dürfte zwiſchen den
2120 1160 3011 1218 9. und 12. Juli ſtattfinden und wurden hiefür
2120 1203 3009 1262 folgende Preiſe feſtgeſetzt: Reſervierte Sitze
2123 1251 3010 1305 1. bis 4. Reihe 4 Kronen, 5. bis 7. Reihe
2121 1294 3011 1351 3 Kronen, 8. bis 10. Reihe 2 Kronen, die
2123 1339 3012 1396 weiteren Reihen 1 Krone 50 Heller, Stehplatz
2124 1394 2296 1430 1 Krone.
2559 1436 2582 1458 *
2166 1471 3012 1529 (Muſikverein Innsbruck.) Am Diens⸗
2124 1517 3013 1574 tag, 4. Juli, findet im großen Stadtſaale wie⸗
2124 1561 3013 1618 der ein Konzert der Muſikſchule unter Mitwir⸗
2126 1606 3012 1663 kung des Stadtorcheſters mit folgendem Pro⸗
2127 1651 3011 1708 gramm ſtatt: 1. Konzert für Klavier in d-moll
2127 1693 3015 1751 I. Satz, von W. A. Mozart. Anna Zoch. 2. An⸗
2128 1740 3017 1796 dante tranquillo aus dem Konzert Nr. 7 von
2128 1784 3017 1839 C. Beriot. Max Widmayer. 3. Andante aus
2127 1825 3017 1888 der Suite für Harfe von Tedeſchi; „Gitana“
2129 1873 3018 1930 capriccio von Haßelmanns. Hedwig Riegl, 4. Se⸗
2130 1918 3019 1975 renade und Allegro gioioso für Klavier von
2130 1961 3020 2017 F. Mendelsſohn. Herta Leiter, 5. Duett aus
2131 2005 3020 2062 der „Schöpfung“ von Haydn. Antonie Kees,
2132 2049 3020 2109 Alfons Schlögl. 6. Konzert für Violine, g-mol.
2131 2083 3020 2151 II. und III. Satz von M. Bruch. Joſef Pet⸗
2133 2139 3019 2196 ſcher. 7. Introduktion und Allegro appassio⸗
2133 2185 3022 2241 nato von R. Schumann. Alfred Waſſermann
2134 2222 3025 2295 8. Konzert für Oboe von A. Klughart. Fritz
2133 2275 3026 2331 Steiner. 9. Präludium in g-moll für Orgel
2135 2320 3024 2376 von J. S. Bach. Alfons Schlögl. — Kaſſen⸗
2136 2364 3021 2419 eröffnung von halb 8 Uhr. Anfang 8 Uhr.
2136 2407 3025 2464 Ende 10 Uhr. Die Vorweiſung des Programmes
2137 2451 3024 2509 (à 20 Heller) berechtigt die Perſon zu freien (
2136 2496 3026 2553 Eintritt. Die Vormerkung reſervierter Sitz
2138 2542 3027 2598 (à 40 Heller) geſchieht Dienstag von 9 bis 1
2138 2587 2840 2640 Uhr im Vorraum des Stadtſaales.
2199 2631 3028 2687 (Deutſcher Männergeſangverein)
2139 2673 3028 2731 Wir machen nochmals auf das heute abends
2138 2718 3030 2777 8 Uhr bei jeder Witterung im Bierwaſtlgarten
2140 2765 3029 2822 unter gef. Mitwirkung des ſtädt. Orcheſters
2140 2810 3028 2865 ſtattfindende ſatzungsmäßige Sommerkonzert auf⸗
2140 2852 3031 2909 merkſam. Kaſſaeröffnung iſt um 7 Uhr. Der
2141 2897 3030 2956 Eintritt iſt für Mitglieder und Ehrengläſte frei,
2142 2942 3031 2998 Nichtmitglieder zahlen 1 Krone. Vortragsord⸗
2144 2986 3034 3042 nungen ſind zum Preiſe von 20 Hellern an
2142 3029 3032 3088 der Kaſſe erhältlich. Alles Nähere beſagen die
2143 3081 2433 3131 Maueranſchläge.
2186 3129 3035 3187 (Egger⸗Rieſers Sommerkonzerte.)
2142 3173 3032 3230 Das am Donnerstag abends im „Bierwaſtl“⸗
2142 3217 3033 3274 Garten ſtattgefundene Konzert wies einen ſehr
2144 3261 3033 3319 guten Beſuch auf. Das Programm bot an die⸗
2143 3306 3035 3362 ſem Abende außer einigen uns ſchon bekannten
2144 3351 3036 3408 Nummern viele neue Einlagen, die durchwegs vor⸗
2145 3394 3037 3455 züglich zu Gehör gebracht wurden. Als Einleitung
2146 3438 3038 3496 kam der Marſch „Unter dem Doppeladler“ zum
2145 3483 3038 3539 Vortrage, der vom Leiter der Geſellſchaft, Herrn
2147 3527 3037 3583 Egger, für den Geſang umgearbeitet und ſchnei⸗
2146 3570 3040 3630 dig wiedergegeben wurde. Hierauf folgte das Na⸗
2147 3615 3039 3673 tionallied „Schön in Tirol“, in dem uns Herr
2146 3659 3039 3718 Bader (Baß) und Frl. Leitner (Sopran) be⸗
2147 3705 3041 3762 ſonders gefielen. In dem nun folgenden Liede:
2148 3748 3042 3805 „Grüße an die Heimat“ von O. Weißkopf, hatte
2149 3793 3041 3849 Frl. Lener einige Solis, die ſie mit ihrer an⸗
2149 3836 3042 3894 ſprechenden Altſtimme gut bewältigte. Frau und
2149 3881 3042 3939 Herr Lechner brachten hierauf einige tadellos
2150 3925 3044 3981 geſpielte Muſikſtücke zu Gehör. Vieles und lan⸗
2150 3969 3044 4026 ges Studium erforderte die Walzer⸗Idylle von
2150 4013 3045 4071 Koſchat: „Ein Abend in St. Leonhard“. Einzelne
2150 4058 3044 4116 bäuerliche Szenen wurde mit ſo inniger Natur⸗
2150 4102 3044 4160 treue wiedergegeben, daß die Sänger mit nicht⸗
2153 4147 3045 4205 endenwollen Beifall belohnt wurden. Als Zu⸗
2152 4190 3045 4248 gabe folgte der Marſch „Über Berg und Tal“:
2152 4235 3042 4294 Frl. Kurz, die über eine prachtvolle, auch
2153 4279 3044 4334 in den tiefſten Lagen volle und reine Alt⸗
2153 4324 3044 4381 ſtimme verfügt, überraſchte uns in dem darauf⸗
2151 4367 3045 4428 folgenden Stücke mit einigen Jodl⸗Solis, die ob⸗
