<?xml version="1.0" encoding="UTF-8"?>
<PcGts xmlns="http://schema.primaresearch.org/PAGE/gts/pagecontent/2013-07-15"
       xmlns:xsi="http://www.w3.org/2001/XMLSchema-instance"
       xsi:schemaLocation="http://schema.primaresearch.org/PAGE/gts/pagecontent/2013-07-15 http://schema.primaresearch.org/PAGE/gts/pagecontent/2013-07-15/pagecontent.xsd">
   <Metadata>
      <Creator>University of Innsbruck</Creator>
      <Created>2018-11-29T10:19:33.253+01:00</Created>
      <LastChange>2019-02-12T14:21:34.706+01:00</LastChange>
      <Comments>
                Measurement unit: pixel
                PrimaryLanguage: German
                Language: GermanStandard
                Producer: https://transkribus.eu/Transkribus/</Comments>
      <TranskribusMetadata docId="126495"
                           pageId="4785116"
                           pageNr="139"
                           tsid="7883525"
                           status="GT"
                           userId="206"
                           imgUrl="https://files.transkribus.eu/Get?id=XCYGZVAXZGWQFRFQDCAYLRKJ&amp;fileType=view"
                           xmlUrl="https://files.transkribus.eu/Get?id=TFXFSYQLWVKMDNVTUTLUKVFJ"
                           imageId="2199657"/>
   </Metadata>
   <Page imageFilename="ONB_nfp_18950706_004.tif"
         imageWidth="3488"
         imageHeight="5345">
      <PrintSpace>
         <Coords points="0,0 3488,0 3488,5345 0,5345"/>
      </PrintSpace>
      <ReadingOrder>
         <OrderedGroup id="ro_1567004106776" caption="Regions reading order">
            <RegionRefIndexed index="0" regionRef="r_1_1"/>
            <RegionRefIndexed index="1" regionRef="r_2_1"/>
            <RegionRefIndexed index="2" regionRef="r_3_1"/>
            <RegionRefIndexed index="3" regionRef="r_4_1"/>
            <RegionRefIndexed index="4" regionRef="r_5_1"/>
            <RegionRefIndexed index="5" regionRef="r_6_1"/>
            <RegionRefIndexed index="6" regionRef="region_1548149924851_35"/>
            <RegionRefIndexed index="7" regionRef="region_1548149922593_34"/>
            <RegionRefIndexed index="8" regionRef="r_6_2"/>
            <RegionRefIndexed index="9" regionRef="region_1548149920594_33"/>
            <RegionRefIndexed index="10" regionRef="r_6_3"/>
            <RegionRefIndexed index="11" regionRef="region_1548149218047_11"/>
            <RegionRefIndexed index="12" regionRef="region_1548149238438_12"/>
            <RegionRefIndexed index="13" regionRef="r_6_4"/>
            <RegionRefIndexed index="14" regionRef="r_6_5"/>
            <RegionRefIndexed index="15" regionRef="r_6_6"/>
            <RegionRefIndexed index="16" regionRef="r_7_1"/>
            <RegionRefIndexed index="17" regionRef="r_7_2"/>
            <RegionRefIndexed index="18" regionRef="r_7_3"/>
            <RegionRefIndexed index="19" regionRef="r_7_4"/>
            <RegionRefIndexed index="20" regionRef="r_7_5"/>
            <RegionRefIndexed index="21" regionRef="r_7_6"/>
            <RegionRefIndexed index="22" regionRef="r_9_1"/>
            <RegionRefIndexed index="23" regionRef="r_9_2"/>
            <RegionRefIndexed index="24" regionRef="r_9_3"/>
            <RegionRefIndexed index="26" regionRef="r_11_1"/>
            <RegionRefIndexed index="27" regionRef="r_12_1"/>
            <RegionRefIndexed index="28" regionRef="r_13_1"/>
            <RegionRefIndexed index="30" regionRef="r_16_1"/>
            <RegionRefIndexed index="31" regionRef="r_16_2"/>
            <RegionRefIndexed index="32" regionRef="TextRegion_1548149163289_2"/>
            <RegionRefIndexed index="33" regionRef="r_16_4"/>
            <RegionRefIndexed index="34" regionRef="r_16_5"/>
            <RegionRefIndexed index="35" regionRef="r_17_1"/>
            <RegionRefIndexed index="36" regionRef="TextRegion_1548149174506_7"/>
            <RegionRefIndexed index="37" regionRef="r_17_2"/>
            <RegionRefIndexed index="38" regionRef="r_17_3"/>
            <RegionRefIndexed index="39" regionRef="TextRegion_1548149186178_10"/>
            <RegionRefIndexed index="40" regionRef="r_18_1"/>
            <RegionRefIndexed index="41" regionRef="r_18_2"/>
            <RegionRefIndexed index="42" regionRef="r_18_3"/>
            <RegionRefIndexed index="43" regionRef="r_18_4"/>
            <RegionRefIndexed index="44" regionRef="r_18_5"/>
            <RegionRefIndexed index="45" regionRef="r_18_6"/>
            <RegionRefIndexed index="46" regionRef="r_18_7"/>
            <RegionRefIndexed index="47" regionRef="r_18_8"/>
            <RegionRefIndexed index="48" regionRef="r_20_1"/>
            <RegionRefIndexed index="49" regionRef="r_20_2"/>
            <RegionRefIndexed index="50" regionRef="r_20_3"/>
            <RegionRefIndexed index="51" regionRef="r_20_4"/>
            <RegionRefIndexed index="52" regionRef="r_20_5"/>
            <RegionRefIndexed index="72" regionRef="region_1548149286998_20"/>
            <RegionRefIndexed index="73" regionRef="region_1548149291375_22"/>
            <RegionRefIndexed index="74" regionRef="region_1548149288934_21"/>
         </OrderedGroup>
      </ReadingOrder>
      <TextRegion type="paragraph" id="r_1_1" custom="readingOrder {index:0;}">
         <Coords points="241,140 368,140 368,177 241,177"/>
         <TextLine id="tl_1" primaryLanguage="German" custom="readingOrder {index:0;}">
            <Coords points="242,141 367,141 367,176 242,176"/>
            <Baseline points="242,175 367,174"/>
            <TextEquiv>
               <Unicode>Seite 4</Unicode>
            </TextEquiv>
            <TextStyle fontFamily="Times New Roman" fontSize="6.5"/>
         </TextLine>
         <TextEquiv>
            <Unicode>Seite 4</Unicode>
         </TextEquiv>
      </TextRegion>
      <TextRegion type="paragraph" id="r_2_1" custom="readingOrder {index:1;}">
         <Coords points="1002,146 1273,146 1273,197 1002,197"/>
         <TextLine id="tl_2" primaryLanguage="German" custom="readingOrder {index:0;}">
            <Coords points="1003,147 1272,147 1272,196 1003,196"/>
            <Baseline points="1003,182 1276,183"/>
            <TextEquiv>
               <Unicode>Wien, Samstag</Unicode>
            </TextEquiv>
            <TextStyle fontFamily="Times New Roman" fontSize="6.0" bold="true"/>
         </TextLine>
         <TextEquiv>
            <Unicode>Wien, Samstag</Unicode>
         </TextEquiv>
      </TextRegion>
      <TextRegion type="paragraph" id="r_3_1" custom="readingOrder {index:2;}">
         <Coords points="1533,151 2108,151 2108,194 1533,194"/>
         <TextLine id="tl_3" primaryLanguage="German" custom="readingOrder {index:0;}">
            <Coords points="1534,152 2107,152 2107,193 1534,193"/>
            <Baseline points="1534,187 1686,189 1870,190 2107,191"/>
            <TextEquiv>
               <Unicode>Nene Freie Presse.</Unicode>
            </TextEquiv>
            <TextStyle fontFamily="Times New Roman" fontSize="6.5" bold="true"/>
         </TextLine>
         <TextEquiv>
            <Unicode>Nene Freie Presse.</Unicode>
         </TextEquiv>
      </TextRegion>
      <TextRegion type="paragraph" id="r_4_1" custom="readingOrder {index:3;}">
         <Coords points="2366,155 2593,155 2593,194 2366,194"/>
         <TextLine id="tl_4" primaryLanguage="German" custom="readingOrder {index:0;}">
            <Coords points="2367,156 2592,156 2592,193 2367,193"/>
            <Baseline points="2367,189 2400,190 2484,191 2592,193"/>
            <TextEquiv>
               <Unicode>6. Juli 1895</Unicode>
            </TextEquiv>
            <TextStyle fontFamily="Times New Roman" fontSize="6.0" bold="true"/>
         </TextLine>
         <TextEquiv>
            <Unicode>6. Juli 1895</Unicode>
         </TextEquiv>
      </TextRegion>
      <TextRegion type="paragraph" id="r_5_1" custom="readingOrder {index:4;}">
         <Coords points="3134,165 3322,165 3322,202 3134,202"/>
         <TextLine id="tl_5" primaryLanguage="German" custom="readingOrder {index:0;}">
            <Coords points="3135,166 3321,166 3321,201 3135,201"/>
            <Baseline points="3135,198 3191,199 3321,201"/>
            <TextEquiv>
               <Unicode>Nr. 11085</Unicode>
            </TextEquiv>
            <TextStyle fontFamily="Times New Roman" fontSize="7.0" bold="true"/>
         </TextLine>
         <TextEquiv>
            <Unicode>Nr. 11085</Unicode>
         </TextEquiv>
      </TextRegion>
      <TextRegion type="paragraph" id="r_6_1" custom="readingOrder {index:5;}">
         <Coords points="187,218 1221,218 1221,653 187,653"/>
         <TextLine id="tl_6" primaryLanguage="German" custom="readingOrder {index:0;}">
            <Coords points="195,219 1220,219 1220,272 195,272"/>
            <Baseline points="190,250 1220,263"/>
            <TextEquiv>
               <Unicode>haben unseren Soldaten nicht einmal genießbares Kochwasser</Unicode>
            </TextEquiv>
            <TextStyle fontFamily="Times New Roman" fontSize="7.0" bold="true"/>
         </TextLine>
         <TextLine id="tl_7" primaryLanguage="German" custom="readingOrder {index:1;}">
            <Coords points="196,263 1219,263 1219,313 196,313"/>
            <Baseline points="188,292 355,296 649,299 783,301 879,302 972,303 1219,306"/>
            <TextEquiv>
               <Unicode>zu sichern gewußt, und die riesige Zahl von Erkrankungen</Unicode>
            </TextEquiv>
            <TextStyle fontFamily="Times New Roman" fontSize="7.0" bold="true"/>
         </TextLine>
         <TextLine id="tl_8" primaryLanguage="German" custom="readingOrder {index:2;}">
            <Coords points="192,306 1217,306 1217,357 192,357"/>
            <Baseline points="193,338 1114,348 1217,349"/>
            <TextEquiv>
               <Unicode>rührt von dem Sumpfwasser her, das man sie trinken lassen</Unicode>
            </TextEquiv>
            <TextStyle fontFamily="Times New Roman" fontSize="7.0" bold="true"/>
         </TextLine>
         <TextLine id="tl_9" primaryLanguage="German" custom="readingOrder {index:3;}">
            <Coords points="193,349 1218,349 1218,399 193,399"/>
            <Baseline points="193,381 1152,391 1218,387"/>
            <TextEquiv>
               <Unicode>mußte, weil man anderes nicht hatte. Die in Majunga in¬</Unicode>
            </TextEquiv>
            <TextStyle fontFamily="Times New Roman" fontSize="7.0" bold="true"/>
         </TextLine>
         <TextLine id="tl_10"
                   primaryLanguage="German"
                   custom="readingOrder {index:4;}">
            <Coords points="193,392 1217,392 1217,446 193,446"/>
            <Baseline points="185,422 331,425 710,428 831,430 885,431 1062,433 1217,434"/>
            <TextEquiv>
               <Unicode>stallirten Destillations=Apparate waren in schlechtem Zustande</Unicode>
            </TextEquiv>
            <TextStyle fontFamily="Times New Roman" fontSize="7.0" bold="true"/>
         </TextLine>
         <TextLine id="tl_11"
                   primaryLanguage="German"
                   custom="readingOrder {index:5;}">
            <Coords points="192,435 1218,435 1218,485 192,485"/>
            <Baseline points="192,467 259,467 494,469 589,470 883,473 956,475 1050,476 1142,477 1218,477"/>
            <TextEquiv>
               <Unicode>oder unfertig und nicht aufgestellt, und da man von den</Unicode>
            </TextEquiv>
            <TextStyle fontFamily="Times New Roman" fontSize="7.0" bold="true"/>
         </TextLine>
         <TextLine id="tl_12"
                   primaryLanguage="German"
                   custom="readingOrder {index:6;}">
            <Coords points="191,478 1217,478 1217,529 191,529"/>
            <Baseline points="191,511 481,512 592,516 765,515 951,516 1085,519 1220,520"/>
            <TextEquiv>
               <Unicode>Wasserfiltern, die jedem Soldaten zugetheilt werden sollten,</Unicode>
            </TextEquiv>
            <TextStyle fontFamily="Times New Roman" fontSize="7.0" bold="true"/>
         </TextLine>
         <TextLine id="tl_13"
                   primaryLanguage="German"
                   custom="readingOrder {index:7;}">
            <Coords points="190,521 1216,521 1216,572 190,572"/>
            <Baseline points="191,553 282,554 386,555 479,556 545,555 617,557 709,558 965,561 1106,561 1216,559"/>
            <TextEquiv>
               <Unicode>nichts mehr hört, so hat man wahrscheinlich darauf ver¬</Unicode>
            </TextEquiv>
            <TextStyle fontFamily="Times New Roman" fontSize="7.0" bold="true"/>
         </TextLine>
         <TextLine id="tl_14"
                   primaryLanguage="German"
                   custom="readingOrder {index:8;}">
            <Coords points="188,564 1215,564 1215,615 188,615"/>
            <Baseline points="185,599 287,599 436,598 607,600 743,601 811,603 969,604 1060,605 1144,607 1215,606"/>
            <TextEquiv>
               <Unicode>zichtet, unsere Soldaten damit zu belasten oder ... sie</Unicode>
            </TextEquiv>
            <TextStyle fontFamily="Times New Roman" fontSize="7.0" bold="true"/>
         </TextLine>
         <TextLine id="tl_15"
                   primaryLanguage="German"
                   custom="readingOrder {index:9;}">
            <Coords points="189,607 527,607 527,652 189,652"/>
            <Baseline points="189,640 334,640 531,645"/>
            <TextEquiv>
               <Unicode>irgendwo vergessen."</Unicode>
            </TextEquiv>
            <TextStyle fontFamily="Times New Roman" fontSize="7.0" bold="true"/>
         </TextLine>
         <TextEquiv>
            <Unicode>haben unseren Soldaten nicht einmal genießbares Kochwasser
zu sichern gewußt, und die riesige Zahl von Erkrankungen
rührt von dem Sumpfwasser her, das man sie trinken lassen
mußte, weil man anderes nicht hatte. Die in Majunga in¬
stallirten Destillations=Apparate waren in schlechtem Zustande
oder unfertig und nicht aufgestellt, und da man von den
Wasserfiltern, die jedem Soldaten zugetheilt werden sollten,
nichts mehr hört, so hat man wahrscheinlich darauf ver¬
zichtet, unsere Soldaten damit zu belasten oder ... sie
irgendwo vergessen."</Unicode>
         </TextEquiv>
      </TextRegion>
      <TextRegion id="region_1548149924851_35" custom="readingOrder {index:6;}">
         <Coords points="1948,648 2190,648 2190,886 1948,886"/>
         <TextLine id="line_1548149947813_44" custom="readingOrder {index:0;}">
            <Coords points="1949,689 2166,684 2167,734 1950,739"/>
            <Baseline points="1950,734 2167,729"/>
            <TextEquiv>
               <Unicode>Haupttreffer</Unicode>
            </TextEquiv>
         </TextLine>
         <TextLine id="line_1548149949652_45" custom="readingOrder {index:1;}">
            <Coords points="1950,743 2187,745 2187,795 1950,793"/>
            <Baseline points="1950,788 2187,790"/>
            <TextEquiv>
               <Unicode>30.000 fl.</Unicode>
            </TextEquiv>
         </TextLine>
         <TextLine id="line_1548149952161_46" custom="readingOrder {index:2;}">
            <Coords points="1959,772 2174,774 2174,824 1959,822"/>
            <Baseline points="1959,817 2174,819"/>
            <TextEquiv>
               <Unicode>A. Kohn &amp; Comp.,</Unicode>
            </TextEquiv>
         </TextLine>
         <TextLine id="line_1548149954012_47" custom="readingOrder {index:3;}">
            <Coords points="1978,799 2139,800 2139,850 1978,849"/>
            <Baseline points="1978,844 2139,845"/>
            <TextEquiv>
               <Unicode>Kärntnerstr.</Unicode>
            </TextEquiv>
         </TextLine>
         <TextLine id="line_1548149955268_48" custom="readingOrder {index:4;}">
            <Coords points="2020,828 2120,829 2120,879 2020,878"/>
            <Baseline points="2020,873 2120,874"/>
            <TextEquiv>
               <Unicode>Nr. 29.</Unicode>
            </TextEquiv>
         </TextLine>
         <TextEquiv>
            <Unicode>Haupttreffer
30.000 fl.
A. Kohn &amp; Comp.,
Kärntnerstr.
Nr. 29.</Unicode>
         </TextEquiv>
      </TextRegion>
      <TextRegion id="region_1548149922593_34" custom="readingOrder {index:7;}">
         <Coords points="1640,656 1897,656 1897,882 1640,882"/>
         <TextLine id="line_1548149943192_41" custom="readingOrder {index:0;}">
            <Coords points="1634,736 1711,663 1775,649 1835,663 1873,711 1902,730 1874,771 1839,747 1808,705 1775,699 1734,707 1670,772"/>
            <Baseline points="1666,768 1732,703 1775,694 1811,701 1842,743 1877,767"/>
            <TextEquiv>
               <Unicode>Kaiser-Jubiläums.</Unicode>
            </TextEquiv>
         </TextLine>
         <TextLine id="line_1548149944524_42" custom="readingOrder {index:1;}">
            <Coords points="1645,766 1895,765 1895,815 1645,816"/>
            <Baseline points="1645,811 1895,810"/>
            <TextEquiv>
               <Unicode>Kirchenhan-Lose</Unicode>
            </TextEquiv>
         </TextLine>
         <TextLine id="line_1548149946078_43" custom="readingOrder {index:2;}">
            <Coords points="1674,817 1864,815 1864,865 1674,867"/>
            <Baseline points="1674,862 1864,860"/>
            <TextEquiv>
               <Unicode>à fl. 1. —</Unicode>
            </TextEquiv>
         </TextLine>
         <TextEquiv>
            <Unicode>Kaiser-Jubiläums.
Kirchenhan-Lose
à fl. 1. —</Unicode>
         </TextEquiv>
      </TextRegion>
      <TextRegion type="paragraph" id="r_6_2" custom="readingOrder {index:8;}">
         <Coords points="183,657 1217,657 1217,921 183,921"/>
         <TextLine id="tl_16"
                   primaryLanguage="German"
                   custom="readingOrder {index:0;}">
            <Coords points="273,658 1216,658 1216,709 273,709"/>
            <Baseline points="273,694 340,692 408,693 494,694 620,694 745,696 830,697 1069,700 1216,702"/>
            <TextEquiv>
               <Unicode>Der in der Mitte seines 86. Lebensjahres stehende</Unicode>
            </TextEquiv>
            <TextStyle fontFamily="Times New Roman" fontSize="7.0" bold="true"/>
         </TextLine>
         <TextLine id="tl_17"
                   primaryLanguage="German"
                   custom="readingOrder {index:1;}">
            <Coords points="187,700 1214,700 1214,752 187,752"/>
            <Baseline points="187,736 219,736 491,736 653,740 734,739 811,740 896,741 1026,742 1214,745"/>
            <TextEquiv>
               <Unicode>Gladstone hat eigentlich erst mit dem bereits erwähnten</Unicode>
            </TextEquiv>
         </TextLine>
         <TextLine id="tl_18"
                   primaryLanguage="German"
                   custom="readingOrder {index:2;}">
            <Coords points="186,744 1214,744 1214,796 186,796"/>
            <Baseline points="186,778 215,778 631,781 726,781 1079,786 1214,788"/>
            <TextEquiv>
               <Unicode>Abschiedsbriefe an seine Midlothian=Wähler, welcher</Unicode>
            </TextEquiv>
         </TextLine>
         <TextLine id="tl_19"
                   primaryLanguage="German"
                   custom="readingOrder {index:3;}">
            <Coords points="189,783 1212,783 1212,840 189,840"/>
            <Baseline points="189,820 351,822 404,822 470,822 623,824 829,823 892,826 1091,830 1212,830"/>
            <TextEquiv>
               <Unicode>vorgestern in der liberalen Vereinigung zu Edinburgh verlesen</Unicode>
            </TextEquiv>
            <TextStyle fontFamily="Times New Roman" fontSize="7.0" bold="true"/>
         </TextLine>
         <TextLine id="tl_20"
                   primaryLanguage="German"
                   custom="readingOrder {index:4;}">
            <Coords points="185,831 1211,831 1211,883 185,883"/>
            <Baseline points="186,864 303,861 483,866 575,865 652,867 829,869 1022,871 1211,873"/>
            <TextEquiv>
               <Unicode>wurde, definitiv auf die politische Thätigkeit verzichtet.</Unicode>
            </TextEquiv>
            <TextStyle fontFamily="Times New Roman" fontSize="7.0" bold="true"/>
         </TextLine>
         <TextLine id="tl_21"
                   primaryLanguage="German"
                   custom="readingOrder {index:5;}">
            <Coords points="184,875 606,875 606,920 184,920"/>
            <Baseline points="184,909 290,908 472,909 606,910"/>
            <TextEquiv>
               <Unicode>Dieses Schreiben lautet:</Unicode>
            </TextEquiv>
            <TextStyle fontFamily="Times New Roman" fontSize="7.0" bold="true"/>
         </TextLine>
         <TextEquiv>
            <Unicode>Der in der Mitte seines 86. Lebensjahres stehende
Gladstone hat eigentlich erst mit dem bereits erwähnten
Abschiedsbriefe an seine Midlothian=Wähler, welcher
vorgestern in der liberalen Vereinigung zu Edinburgh verlesen
wurde, definitiv auf die politische Thätigkeit verzichtet.
Dieses Schreiben lautet:</Unicode>
         </TextEquiv>
      </TextRegion>
      <TextRegion id="region_1548149920594_33" custom="readingOrder {index:9;}">
         <Coords points="1340,657 1580,657 1580,889 1340,889"/>
         <TextLine id="line_1548149933998_36" custom="readingOrder {index:0;}">
            <Coords points="1381,681 1528,681 1528,731 1381,731"/>
            <Baseline points="1381,726 1528,726"/>
            <TextEquiv>
               <Unicode>Letzte</Unicode>
            </TextEquiv>
         </TextLine>
         <TextLine id="line_1548149935595_37" custom="readingOrder {index:1;}">
            <Coords points="1377,734 1535,732 1536,782 1378,784"/>
            <Baseline points="1378,779 1536,777"/>
            <TextEquiv>
               <Unicode>Woche.</Unicode>
            </TextEquiv>
         </TextLine>
         <TextLine id="line_1548149937149_38" custom="readingOrder {index:2;}">
            <Coords points="1351,768 1576,772 1575,822 1350,818"/>
            <Baseline points="1350,813 1575,817"/>
            <TextEquiv>
               <Unicode>Josef Schimeczek,</Unicode>
            </TextEquiv>
         </TextLine>
         <TextLine id="line_1548149938811_39" custom="readingOrder {index:3;}">
            <Coords points="1355,798 1569,795 1570,845 1356,848"/>
            <Baseline points="1356,843 1570,840"/>
            <TextEquiv>
               <Unicode>VI., Mariahilfer¬</Unicode>
            </TextEquiv>
         </TextLine>
         <TextLine id="line_1548149940163_40" custom="readingOrder {index:4;}">
            <Coords points="1403,825 1505,823 1506,873 1404,875"/>
            <Baseline points="1404,870 1506,868"/>
            <TextEquiv>
               <Unicode>str. 79.</Unicode>
            </TextEquiv>
         </TextLine>
         <TextEquiv>
            <Unicode>Letzte
Woche.
Josef Schimeczek,
VI., Mariahilfer¬
str. 79.</Unicode>
         </TextEquiv>
      </TextRegion>
      <TextRegion type="paragraph" id="r_6_3" custom="readingOrder {index:10;}">
         <Coords points="171,923 1212,923 1212,2019 171,2019"/>
         <TextLine id="tl_22"
                   primaryLanguage="German"
                   custom="readingOrder {index:0;}">
            <Coords points="261,924 1211,924 1211,973 261,973"/>
            <Baseline points="261,958 316,956 535,957 714,959 781,960 978,963 1086,964 1161,965 1211,964"/>
            <TextEquiv>
               <Unicode>Die bevorstehende Auflösung des Parlaments bringt das in</Unicode>
            </TextEquiv>
            <TextStyle fontFamily="Times New Roman" fontSize="6.5"/>
         </TextLine>
         <TextLine id="tl_23"
                   primaryLanguage="German"
                   custom="readingOrder {index:1;}">
            <Coords points="183,963 1211,963 1211,1012 183,1012"/>
            <Baseline points="183,995 434,995 842,1000 969,1001 1076,1002 1142,1003 1210,1004"/>
            <TextEquiv>
               <Unicode>Aussicht gestellte Lebewohl, welches ich im vorigen Jahre an die</Unicode>
            </TextEquiv>
            <TextStyle fontFamily="Times New Roman" fontSize="6.5"/>
         </TextLine>
         <TextLine id="tl_24"
                   primaryLanguage="German"
                   custom="readingOrder {index:2;}">
            <Coords points="174,1002 1209,1002 1209,1056 174,1056"/>
            <Baseline points="178,1031 383,1034 585,1035 798,1037 964,1039 1049,1040 1209,1041"/>
            <TextEquiv>
               <Unicode>Wähler von Midlothian richtete, in praktische und endgiltige</Unicode>
            </TextEquiv>
            <TextStyle fontFamily="Times New Roman" fontSize="6.5"/>
         </TextLine>
         <TextLine id="tl_25"
                   primaryLanguage="German"
                   custom="readingOrder {index:3;}">
            <Coords points="183,1040 1209,1040 1209,1089 183,1089"/>
            <Baseline points="181,1072 520,1073 569,1074 642,1075 711,1075 779,1075 935,1081 1010,1079 1209,1080"/>
            <TextEquiv>
               <Unicode>Form. Ich wiederhole es jetzt mit den Gefühlen der Dankbarkeit</Unicode>
            </TextEquiv>
            <TextStyle fontFamily="Times New Roman" fontSize="6.5"/>
         </TextLine>
         <TextLine id="tl_26"
                   primaryLanguage="German"
                   custom="readingOrder {index:4;}">
            <Coords points="182,1078 1210,1078 1210,1128 182,1128"/>
            <Baseline points="182,1110 237,1110 484,1111 554,1112 974,1117 1209,1119"/>
            <TextEquiv>
               <Unicode>und Zuneigung für das Entgegenkommen, welche ich fünfzehn</Unicode>
            </TextEquiv>
            <TextStyle fontFamily="Times New Roman" fontSize="6.5"/>
         </TextLine>
         <TextLine id="tl_27"
                   primaryLanguage="German"
                   custom="readingOrder {index:5;}">
            <Coords points="180,1117 1208,1117 1208,1166 180,1166"/>
            <Baseline points="180,1153 351,1149 498,1150 688,1153 818,1154 1106,1157 1208,1157"/>
            <TextEquiv>
               <Unicode>Jahre, die niemals ausgelöscht werden können, erfahren habe.</Unicode>
            </TextEquiv>
            <TextStyle fontFamily="Times New Roman" fontSize="6.5"/>
         </TextLine>
         <TextLine id="tl_28"
                   primaryLanguage="German"
                   custom="readingOrder {index:6;}">
            <Coords points="179,1157 1208,1157 1208,1206 179,1206"/>
            <Baseline points="179,1190 272,1189 368,1189 504,1189 750,1192 849,1193 988,1194 1054,1195 1122,1196 1208,1192"/>
            <TextEquiv>
               <Unicode>Letztes Jahr erlaubte ich mir, meine guten Wünsche für den aus¬</Unicode>
            </TextEquiv>
            <TextStyle fontFamily="Times New Roman" fontSize="6.5"/>
         </TextLine>
         <TextLine id="tl_29"
                   primaryLanguage="German"
                   custom="readingOrder {index:7;}">
            <Coords points="180,1195 1208,1195 1208,1245 180,1245"/>
            <Baseline points="176,1223 537,1228 767,1229 892,1233 960,1234 1209,1235"/>
            <TextEquiv>
               <Unicode>gezeichneten Candidaten auszusprechen, welcher den Wahlkreis auf</Unicode>
            </TextEquiv>
            <TextStyle fontFamily="Times New Roman" fontSize="6.5"/>
         </TextLine>
         <TextLine id="tl_30"
                   primaryLanguage="German"
                   custom="readingOrder {index:8;}">
            <Coords points="179,1235 1201,1235 1201,1284 179,1284"/>
            <Baseline points="179,1268 339,1266 404,1266 597,1267 681,1268 780,1270 853,1271 927,1272 1093,1274 1201,1275"/>
            <TextEquiv>
               <Unicode>Grundlage der Kundgebung von 1880 und der folgenden Jahre</Unicode>
            </TextEquiv>
            <TextStyle fontFamily="Times New Roman" fontSize="6.5"/>
         </TextLine>
         <TextLine id="tl_31"
                   primaryLanguage="German"
                   custom="readingOrder {index:9;}">
            <Coords points="178,1273 1207,1273 1207,1323 178,1323"/>
            <Baseline points="176,1306 212,1305 358,1305 497,1306 639,1309 696,1309 765,1309 949,1310 1207,1313"/>
            <TextEquiv>
               <Unicode>zu vertreten wünscht. Obgleich in den öffentlichen Angelegenheiten</Unicode>
            </TextEquiv>
            <TextStyle fontFamily="Times New Roman" fontSize="6.5"/>
         </TextLine>
         <TextLine id="tl_32"
                   primaryLanguage="German"
                   custom="readingOrder {index:10;}">
            <Coords points="176,1311 1205,1311 1205,1361 176,1361"/>
            <Baseline points="176,1343 240,1343 1120,1351 1205,1347"/>
            <TextEquiv>
               <Unicode>viele Dinge streitig sind, so gibt es doch einige, welche der Ge¬</Unicode>
            </TextEquiv>
            <TextStyle fontFamily="Times New Roman" fontSize="6.5"/>
         </TextLine>
         <TextLine id="tl_33"
                   primaryLanguage="German"
                   custom="readingOrder {index:11;}">
            <Coords points="177,1351 1204,1351 1204,1399 177,1399"/>
            <Baseline points="180,1382 1204,1391"/>
            <TextEquiv>
               <Unicode>schichte angehören und sich außerhalb des Bereiches der Meinungen</Unicode>
            </TextEquiv>
            <TextStyle fontFamily="Times New Roman" fontSize="6.5"/>
         </TextLine>
         <TextLine id="tl_34"
                   primaryLanguage="German"
                   custom="readingOrder {index:12;}">
            <Coords points="175,1389 1205,1389 1205,1443 175,1443"/>
            <Baseline points="175,1420 372,1421 830,1425 1205,1424"/>
            <TextEquiv>
               <Unicode>befinden. So weit ich sehe, steht es zum Beispiel außer Frage,</Unicode>
            </TextEquiv>
            <TextStyle fontFamily="Times New Roman" fontSize="6.5"/>
         </TextLine>
         <TextLine id="tl_35"
                   primaryLanguage="German"
                   custom="readingOrder {index:13;}">
            <Coords points="175,1427 1205,1427 1205,1476 175,1476"/>
            <Baseline points="175,1459 244,1457 311,1460 397,1460 457,1460 567,1461 694,1463 909,1465 984,1465 1061,1466 1205,1468"/>
            <TextEquiv>
               <Unicode>daß das jetzt zu Ende gehende Jahrhundert seit dem Schlusse</Unicode>
            </TextEquiv>
            <TextStyle fontFamily="Times New Roman" fontSize="6.5"/>
         </TextLine>
         <TextLine id="tl_36"
                   primaryLanguage="German"
                   custom="readingOrder {index:14;}">
            <Coords points="173,1466 1202,1466 1202,1518 173,1518"/>
            <Baseline points="172,1501 257,1499 357,1498 495,1499 580,1500 712,1501 901,1503 1079,1506 1138,1506 1202,1507"/>
            <TextEquiv>
               <Unicode>seines ersten Viertels eine Periode beispielloser Thätigkeit in der</Unicode>
            </TextEquiv>
            <TextStyle fontFamily="Times New Roman" fontSize="6.5"/>
         </TextLine>
         <TextLine id="tl_37"
                   primaryLanguage="German"
                   custom="readingOrder {index:15;}">
            <Coords points="176,1505 1203,1505 1203,1555 176,1555"/>
            <Baseline points="176,1539 362,1538 440,1537 649,1542 773,1540 839,1542 913,1542 977,1542 1203,1545"/>
            <TextEquiv>
               <Unicode>Gesetzgebung und Verwaltung geliefert hat und die Aenderungen</Unicode>
            </TextEquiv>
            <TextStyle fontFamily="Times New Roman" fontSize="6.5"/>
         </TextLine>
         <TextLine id="tl_38"
                   primaryLanguage="German"
                   custom="readingOrder {index:16;}">
            <Coords points="175,1542 1202,1542 1202,1593 175,1593"/>
            <Baseline points="175,1575 249,1576 412,1576 585,1578 714,1579 825,1578 915,1580 1001,1581 1076,1583 1202,1579"/>
            <TextEquiv>
               <Unicode>einen wirklichen Fortschritt gebildet haben. Die Lage und Wohl¬</Unicode>
            </TextEquiv>
            <TextStyle fontFamily="Times New Roman" fontSize="6.5"/>
         </TextLine>
         <TextLine id="tl_39"
                   primaryLanguage="German"
                   custom="readingOrder {index:17;}">
            <Coords points="172,1582 1198,1582 1198,1631 172,1631"/>
            <Baseline points="168,1615 245,1615 312,1615 429,1615 504,1615 603,1616 713,1618 969,1623 1197,1622"/>
            <TextEquiv>
               <Unicode>fahrt des Volkes sind gegen früher außerordentlich fortgeschritten.</Unicode>
            </TextEquiv>
            <TextStyle fontFamily="Times New Roman" fontSize="6.5"/>
         </TextLine>
         <TextLine id="tl_40"
                   primaryLanguage="German"
                   custom="readingOrder {index:18;}">
            <Coords points="174,1621 1201,1621 1201,1671 174,1671"/>
            <Baseline points="174,1654 543,1655 1098,1661 1201,1659"/>
            <TextEquiv>
               <Unicode>Das Meiste davon kommt auf Rechnung des Ein¬</Unicode>
            </TextEquiv>
         </TextLine>
         <TextLine id="tl_41"
                   primaryLanguage="German"
                   custom="readingOrder {index:19;}">
            <Coords points="174,1659 1201,1659 1201,1710 174,1710"/>
            <Baseline points="173,1692 777,1696 1113,1700 1201,1696"/>
            <TextEquiv>
               <Unicode>greifens der liberalen Partei oder vou Staats¬</Unicode>
            </TextEquiv>
            <TextStyle fontFamily="Times New Roman" fontSize="6.5"/>
         </TextLine>
         <TextLine id="tl_42"
                   primaryLanguage="German"
                   custom="readingOrder {index:20;}">
            <Coords points="172,1697 1203,1697 1203,1748 172,1748"/>
            <Baseline points="172,1730 462,1731 577,1732 671,1733 1203,1740"/>
            <TextEquiv>
               <Unicode>mänuern, wie Peel und Canning, welche bereit</Unicode>
            </TextEquiv>
            <TextStyle fontFamily="Times New Roman" fontSize="6.5"/>
         </TextLine>
         <TextLine id="tl_43"
                   primaryLanguage="German"
                   custom="readingOrder {index:21;}">
            <Coords points="172,1737 1201,1737 1201,1786 172,1786"/>
            <Baseline points="172,1769 1035,1776 1201,1773"/>
            <TextEquiv>
               <Unicode>waren, den Haß auf sich zu nehmen im Inter¬</Unicode>
            </TextEquiv>
            <TextStyle fontFamily="Times New Roman" fontSize="6.5"/>
         </TextLine>
         <TextLine id="tl_44"
                   primaryLanguage="German"
                   custom="readingOrder {index:22;}">
            <Coords points="172,1776 1200,1776 1200,1825 172,1825"/>
            <Baseline points="172,1808 247,1808 345,1808 581,1809 644,1811 841,1813 938,1814 1081,1815 1200,1812"/>
            <TextEquiv>
               <Unicode>esse des gemeinen Besten. In allen fünfzehn Parla¬</Unicode>
            </TextEquiv>
         </TextLine>
         <TextLine id="tl_45"
                   primaryLanguage="German"
                   custom="readingOrder {index:23;}">
            <Coords points="173,1813 1201,1813 1201,1862 173,1862"/>
            <Baseline points="173,1846 277,1847 349,1847 428,1848 594,1849 692,1850 879,1852 989,1853 1113,1855 1200,1856"/>
            <TextEquiv>
               <Unicode>menten hat das schottische Volk auf Seite dieser weisen und</Unicode>
            </TextEquiv>
            <TextStyle fontFamily="Times New Roman" fontSize="6.5"/>
         </TextLine>
         <TextLine id="tl_46"
                   primaryLanguage="German"
                   custom="readingOrder {index:24;}">
            <Coords points="173,1854 1198,1854 1198,1902 173,1902"/>
            <Baseline points="173,1885 324,1885 445,1886 607,1886 1102,1893 1205,1892"/>
            <TextEquiv>
               <Unicode>maßvollen Politik gestanden. Ich hoffe, daß Midlothian auch</Unicode>
            </TextEquiv>
            <TextStyle fontFamily="Times New Roman" fontSize="6.5"/>
         </TextLine>
         <TextLine id="tl_47"
                   primaryLanguage="German"
                   custom="readingOrder {index:25;}">
            <Coords points="174,1892 1200,1892 1200,1941 174,1941"/>
            <Baseline points="175,1924 262,1924 334,1924 448,1926 566,1926 699,1927 853,1929 1016,1930 1081,1931 1200,1933"/>
            <TextEquiv>
               <Unicode>weiter von seinem großen Einfluß denselben Gebrauch wie bisher</Unicode>
            </TextEquiv>
            <TextStyle fontFamily="Times New Roman" fontSize="6.5"/>
         </TextLine>
         <TextLine id="tl_48"
                   primaryLanguage="German"
                   custom="readingOrder {index:26;}">
            <Coords points="174,1931 1198,1931 1198,1980 174,1980"/>
            <Baseline points="174,1962 278,1964 353,1964 442,1964 579,1965 655,1966 737,1967 931,1969 1148,1972 1198,1972"/>
            <TextEquiv>
               <Unicode>machen und beim nächsten und den zukünftigen Parlamenten die</Unicode>
            </TextEquiv>
            <TextStyle fontFamily="Times New Roman" fontSize="6.5"/>
         </TextLine>
         <TextLine id="tl_49"
                   primaryLanguage="German"
                   custom="readingOrder {index:27;}">
            <Coords points="174,1963 1011,1963 1011,2018 174,2018"/>
            <Baseline points="172,2001 343,2002 408,2002 478,2003 634,2005 723,2005 915,2008 1011,2009"/>
            <TextEquiv>
               <Unicode>Führerrolle für das schottische Volk übernehmen wird.</Unicode>
            </TextEquiv>
            <TextStyle fontFamily="Times New Roman" fontSize="6.5"/>
         </TextLine>
         <TextEquiv>
            <Unicode>Die bevorstehende Auflösung des Parlaments bringt das in
Aussicht gestellte Lebewohl, welches ich im vorigen Jahre an die
Wähler von Midlothian richtete, in praktische und endgiltige
Form. Ich wiederhole es jetzt mit den Gefühlen der Dankbarkeit
und Zuneigung für das Entgegenkommen, welche ich fünfzehn
Jahre, die niemals ausgelöscht werden können, erfahren habe.
Letztes Jahr erlaubte ich mir, meine guten Wünsche für den aus¬
gezeichneten Candidaten auszusprechen, welcher den Wahlkreis auf
Grundlage der Kundgebung von 1880 und der folgenden Jahre
zu vertreten wünscht. Obgleich in den öffentlichen Angelegenheiten
viele Dinge streitig sind, so gibt es doch einige, welche der Ge¬
schichte angehören und sich außerhalb des Bereiches der Meinungen
befinden. So weit ich sehe, steht es zum Beispiel außer Frage,
daß das jetzt zu Ende gehende Jahrhundert seit dem Schlusse
seines ersten Viertels eine Periode beispielloser Thätigkeit in der
Gesetzgebung und Verwaltung geliefert hat und die Aenderungen
einen wirklichen Fortschritt gebildet haben. Die Lage und Wohl¬
fahrt des Volkes sind gegen früher außerordentlich fortgeschritten.
Das Meiste davon kommt auf Rechnung des Ein¬
greifens der liberalen Partei oder vou Staats¬
mänuern, wie Peel und Canning, welche bereit
waren, den Haß auf sich zu nehmen im Inter¬
esse des gemeinen Besten. In allen fünfzehn Parla¬
menten hat das schottische Volk auf Seite dieser weisen und
maßvollen Politik gestanden. Ich hoffe, daß Midlothian auch
weiter von seinem großen Einfluß denselben Gebrauch wie bisher
machen und beim nächsten und den zukünftigen Parlamenten die
Führerrolle für das schottische Volk übernehmen wird.</Unicode>
         </TextEquiv>
      </TextRegion>
      <TextRegion id="region_1548149218047_11" custom="readingOrder {index:11;}">
         <Coords points="1255,1318 2266,1318 2266,1735 1255,1735"/>
         <TextLine id="line_1548149244158_13" custom="readingOrder {index:0;}">
            <Coords points="1659,1350 2224,1354 2224,1404 1659,1400"/>
            <Baseline points="1659,1395 2224,1399"/>
            <TextEquiv>
               <Unicode>Fabrik zur Erzeugung von</Unicode>
            </TextEquiv>
         </TextLine>
         <TextLine id="line_1548149246640_14" custom="readingOrder {index:1;}">
            <Coords points="1639,1449 2252,1452 2252,1502 1639,1499"/>
            <Baseline points="1639,1494 2252,1497"/>
            <TextEquiv>
               <Unicode>Kohlenspitzen für elek¬</Unicode>
            </TextEquiv>
         </TextLine>
         <TextLine id="line_1548149248998_15" custom="readingOrder {index:2;}">
            <Coords points="1675,1547 2227,1547 2227,1597 1675,1597"/>
            <Baseline points="1675,1592 2227,1592"/>
            <TextEquiv>
               <Unicode>trische Bogenlampen</Unicode>
            </TextEquiv>
         </TextLine>
         <TextLine id="line_1548149251493_16" custom="readingOrder {index:3;}">
            <Coords points="1376,1557 1532,1556 1532,1606 1376,1607"/>
            <Baseline points="1376,1602 1532,1601"/>
            <TextEquiv>
               <Unicode>Trademarke.</Unicode>
            </TextEquiv>
         </TextLine>
         <TextLine id="line_1548149254109_17" custom="readingOrder {index:4;}">
            <Coords points="1307,1638 2221,1630 2221,1680 1307,1688"/>
            <Baseline points="1307,1683 2221,1675"/>
            <TextEquiv>
               <Unicode>Schiff, Jordan &amp; Comp.</Unicode>
            </TextEquiv>
         </TextLine>
         <TextLine id="line_1548149256789_18" custom="readingOrder {index:5;}">
            <Coords points="1495,1672 2031,1675 2031,1725 1495,1722"/>
            <Baseline points="1495,1717 2031,1720"/>
            <TextEquiv>
               <Unicode>Wien, I., Lothringerstrasse 3.</Unicode>
            </TextEquiv>
         </TextLine>
         <TextEquiv>
            <Unicode>Fabrik zur Erzeugung von
Kohlenspitzen für elek¬
trische Bogenlampen
Trademarke.
Schiff, Jordan &amp; Comp.
Wien, I., Lothringerstrasse 3.</Unicode>
         </TextEquiv>
      </TextRegion>
      <TextRegion id="region_1548149238438_12" custom="readingOrder {index:12;}">
         <Coords points="1236,1775 1704,1775 1704,1883 1236,1883"/>
         <TextLine id="line_1548207519975_1" custom="readingOrder {index:0;}">
            <Coords points="1243,1806 1700,1806 1700,1856 1243,1856"/>
            <Baseline points="1243,1851 1700,1851"/>
            <TextEquiv>
               <Unicode>Fußleidende</Unicode>
            </TextEquiv>
         </TextLine>
         <TextEquiv>
            <Unicode>Fußleidende</Unicode>
         </TextEquiv>
      </TextRegion>
      <TextRegion type="paragraph" id="r_6_4" custom="readingOrder {index:13;}">
         <Coords points="159,2017 1200,2017 1200,2797 159,2797"/>
         <TextLine id="tl_50"
                   primaryLanguage="German"
                   custom="readingOrder {index:0;}">
            <Coords points="255,2018 1199,2018 1199,2068 255,2068"/>
            <Baseline points="255,2054 1198,2056"/>
            <TextEquiv>
               <Unicode>Dem Beispiele Gladstone's folgt ein anderer Parla¬</Unicode>
            </TextEquiv>
            <TextStyle fontFamily="Times New Roman" fontSize="7.0" bold="true"/>
         </TextLine>
         <TextLine id="tl_51"
                   primaryLanguage="German"
                   custom="readingOrder {index:1;}">
            <Coords points="168,2061 1196,2061 1196,2112 168,2112"/>
            <Baseline points="168,2095 465,2096 722,2098 780,2098 1000,2101 1056,2102 1196,2104"/>
            <TextEquiv>
               <Unicode>mentarier, dessen Beredtsamkeit in Westminster zu großem</Unicode>
            </TextEquiv>
            <TextStyle fontFamily="Times New Roman" fontSize="7.0" bold="true"/>
         </TextLine>
         <TextLine id="tl_52"
                   primaryLanguage="German"
                   custom="readingOrder {index:2;}">
            <Coords points="167,2105 1196,2105 1196,2156 167,2156"/>
            <Baseline points="167,2139 1196,2147"/>
            <TextEquiv>
               <Unicode>Ruf gekommen, nämlich der Irländer Sexton, welcher</Unicode>
            </TextEquiv>
         </TextLine>
         <TextLine id="tl_53"
                   primaryLanguage="German"
                   custom="readingOrder {index:3;}">
            <Coords points="168,2147 1194,2147 1194,2198 168,2198"/>
            <Baseline points="164,2180 581,2182 890,2186 1064,2188 1194,2184"/>
            <TextEquiv>
               <Unicode>sich nach sechzehnjähriger parlamentarischer Thätigkeit zurück¬</Unicode>
            </TextEquiv>
            <TextStyle fontFamily="Times New Roman" fontSize="7.0" bold="true"/>
         </TextLine>
         <TextLine id="tl_54"
                   primaryLanguage="German"
                   custom="readingOrder {index:4;}">
            <Coords points="168,2190 1194,2190 1194,2241 168,2241"/>
            <Baseline points="164,2225 357,2224 437,2225 589,2227 828,2229 1197,2228"/>
            <TextEquiv>
               <Unicode>zieht. Für die irischen Nationalisten bedeutet der Abgang</Unicode>
            </TextEquiv>
            <TextStyle fontFamily="Times New Roman" fontSize="7.0" bold="true"/>
         </TextLine>
         <TextLine id="tl_55"
                   primaryLanguage="German"
                   custom="readingOrder {index:5;}">
            <Coords points="166,2234 1195,2234 1195,2286 166,2286"/>
            <Baseline points="166,2268 333,2269 460,2268 527,2268 635,2270 708,2271 812,2271 934,2273 1064,2275 1194,2276"/>
            <TextEquiv>
               <Unicode>Sexton's, welcher bei ihnen für einen ebenso großen Redner</Unicode>
            </TextEquiv>
            <TextStyle fontFamily="Times New Roman" fontSize="7.0" bold="true"/>
         </TextLine>
         <TextLine id="tl_56"
                   primaryLanguage="German"
                   custom="readingOrder {index:6;}">
            <Coords points="167,2277 1194,2277 1194,2326 167,2326"/>
            <Baseline points="167,2311 216,2310 397,2311 509,2313 597,2313 754,2314 903,2316 1002,2317 1110,2318 1192,2319"/>
            <TextEquiv>
               <Unicode>als Gladstone galt, einen schweren Verlust. Der große An¬</Unicode>
            </TextEquiv>
            <TextStyle fontFamily="Times New Roman" fontSize="7.0" bold="true"/>
         </TextLine>
         <TextLine id="tl_57"
                   primaryLanguage="German"
                   custom="readingOrder {index:7;}">
            <Coords points="164,2319 1193,2319 1193,2371 164,2371"/>
            <Baseline points="164,2353 394,2354 447,2353 532,2354 948,2359 1006,2360 1110,2361 1193,2362"/>
            <TextEquiv>
               <Unicode>theil, welcher den liberalen Unionisten an der</Unicode>
            </TextEquiv>
         </TextLine>
         <TextLine id="tl_58"
                   primaryLanguage="German"
                   custom="readingOrder {index:8;}">
            <Coords points="166,2363 1192,2363 1192,2413 166,2413"/>
            <Baseline points="166,2397 259,2397 655,2399 971,2403 1192,2406"/>
            <TextEquiv>
               <Unicode>neuen Regierung eingeräumt worden, wird von den Blättern</Unicode>
            </TextEquiv>
            <TextStyle fontFamily="Times New Roman" fontSize="7.0" bold="true"/>
         </TextLine>
         <TextLine id="tl_59"
                   primaryLanguage="German"
                   custom="readingOrder {index:9;}">
            <Coords points="164,2406 1189,2406 1189,2457 164,2457"/>
            <Baseline points="164,2439 270,2440 440,2440 544,2441 789,2444 934,2445 1020,2446 1189,2448"/>
            <TextEquiv>
               <Unicode>lebhaft erörtert. Die gegenwärtige Anzahl der liberalen</Unicode>
            </TextEquiv>
            <TextStyle fontFamily="Times New Roman" fontSize="7.0" bold="true"/>
         </TextLine>
         <TextLine id="tl_60"
                   primaryLanguage="German"
                   custom="readingOrder {index:10;}">
            <Coords points="163,2449 1191,2449 1191,2499 163,2499"/>
            <Baseline points="163,2483 335,2483 485,2484 642,2485 727,2486 816,2486 914,2488 1054,2490 1191,2491"/>
            <TextEquiv>
               <Unicode>Unionisten beträgt 49, es hat also jeder siebente liberale</Unicode>
            </TextEquiv>
            <TextStyle fontFamily="Times New Roman" fontSize="7.0" bold="true"/>
         </TextLine>
         <TextLine id="tl_61"
                   primaryLanguage="German"
                   custom="readingOrder {index:11;}">
            <Coords points="164,2491 1191,2491 1191,2542 164,2542"/>
            <Baseline points="164,2525 299,2525 418,2526 612,2527 756,2529 1191,2529"/>
            <TextEquiv>
               <Unicode>Unionist einen Platz im dritten Cabinete Salisbury ge¬</Unicode>
            </TextEquiv>
            <TextStyle fontFamily="Times New Roman" fontSize="7.0" bold="true"/>
         </TextLine>
         <TextLine id="tl_62"
                   primaryLanguage="German"
                   custom="readingOrder {index:12;}">
            <Coords points="163,2534 1191,2534 1191,2586 163,2586"/>
            <Baseline points="161,2566 383,2569 463,2569 726,2572 826,2573 957,2574 1191,2577"/>
            <TextEquiv>
               <Unicode>funden. Da die Conservativen 272 Mann zählen, steht</Unicode>
            </TextEquiv>
            <TextStyle fontFamily="Times New Roman" fontSize="7.0" bold="true"/>
         </TextLine>
         <TextLine id="tl_63"
                   primaryLanguage="German"
                   custom="readingOrder {index:13;}">
            <Coords points="164,2578 1189,2578 1189,2628 164,2628"/>
            <Baseline points="164,2611 323,2612 388,2611 485,2612 556,2612 910,2618 1189,2615"/>
            <TextEquiv>
               <Unicode>allerdings die Zahl der liberal=unionistischen Cabinetsmitglie¬</Unicode>
            </TextEquiv>
            <TextStyle fontFamily="Times New Roman" fontSize="7.0" bold="true"/>
         </TextLine>
         <TextLine id="tl_64"
                   primaryLanguage="German"
                   custom="readingOrder {index:14;}">
            <Coords points="162,2619 1189,2619 1189,2670 162,2670"/>
            <Baseline points="162,2653 212,2653 308,2654 370,2654 526,2656 717,2655 798,2659 1088,2662 1189,2663"/>
            <TextEquiv>
               <Unicode>der nicht im richtigen Verhältniß zur Parlamentsstärke ihrer</Unicode>
            </TextEquiv>
            <TextStyle fontFamily="Times New Roman" fontSize="7.0" bold="true"/>
         </TextLine>
         <TextLine id="tl_65"
                   primaryLanguage="German"
                   custom="readingOrder {index:15;}">
            <Coords points="162,2663 1188,2663 1188,2714 162,2714"/>
            <Baseline points="165,2694 275,2697 402,2697 498,2698 662,2699 846,2702 1001,2705 1077,2705 1188,2708"/>
            <TextEquiv>
               <Unicode>Partei. Man wird übrigens annehmen können, daß gerade</Unicode>
            </TextEquiv>
            <TextStyle fontFamily="Times New Roman" fontSize="7.0" bold="true"/>
         </TextLine>
         <TextLine id="tl_66"
                   primaryLanguage="German"
                   custom="readingOrder {index:16;}">
            <Coords points="160,2706 1183,2706 1183,2757 160,2757"/>
            <Baseline points="160,2739 203,2739 365,2740 556,2742 622,2742 698,2743 844,2745 929,2746 1093,2748 1183,2744"/>
            <TextEquiv>
               <Unicode>die liberalen Unionisten bei den Wahlen eine namhafte Ver¬</Unicode>
            </TextEquiv>
            <TextStyle fontFamily="Times New Roman" fontSize="7.0" bold="true"/>
         </TextLine>
         <TextLine id="tl_67"
                   primaryLanguage="German"
                   custom="readingOrder {index:17;}">
            <Coords points="160,2750 599,2750 599,2796 160,2796"/>
            <Baseline points="157,2785 290,2785 448,2784 598,2785"/>
            <TextEquiv>
               <Unicode>stärkung erfahren dürften.</Unicode>
            </TextEquiv>
            <TextStyle fontFamily="Times New Roman" fontSize="7.0" bold="true"/>
         </TextLine>
         <TextEquiv>
            <Unicode>Dem Beispiele Gladstone's folgt ein anderer Parla¬
mentarier, dessen Beredtsamkeit in Westminster zu großem
Ruf gekommen, nämlich der Irländer Sexton, welcher
sich nach sechzehnjähriger parlamentarischer Thätigkeit zurück¬
zieht. Für die irischen Nationalisten bedeutet der Abgang
Sexton's, welcher bei ihnen für einen ebenso großen Redner
als Gladstone galt, einen schweren Verlust. Der große An¬
theil, welcher den liberalen Unionisten an der
neuen Regierung eingeräumt worden, wird von den Blättern
lebhaft erörtert. Die gegenwärtige Anzahl der liberalen
Unionisten beträgt 49, es hat also jeder siebente liberale
Unionist einen Platz im dritten Cabinete Salisbury ge¬
funden. Da die Conservativen 272 Mann zählen, steht
allerdings die Zahl der liberal=unionistischen Cabinetsmitglie¬
der nicht im richtigen Verhältniß zur Parlamentsstärke ihrer
Partei. Man wird übrigens annehmen können, daß gerade
die liberalen Unionisten bei den Wahlen eine namhafte Ver¬
stärkung erfahren dürften.</Unicode>
         </TextEquiv>
      </TextRegion>
      <TextRegion type="paragraph" id="r_6_5" custom="readingOrder {index:14;}">
         <Coords points="155,2792 1189,2792 1189,3307 155,3307"/>
         <TextLine id="tl_68"
                   primaryLanguage="German"
                   custom="readingOrder {index:0;}">
            <Coords points="248,2793 1188,2793 1188,2843 248,2843"/>
            <Baseline points="248,2826 342,2827 416,2827 544,2827 593,2829 877,2832 926,2833 1117,2835 1188,2835"/>
            <TextEquiv>
               <Unicode>Ueber den Stand der serbischen Krise wird der</Unicode>
            </TextEquiv>
         </TextLine>
         <TextLine id="tl_69"
                   primaryLanguage="German"
                   custom="readingOrder {index:1;}">
            <Coords points="158,2835 1186,2835 1186,2886 158,2886"/>
            <Baseline points="152,2869 230,2870 341,2869 381,2871 476,2870 741,2873 907,2875 1088,2876 1186,2878"/>
            <TextEquiv>
               <Unicode>Pol. Corr. aus Belgrad vom Heutigen gemeldet: Wie</Unicode>
            </TextEquiv>
         </TextLine>
         <TextLine id="tl_70"
                   primaryLanguage="German"
                   custom="readingOrder {index:2;}">
            <Coords points="161,2879 1188,2879 1188,2930 161,2930"/>
            <Baseline points="161,2913 204,2912 327,2912 534,2913 682,2916 806,2917 982,2918 1017,2919 1188,2916"/>
            <TextEquiv>
               <Unicode>die Dinge momentan liegen, dürste entweder ein fort¬</Unicode>
            </TextEquiv>
         </TextLine>
         <TextLine id="tl_71"
                   primaryLanguage="German"
                   custom="readingOrder {index:3;}">
            <Coords points="160,2918 1187,2918 1187,2973 160,2973"/>
            <Baseline points="160,2955 478,2956 537,2957 839,2960 1032,2963 1187,2964"/>
            <TextEquiv>
               <Unicode>schrittliches Cabinet unter Novakovic gebildet</Unicode>
            </TextEquiv>
         </TextLine>
         <TextLine id="tl_72"
                   primaryLanguage="German"
                   custom="readingOrder {index:4;}">
            <Coords points="160,2964 1187,2964 1187,3014 160,3014"/>
            <Baseline points="160,2998 298,2998 1186,3007"/>
            <TextEquiv>
               <Unicode>oder das Cabinet Kristic bei behalten werden.</Unicode>
            </TextEquiv>
            <TextStyle fontFamily="Times New Roman" fontSize="7.0" bold="true"/>
         </TextLine>
         <TextLine id="tl_73"
                   primaryLanguage="German"
                   custom="readingOrder {index:5;}">
            <Coords points="158,3007 1185,3007 1185,3060 158,3060"/>
            <Baseline points="156,3041 326,3041 452,3041 639,3043 1185,3051"/>
            <TextEquiv>
               <Unicode>In beiden Fällen würde die neue Regierung in der morgen</Unicode>
            </TextEquiv>
            <TextStyle fontFamily="Times New Roman" fontSize="7.0" bold="true"/>
         </TextLine>
         <TextLine id="tl_74"
                   primaryLanguage="German"
                   custom="readingOrder {index:6;}">
            <Coords points="157,3050 1186,3050 1186,3101 157,3101"/>
            <Baseline points="158,3083 355,3084 569,3086 656,3087 736,3087 913,3090 984,3090 1186,3093"/>
            <TextEquiv>
               <Unicode>beginnenden Skupschtina für die Annahme der Karlsbader</Unicode>
            </TextEquiv>
            <TextStyle fontFamily="Times New Roman" fontSize="7.0" bold="true"/>
         </TextLine>
         <TextLine id="tl_75"
                   primaryLanguage="German"
                   custom="readingOrder {index:7;}">
            <Coords points="156,3093 1185,3093 1185,3144 156,3144"/>
            <Baseline points="157,3123 337,3127 597,3129 784,3131 911,3134 1082,3135 1185,3136"/>
            <TextEquiv>
               <Unicode>finanziellen Abmachungen eintreten. Man erwartet eine</Unicode>
            </TextEquiv>
            <TextStyle fontFamily="Times New Roman" fontSize="7.0" bold="true"/>
         </TextLine>
         <TextLine id="tl_76"
                   primaryLanguage="German"
                   custom="readingOrder {index:8;}">
            <Coords points="157,3126 1184,3126 1184,3188 157,3188"/>
            <Baseline points="157,3170 300,3169 432,3170 506,3170 744,3173 868,3175 964,3177 1041,3177 1184,3180"/>
            <TextEquiv>
               <Unicode>definitive Lösung der Eabinctskrise derzeit nicht vor morgen</Unicode>
            </TextEquiv>
            <TextStyle fontFamily="Times New Roman" fontSize="7.0" bold="true"/>
         </TextLine>
         <TextLine id="tl_77"
                   primaryLanguage="German"
                   custom="readingOrder {index:9;}">
            <Coords points="156,3176 1186,3176 1186,3231 156,3231"/>
            <Baseline points="156,3214 301,3213 413,3212 589,3216 934,3219 1072,3221 1186,3222"/>
            <TextEquiv>
               <Unicode>Mittags. Der bisherige Minister=Präsident Kristic wird</Unicode>
            </TextEquiv>
            <TextStyle fontFamily="Times New Roman" fontSize="7.0" bold="true"/>
         </TextLine>
         <TextLine id="tl_78"
                   primaryLanguage="German"
                   custom="readingOrder {index:10;}">
            <Coords points="156,3221 1183,3221 1183,3275 156,3275"/>
            <Baseline points="156,3256 278,3257 355,3256 570,3258 746,3260 838,3261 938,3263 1185,3268"/>
            <TextEquiv>
               <Unicode>morgen die Skupschtina begrüßen und ihrer Constituirung</Unicode>
            </TextEquiv>
            <TextStyle fontFamily="Times New Roman" fontSize="7.0" bold="true"/>
         </TextLine>
         <TextLine id="tl_79"
                   primaryLanguage="German"
                   custom="readingOrder {index:11;}">
            <Coords points="156,3266 332,3266 332,3306 156,3306"/>
            <Baseline points="156,3299 332,3299"/>
            <TextEquiv>
               <Unicode>beiwohnen.</Unicode>
            </TextEquiv>
            <TextStyle fontFamily="Times New Roman" fontSize="7.0" bold="true"/>
         </TextLine>
         <TextEquiv>
            <Unicode>Ueber den Stand der serbischen Krise wird der
Pol. Corr. aus Belgrad vom Heutigen gemeldet: Wie
die Dinge momentan liegen, dürste entweder ein fort¬
schrittliches Cabinet unter Novakovic gebildet
oder das Cabinet Kristic bei behalten werden.
In beiden Fällen würde die neue Regierung in der morgen
beginnenden Skupschtina für die Annahme der Karlsbader
finanziellen Abmachungen eintreten. Man erwartet eine
definitive Lösung der Eabinctskrise derzeit nicht vor morgen
Mittags. Der bisherige Minister=Präsident Kristic wird
morgen die Skupschtina begrüßen und ihrer Constituirung
beiwohnen.</Unicode>
         </TextEquiv>
      </TextRegion>
      <TextRegion type="paragraph" id="r_6_6" custom="readingOrder {index:15;}">
         <Coords points="145,3307 1186,3307 1186,4341 145,4341"/>
         <TextLine id="tl_80"
                   primaryLanguage="German"
                   custom="readingOrder {index:0;}">
            <Coords points="244,3308 1185,3308 1185,3361 244,3361"/>
            <Baseline points="244,3344 311,3342 463,3342 547,3343 746,3346 967,3349 1082,3351 1185,3352"/>
            <TextEquiv>
               <Unicode>Der Curator des Moskauer Lehrbezirkes, Graf Paul</Unicode>
            </TextEquiv>
            <TextStyle fontFamily="Times New Roman" fontSize="7.0" bold="true"/>
         </TextLine>
         <TextLine id="tl_81"
                   primaryLanguage="German"
                   custom="readingOrder {index:1;}">
            <Coords points="156,3351 1184,3351 1184,3403 156,3403"/>
            <Baseline points="156,3385 183,3385 552,3386 625,3387 1064,3393 1183,3395"/>
            <TextEquiv>
               <Unicode>Kapnist, ein Bruder des russischen Botschafters in Wien,</Unicode>
            </TextEquiv>
         </TextLine>
         <TextLine id="tl_82"
                   primaryLanguage="German"
                   custom="readingOrder {index:2;}">
            <Coords points="156,3394 1184,3394 1184,3445 156,3445"/>
            <Baseline points="156,3428 420,3428 592,3431 869,3434 1084,3437 1183,3437"/>
            <TextEquiv>
               <Unicode>einer der besten russischen Pädagogen, ist durch einen Ukas</Unicode>
            </TextEquiv>
            <TextStyle fontFamily="Times New Roman" fontSize="7.0" bold="true"/>
         </TextLine>
         <TextLine id="tl_83"
                   primaryLanguage="German"
                   custom="readingOrder {index:3;}">
            <Coords points="157,3437 1184,3437 1184,3490 157,3490"/>
            <Baseline points="157,3470 207,3470 323,3470 412,3472 572,3473 735,3475 997,3478 1077,3479 1184,3476"/>
            <TextEquiv>
               <Unicode>des Czars zum Senator ernannt worden, was die Ent¬</Unicode>
            </TextEquiv>
            <TextStyle fontFamily="Times New Roman" fontSize="7.0" bold="true"/>
         </TextLine>
         <TextLine id="tl_84"
                   primaryLanguage="German"
                   custom="readingOrder {index:4;}">
            <Coords points="154,3480 1183,3480 1183,3530 154,3530"/>
            <Baseline points="151,3512 348,3514 476,3516 611,3516 719,3518 877,3520 989,3521 1183,3524"/>
            <TextEquiv>
               <Unicode>hebung von seinem jetzigen Amte bedeutet. Der Moskauer</Unicode>
            </TextEquiv>
            <TextStyle fontFamily="Times New Roman" fontSize="7.0" bold="true"/>
         </TextLine>
         <TextLine id="tl_85"
                   primaryLanguage="German"
                   custom="readingOrder {index:5;}">
            <Coords points="154,3523 1181,3523 1181,3574 154,3574"/>
            <Baseline points="154,3558 313,3556 427,3556 490,3559 647,3560 759,3561 943,3563 1038,3565 1181,3567"/>
            <TextEquiv>
               <Unicode>Lehrbezirk spielt im geistigen Leben Rußlands eine wichtige</Unicode>
            </TextEquiv>
            <TextStyle fontFamily="Times New Roman" fontSize="7.0" bold="true"/>
         </TextLine>
         <TextLine id="tl_86"
                   primaryLanguage="German"
                   custom="readingOrder {index:6;}">
            <Coords points="153,3565 1182,3565 1182,3618 153,3618"/>
            <Baseline points="153,3600 257,3600 363,3599 527,3602 624,3602 696,3603 793,3606 865,3605 1033,3608 1182,3610"/>
            <TextEquiv>
               <Unicode>Rolle, denn Moskau war seit jeher ein Centrum geistiger</Unicode>
            </TextEquiv>
            <TextStyle fontFamily="Times New Roman" fontSize="7.0" bold="true"/>
         </TextLine>
         <TextLine id="tl_87"
                   primaryLanguage="German"
                   custom="readingOrder {index:7;}">
            <Coords points="154,3608 1180,3608 1180,3660 154,3660"/>
            <Baseline points="154,3642 255,3642 484,3643 717,3647 957,3649 1043,3651 1180,3653"/>
            <TextEquiv>
               <Unicode>Arbeit in Rußland. Graf Paul Kapnist, der den Posten</Unicode>
            </TextEquiv>
            <TextStyle fontFamily="Times New Roman" fontSize="7.0" bold="true"/>
         </TextLine>
         <TextLine id="tl_88"
                   primaryLanguage="German"
                   custom="readingOrder {index:8;}">
            <Coords points="152,3651 1181,3651 1181,3704 152,3704"/>
            <Baseline points="152,3686 232,3685 406,3686 518,3687 731,3689 804,3690 912,3693 1181,3697"/>
            <TextEquiv>
               <Unicode>eines Curators dieses Lehrbezirkes seit 1880 bekleidete, war</Unicode>
            </TextEquiv>
            <TextStyle fontFamily="Times New Roman" fontSize="7.0" bold="true"/>
         </TextLine>
         <TextLine id="tl_89"
                   primaryLanguage="German"
                   custom="readingOrder {index:9;}">
            <Coords points="150,3695 1180,3695 1180,3748 150,3748"/>
            <Baseline points="147,3732 270,3729 508,3730 821,3734 1180,3739"/>
            <TextEquiv>
               <Unicode>für die Hebung und Verbreitung der Volksaufklärung in</Unicode>
            </TextEquiv>
            <TextStyle fontFamily="Times New Roman" fontSize="7.0" bold="true"/>
         </TextLine>
         <TextLine id="tl_90"
                   primaryLanguage="German"
                   custom="readingOrder {index:10;}">
            <Coords points="152,3738 1180,3738 1180,3791 152,3791"/>
            <Baseline points="152,3772 216,3772 299,3771 517,3773 659,3775 759,3776 889,3779 1006,3781 1180,3782"/>
            <TextEquiv>
               <Unicode>dem ihm unterstellten Gebiete stets eifrig thätig. Obzwar</Unicode>
            </TextEquiv>
            <TextStyle fontFamily="Times New Roman" fontSize="7.0" bold="true"/>
         </TextLine>
         <TextLine id="tl_91"
                   primaryLanguage="German"
                   custom="readingOrder {index:11;}">
            <Coords points="151,3780 1178,3780 1178,3832 151,3832"/>
            <Baseline points="152,3815 198,3814 378,3816 451,3816 689,3819 806,3820 1072,3824 1125,3824 1178,3825"/>
            <TextEquiv>
               <Unicode>ein Anhänger des Classicismus, dessen Nothwendigkeit er in</Unicode>
            </TextEquiv>
            <TextStyle fontFamily="Times New Roman" fontSize="7.0" bold="true"/>
         </TextLine>
         <TextLine id="tl_92"
                   primaryLanguage="German"
                   custom="readingOrder {index:12;}">
            <Coords points="152,3823 1179,3823 1179,3876 152,3876"/>
            <Baseline points="153,3857 257,3857 404,3859 537,3860 787,3862 879,3864 1091,3867 1179,3868"/>
            <TextEquiv>
               <Unicode>seinem Werke: „Der Classicismus als Grundlage des</Unicode>
            </TextEquiv>
            <TextStyle fontFamily="Times New Roman" fontSize="7.0" bold="true"/>
         </TextLine>
         <TextLine id="tl_93"
                   primaryLanguage="German"
                   custom="readingOrder {index:13;}">
            <Coords points="152,3867 1179,3867 1179,3919 152,3919"/>
            <Baseline points="152,3902 526,3904 754,3906 895,3908 990,3911 1075,3909 1186,3909"/>
            <TextEquiv>
               <Unicode>Gymnasial=Studiums" nachzuweisen bestrebt war, war Graf</Unicode>
            </TextEquiv>
            <TextStyle fontFamily="Times New Roman" fontSize="7.0" bold="true"/>
         </TextLine>
         <TextLine id="tl_94"
                   primaryLanguage="German"
                   custom="readingOrder {index:14;}">
            <Coords points="150,3910 1178,3910 1178,3962 150,3962"/>
            <Baseline points="150,3945 271,3942 416,3942 510,3945 635,3946 718,3948 937,3950 1108,3951 1178,3954"/>
            <TextEquiv>
               <Unicode>Kapnist dennoch kein Feind der realistischen Bildung, in</Unicode>
            </TextEquiv>
            <TextStyle fontFamily="Times New Roman" fontSize="7.0" bold="true"/>
         </TextLine>
         <TextLine id="tl_95"
                   primaryLanguage="German"
                   custom="readingOrder {index:15;}">
            <Coords points="151,3952 1177,3952 1177,4004 151,4004"/>
            <Baseline points="151,3988 265,3987 414,3987 512,3988 628,3990 694,3990 830,3992 920,3993 1109,3995 1177,3996"/>
            <TextEquiv>
               <Unicode>welcher Katkow und Graf D. Tolstoi den Ursprung des</Unicode>
            </TextEquiv>
            <TextStyle fontFamily="Times New Roman" fontSize="7.0" bold="true"/>
         </TextLine>
         <TextLine id="tl_96"
                   primaryLanguage="German"
                   custom="readingOrder {index:16;}">
            <Coords points="147,3995 1176,3995 1176,4048 147,4048"/>
            <Baseline points="148,4031 334,4028 510,4030 577,4032 770,4034 861,4035 1047,4039 1176,4039"/>
            <TextEquiv>
               <Unicode>Nihilismus erblickten. Er unterstützte jedes Bestreben, welches</Unicode>
            </TextEquiv>
            <TextStyle fontFamily="Times New Roman" fontSize="7.0" bold="true"/>
         </TextLine>
         <TextLine id="tl_97"
                   primaryLanguage="German"
                   custom="readingOrder {index:17;}">
            <Coords points="148,4037 1176,4037 1176,4090 148,4090"/>
            <Baseline points="148,4073 206,4069 266,4073 426,4073 493,4074 741,4077 892,4079 1016,4080 1099,4081 1176,4083"/>
            <TextEquiv>
               <Unicode>auf die Hebung der Volksbildung gerichtet war, und die</Unicode>
            </TextEquiv>
            <TextStyle fontFamily="Times New Roman" fontSize="7.0" bold="true"/>
         </TextLine>
         <TextLine id="tl_98"
                   primaryLanguage="German"
                   custom="readingOrder {index:18;}">
            <Coords points="148,4081 1175,4081 1175,4132 148,4132"/>
            <Baseline points="148,4116 314,4115 506,4117 636,4119 690,4120 773,4120 863,4121 967,4122 1103,4124 1175,4125"/>
            <TextEquiv>
               <Unicode>Moskauer Studenten fanden in ihm stets einen Freund und</Unicode>
            </TextEquiv>
            <TextStyle fontFamily="Times New Roman" fontSize="7.0" bold="true"/>
         </TextLine>
         <TextLine id="tl_99"
                   primaryLanguage="German"
                   custom="readingOrder {index:19;}">
            <Coords points="147,4124 1175,4124 1175,4177 147,4177"/>
            <Baseline points="147,4161 345,4158 448,4159 611,4161 685,4163 824,4164 976,4164 1047,4166 1174,4169"/>
            <TextEquiv>
               <Unicode>Fürsprecher. Das Scheiden des Grafen Kapnist aus seinem</Unicode>
            </TextEquiv>
            <TextStyle fontFamily="Times New Roman" fontSize="7.0" bold="true"/>
         </TextLine>
         <TextLine id="tl_100"
                   primaryLanguage="German"
                   custom="readingOrder {index:20;}">
            <Coords points="146,4167 1174,4167 1174,4219 146,4219"/>
            <Baseline points="146,4202 232,4200 361,4201 514,4203 583,4204 658,4205 838,4207 911,4207 1066,4211 1179,4214"/>
            <TextEquiv>
               <Unicode>Amte dürfte deßhalb bei den Freunden des geistigen Fort¬</Unicode>
            </TextEquiv>
            <TextStyle fontFamily="Times New Roman" fontSize="7.0" bold="true"/>
         </TextLine>
         <TextLine id="tl_101"
                   primaryLanguage="German"
                   custom="readingOrder {index:21;}">
            <Coords points="146,4210 1173,4210 1173,4263 146,4263"/>
            <Baseline points="149,4244 271,4245 339,4245 517,4245 736,4248 933,4251 1181,4255"/>
            <TextEquiv>
               <Unicode>schrittes in Rußland aufrichtiges Bedauern hervorrufen,</Unicode>
            </TextEquiv>
            <TextStyle fontFamily="Times New Roman" fontSize="7.0" bold="true"/>
         </TextLine>
         <TextLine id="tl_102"
                   primaryLanguage="German"
                   custom="readingOrder {index:22;}">
            <Coords points="147,4253 1173,4253 1173,4306 147,4306"/>
            <Baseline points="147,4288 318,4287 407,4288 472,4290 619,4291 733,4292 1012,4294 1179,4303"/>
            <TextEquiv>
               <Unicode>umsomehr, als die Gründe seiner Amtsenthebung Nieman¬</Unicode>
            </TextEquiv>
            <TextStyle fontFamily="Times New Roman" fontSize="7.0" bold="true"/>
         </TextLine>
         <TextLine id="tl_103"
                   primaryLanguage="German"
                   custom="readingOrder {index:23;}">
            <Coords points="146,4297 447,4297 447,4340 146,4340"/>
            <Baseline points="146,4332 210,4331 353,4331 447,4332"/>
            <TextEquiv>
               <Unicode>dem bekannt sind.</Unicode>
            </TextEquiv>
            <TextStyle fontFamily="Times New Roman" fontSize="7.0" bold="true"/>
         </TextLine>
         <TextEquiv>
            <Unicode>Der Curator des Moskauer Lehrbezirkes, Graf Paul
Kapnist, ein Bruder des russischen Botschafters in Wien,
einer der besten russischen Pädagogen, ist durch einen Ukas
des Czars zum Senator ernannt worden, was die Ent¬
hebung von seinem jetzigen Amte bedeutet. Der Moskauer
Lehrbezirk spielt im geistigen Leben Rußlands eine wichtige
Rolle, denn Moskau war seit jeher ein Centrum geistiger
Arbeit in Rußland. Graf Paul Kapnist, der den Posten
eines Curators dieses Lehrbezirkes seit 1880 bekleidete, war
für die Hebung und Verbreitung der Volksaufklärung in
dem ihm unterstellten Gebiete stets eifrig thätig. Obzwar
ein Anhänger des Classicismus, dessen Nothwendigkeit er in
seinem Werke: „Der Classicismus als Grundlage des
Gymnasial=Studiums" nachzuweisen bestrebt war, war Graf
Kapnist dennoch kein Feind der realistischen Bildung, in
welcher Katkow und Graf D. Tolstoi den Ursprung des
Nihilismus erblickten. Er unterstützte jedes Bestreben, welches
auf die Hebung der Volksbildung gerichtet war, und die
Moskauer Studenten fanden in ihm stets einen Freund und
Fürsprecher. Das Scheiden des Grafen Kapnist aus seinem
Amte dürfte deßhalb bei den Freunden des geistigen Fort¬
schrittes in Rußland aufrichtiges Bedauern hervorrufen,
umsomehr, als die Gründe seiner Amtsenthebung Nieman¬
dem bekannt sind.</Unicode>
         </TextEquiv>
      </TextRegion>
      <TextRegion type="paragraph" id="r_7_1" custom="readingOrder {index:16;}">
         <Coords points="254,4372 1055,4372 1055,4443 254,4443"/>
         <TextLine id="tl_104"
                   primaryLanguage="German"
                   custom="readingOrder {index:0;}">
            <Coords points="255,4373 1054,4373 1054,4442 255,4442"/>
            <Baseline points="255,4423 575,4426 682,4428 799,4429 1054,4432"/>
            <TextEquiv>
               <Unicode>Mittheilungen aus dem Publicum.</Unicode>
            </TextEquiv>
            <TextStyle fontFamily="Times New Roman" fontSize="11.0" bold="true"/>
         </TextLine>
         <TextEquiv>
            <Unicode>Mittheilungen aus dem Publicum.</Unicode>
         </TextEquiv>
      </TextRegion>
      <TextRegion type="paragraph" id="r_7_2" custom="readingOrder {index:17;}">
         <Coords points="141,4457 1173,4457 1173,4587 141,4587"/>
         <TextLine id="tl_105"
                   primaryLanguage="German"
                   custom="readingOrder {index:0;}">
            <Coords points="340,4458 972,4458 972,4506 340,4506"/>
            <Baseline points="340,4492 381,4492 431,4492 543,4493 972,4500"/>
            <TextEquiv>
               <Unicode>K. k. priv. Südbahn=Gesellschaft.</Unicode>
            </TextEquiv>
            <TextStyle fontFamily="Times New Roman" fontSize="6.5" bold="true"/>
         </TextLine>
         <TextLine id="tl_106"
                   primaryLanguage="German"
                   custom="readingOrder {index:1;}">
            <Coords points="142,4503 1172,4503 1172,4549 142,4549"/>
            <Baseline points="142,4537 170,4537 614,4539 671,4540 743,4540 1172,4543"/>
            <TextEquiv>
               <Unicode>Sonderzug Wien=Bruck an der Mur=Leoben=Vordern¬</Unicode>
            </TextEquiv>
         </TextLine>
         <TextLine id="tl_107"
                   primaryLanguage="German"
                   custom="readingOrder {index:2;}">
            <Coords points="192,4540 1120,4540 1120,4586 192,4586"/>
            <Baseline points="192,4570 210,4570 371,4571 586,4572 691,4575 840,4575 921,4577 1119,4580"/>
            <TextEquiv>
               <Unicode>berg mit Anschluß nach Aflenz und Eisenerz.</Unicode>
            </TextEquiv>
         </TextLine>
         <TextEquiv>
            <Unicode>K. k. priv. Südbahn=Gesellschaft.
Sonderzug Wien=Bruck an der Mur=Leoben=Vordern¬
berg mit Anschluß nach Aflenz und Eisenerz.</Unicode>
         </TextEquiv>
      </TextRegion>
      <TextRegion type="paragraph" id="r_7_3" custom="readingOrder {index:18;}">
         <Coords points="137,4581 1174,4581 1174,4906 137,4906"/>
         <TextLine id="tl_108"
                   primaryLanguage="German"
                   custom="readingOrder {index:0;}">
            <Coords points="229,4582 1171,4582 1171,4628 229,4628"/>
            <Baseline points="229,4612 354,4611 420,4613 456,4613 528,4615 606,4617 669,4617 732,4618 784,4621 918,4620 1054,4623 1171,4624"/>
            <TextEquiv>
               <Unicode>Samstag den 6. Juli 1895 (10 Uhr 40 Minuten Abends) verkehrt</Unicode>
            </TextEquiv>
            <TextStyle fontFamily="Times New Roman" fontSize="6.5"/>
         </TextLine>
         <TextLine id="tl_109"
                   primaryLanguage="German"
                   custom="readingOrder {index:1;}">
            <Coords points="140,4616 1171,4616 1171,4664 140,4664"/>
            <Baseline points="140,4647 183,4646 368,4645 442,4648 628,4651 755,4652 824,4654 920,4655 1096,4656 1170,4655"/>
            <TextEquiv>
               <Unicode>ein Sonderzug mit ermäßigten Preisen von Wien (Südbahn) nach</Unicode>
            </TextEquiv>
            <TextStyle fontFamily="Times New Roman" fontSize="6.5"/>
         </TextLine>
         <TextLine id="tl_110"
                   primaryLanguage="German"
                   custom="readingOrder {index:2;}">
            <Coords points="139,4651 1173,4651 1173,4698 139,4698"/>
            <Baseline points="139,4679 318,4682 380,4682 475,4684 542,4683 602,4685 803,4687 881,4688 1067,4690 1173,4693"/>
            <TextEquiv>
               <Unicode>Vordemberg via Bruck an der Mur=Leoben. In Kapfenberg findet</Unicode>
            </TextEquiv>
            <TextStyle fontFamily="Times New Roman" fontSize="6.5"/>
         </TextLine>
         <TextLine id="tl_111"
                   primaryLanguage="German"
                   custom="readingOrder {index:3;}">
            <Coords points="140,4684 1169,4684 1169,4733 140,4733"/>
            <Baseline points="140,4716 806,4722 1169,4723"/>
            <TextEquiv>
               <Unicode>derselbe Anschluß nach Aflenz, wodurch mit Rücksicht auf das früh¬</Unicode>
            </TextEquiv>
            <TextStyle fontFamily="Times New Roman" fontSize="6.5"/>
         </TextLine>
         <TextLine id="tl_112"
                   primaryLanguage="German"
                   custom="readingOrder {index:4;}">
            <Coords points="139,4719 1170,4719 1170,4766 139,4766"/>
            <Baseline points="137,4752 223,4749 456,4751 838,4756 1124,4760 1170,4762"/>
            <TextEquiv>
               <Unicode>zeitige Einlangen in Aflenz der Besuch des Hochschwabgebietes in</Unicode>
            </TextEquiv>
            <TextStyle fontFamily="Times New Roman" fontSize="6.5"/>
         </TextLine>
         <TextLine id="tl_113"
                   primaryLanguage="German"
                   custom="readingOrder {index:5;}">
            <Coords points="139,4754 1171,4754 1171,4798 139,4798"/>
            <Baseline points="139,4788 220,4784 344,4784 577,4788 724,4789 778,4790 867,4792 901,4794 975,4793 1026,4795 1171,4796"/>
            <TextEquiv>
               <Unicode>seiner ganzen Ausdehnung ermöglicht ist. Um 7 Uhr 58 Minuten</Unicode>
            </TextEquiv>
            <TextStyle fontFamily="Times New Roman" fontSize="6.5"/>
         </TextLine>
         <TextLine id="tl_114"
                   primaryLanguage="German"
                   custom="readingOrder {index:6;}">
            <Coords points="140,4784 1168,4784 1168,4836 140,4836"/>
            <Baseline points="141,4819 210,4821 365,4822 456,4823 597,4823 674,4824 812,4825 983,4828 1046,4831 1088,4829 1168,4831"/>
            <TextEquiv>
               <Unicode>Früh Anschluß nach Prebichl und Eisenerz. Rückfahrt am 7. Juli</Unicode>
            </TextEquiv>
            <TextStyle fontFamily="Times New Roman" fontSize="6.5"/>
         </TextLine>
         <TextLine id="tl_115"
                   primaryLanguage="German"
                   custom="readingOrder {index:7;}">
            <Coords points="140,4820 1168,4820 1168,4870 140,4870"/>
            <Baseline points="140,4854 175,4853 365,4855 431,4855 466,4856 538,4856 590,4858 734,4859 885,4859 1019,4863 1074,4864 1168,4866"/>
            <TextEquiv>
               <Unicode>ab Vordernberg um 7 Uhr 40 Minuten Abends, Ankunft in Wien</Unicode>
            </TextEquiv>
            <TextStyle fontFamily="Times New Roman" fontSize="6.5"/>
         </TextLine>
         <TextLine id="tl_116"
                   primaryLanguage="German"
                   custom="readingOrder {index:8;}">
            <Coords points="138,4857 1170,4857 1170,4905 138,4905"/>
            <Baseline points="138,4889 187,4889 222,4889 294,4887 346,4889 483,4890 603,4890 737,4893 783,4894 850,4895 1020,4898 1169,4900"/>
            <TextEquiv>
               <Unicode>um 1 Uhr 50 Minuten Nachts. Näheres in den bezüglichen Placaten.</Unicode>
            </TextEquiv>
            <TextStyle fontFamily="Times New Roman" fontSize="6.5"/>
         </TextLine>
         <TextEquiv>
            <Unicode>Samstag den 6. Juli 1895 (10 Uhr 40 Minuten Abends) verkehrt
ein Sonderzug mit ermäßigten Preisen von Wien (Südbahn) nach
Vordemberg via Bruck an der Mur=Leoben. In Kapfenberg findet
derselbe Anschluß nach Aflenz, wodurch mit Rücksicht auf das früh¬
zeitige Einlangen in Aflenz der Besuch des Hochschwabgebietes in
seiner ganzen Ausdehnung ermöglicht ist. Um 7 Uhr 58 Minuten
Früh Anschluß nach Prebichl und Eisenerz. Rückfahrt am 7. Juli
ab Vordernberg um 7 Uhr 40 Minuten Abends, Ankunft in Wien
um 1 Uhr 50 Minuten Nachts. Näheres in den bezüglichen Placaten.</Unicode>
         </TextEquiv>
      </TextRegion>
      <TextRegion type="paragraph" id="r_7_4" custom="readingOrder {index:19;}">
         <Coords points="223,4891 925,4891 925,4938 223,4938"/>
         <TextLine id="tl_117"
                   primaryLanguage="German"
                   custom="readingOrder {index:0;}">
            <Coords points="224,4892 924,4892 924,4937 224,4937"/>
            <Baseline points="224,4928 450,4925 519,4925 613,4926 829,4935 924,4932"/>
            <TextEquiv>
               <Unicode>Fahrpreise von Wien (Südbahnhof) nach:</Unicode>
            </TextEquiv>
            <TextStyle fontFamily="Times New Roman" fontSize="6.5"/>
         </TextLine>
         <TextEquiv>
            <Unicode>Fahrpreise von Wien (Südbahnhof) nach:</Unicode>
         </TextEquiv>
      </TextRegion>
      <TextRegion type="paragraph" id="r_7_5" custom="readingOrder {index:20;}">
         <Coords points="973,4936 1170,4936 1170,4963 973,4963"/>
         <TextLine id="tl_118"
                   primaryLanguage="German"
                   custom="readingOrder {index:0;}">
            <Coords points="974,4937 1169,4937 1169,4962 974,4962"/>
            <Baseline points="974,4959 1003,4960 1053,4960 1119,4961 1169,4962"/>
            <TextEquiv>
               <Unicode>II. CI. III. Cl.</Unicode>
            </TextEquiv>
            <TextStyle fontFamily="Times New Roman" fontSize="6.0" bold="true"/>
         </TextLine>
         <TextEquiv>
            <Unicode>II. CI. III. Cl.</Unicode>
         </TextEquiv>
      </TextRegion>
      <TextRegion type="paragraph" id="r_7_6" custom="readingOrder {index:21;}">
         <Coords points="1008,4967 1133,4967 1133,4992 1008,4992"/>
         <TextLine id="tl_119"
                   primaryLanguage="German"
                   custom="readingOrder {index:0;}">
            <Coords points="1009,4968 1132,4968 1132,4991 1009,4991"/>
            <Baseline points="1009,4989 1132,4991"/>
            <TextEquiv>
               <Unicode>Kronen</Unicode>
            </TextEquiv>
            <TextStyle fontFamily="Times New Roman" fontSize="5.0"/>
         </TextLine>
         <TextEquiv>
            <Unicode>Kronen</Unicode>
         </TextEquiv>
      </TextRegion>
      <TextRegion type="paragraph" id="r_9_1" custom="readingOrder {index:22;}">
         <Coords points="1423,226 2137,226 2137,276 1423,276"/>
         <TextLine id="tl_132"
                   primaryLanguage="German"
                   custom="readingOrder {index:0;}">
            <Coords points="1424,227 2136,227 2136,275 1424,275"/>
            <Baseline points="1424,263 1467,263 1517,264 1629,264 1845,265 2135,266"/>
            <TextEquiv>
               <Unicode>K. k. priv. Eisenbahn Wien=Aspang.</Unicode>
            </TextEquiv>
            <TextStyle fontFamily="Times New Roman" fontSize="6.0" bold="true"/>
         </TextLine>
         <TextEquiv>
            <Unicode>K. k. priv. Eisenbahn Wien=Aspang.</Unicode>
         </TextEquiv>
      </TextRegion>
      <TextRegion type="paragraph" id="r_9_2" custom="readingOrder {index:23;}">
         <Coords points="1261,273 2290,273 2290,353 1261,353"/>
         <TextLine id="tl_133"
                   primaryLanguage="German"
                   custom="readingOrder {index:0;}">
            <Coords points="1262,274 2289,274 2289,322 1262,322"/>
            <Baseline points="1262,307 1419,308 1510,309 1656,310 1712,311 1785,310 1931,307 2033,310 2289,313"/>
            <TextEquiv>
               <Unicode>Verkehr des Zuges 39 an Sonn= und Feiertagen</Unicode>
            </TextEquiv>
            <TextStyle fontFamily="Times New Roman" fontSize="6.5"/>
         </TextLine>
         <TextLine id="tl_134"
                   primaryLanguage="German"
                   custom="readingOrder {index:1;}">
            <Coords points="1550,314 1999,314 1999,352 1550,352"/>
            <Baseline points="1550,343 1999,345"/>
            <TextEquiv>
               <Unicode>von Aspang bis Wien.</Unicode>
            </TextEquiv>
            <TextStyle fontFamily="Times New Roman" fontSize="6.5"/>
         </TextLine>
         <TextEquiv>
            <Unicode>Verkehr des Zuges 39 an Sonn= und Feiertagen
von Aspang bis Wien.</Unicode>
         </TextEquiv>
      </TextRegion>
      <TextRegion type="paragraph" id="r_9_3" custom="readingOrder {index:24;}">
         <Coords points="1260,352 2291,352 2291,572 1260,572"/>
         <TextLine id="tl_135"
                   primaryLanguage="German"
                   custom="readingOrder {index:0;}">
            <Coords points="1348,353 2290,353 2290,399 1348,399"/>
            <Baseline points="1348,386 1638,386 1805,387 1873,388 2022,389 2290,389"/>
            <TextEquiv>
               <Unicode>Der an Sonn= und Feiertagen von Sollenau nach Wien, mit</Unicode>
            </TextEquiv>
            <TextStyle fontFamily="Times New Roman" fontSize="6.5"/>
         </TextLine>
         <TextLine id="tl_136"
                   primaryLanguage="German"
                   custom="readingOrder {index:1;}">
            <Coords points="1262,386 2289,386 2289,434 1262,434"/>
            <Baseline points="1262,418 1469,420 1648,421 1731,421 2292,424"/>
            <TextEquiv>
               <Unicode>Anschluß von Gutenstein und Hainfeld, verkehrende Personenzug</Unicode>
            </TextEquiv>
            <TextStyle fontFamily="Times New Roman" fontSize="6.5"/>
         </TextLine>
         <TextLine id="tl_137"
                   primaryLanguage="German"
                   custom="readingOrder {index:2;}">
            <Coords points="1261,417 2288,417 2288,469 1261,469"/>
            <Baseline points="1262,454 1511,455 1772,455 1913,456 2293,457"/>
            <TextEquiv>
               <Unicode>Nr. 39 wird in der Zeit vom 7. Juli bis 1. September l. J. auch</Unicode>
            </TextEquiv>
            <TextStyle fontFamily="Times New Roman" fontSize="6.5"/>
         </TextLine>
         <TextLine id="tl_138"
                   primaryLanguage="German"
                   custom="readingOrder {index:3;}">
            <Coords points="1261,456 2287,456 2287,503 1261,503"/>
            <Baseline points="1261,487 1289,487 1349,488 1463,489 1731,490 1886,491 2030,491 2099,492 2224,497 2287,494"/>
            <TextEquiv>
               <Unicode>in der Strecke Aspang=Sollenau verkehren. Abfahrt von Aspang um</Unicode>
            </TextEquiv>
            <TextStyle fontFamily="Times New Roman" fontSize="6.5"/>
         </TextLine>
         <TextLine id="tl_139"
                   primaryLanguage="German"
                   custom="readingOrder {index:4;}">
            <Coords points="1262,489 2287,489 2287,537 1262,537"/>
            <Baseline points="1262,522 1277,522 1350,522 1402,524 1545,526 1685,525 1828,526 1873,526 1967,526 2020,528 2093,527 2144,528 2287,529"/>
            <TextEquiv>
               <Unicode>7 Uhr 55 Minuten Abends, Ankunft in Wien 10 Uhr 35 Minuten</Unicode>
            </TextEquiv>
            <TextStyle fontFamily="Times New Roman" fontSize="6.5"/>
         </TextLine>
         <TextLine id="line_1548149137183_1" custom="readingOrder {index:5;}">
            <Coords points="1264,514 1367,513 1367,563 1264,564"/>
            <Baseline points="1264,559 1367,558"/>
            <TextEquiv>
               <Unicode>Nachts.</Unicode>
            </TextEquiv>
         </TextLine>
         <TextEquiv>
            <Unicode>Der an Sonn= und Feiertagen von Sollenau nach Wien, mit
Anschluß von Gutenstein und Hainfeld, verkehrende Personenzug
Nr. 39 wird in der Zeit vom 7. Juli bis 1. September l. J. auch
in der Strecke Aspang=Sollenau verkehren. Abfahrt von Aspang um
7 Uhr 55 Minuten Abends, Ankunft in Wien 10 Uhr 35 Minuten
Nachts.</Unicode>
         </TextEquiv>
      </TextRegion>
      <GraphicRegion id="r_10" custom="readingOrder {index:25;}">
         <Coords points="1273,599 2220,599 2220,990 1273,990"/>
      </GraphicRegion>
      <TextRegion type="paragraph" id="r_11_1" custom="readingOrder {index:26;}">
         <Coords points="1254,992 1533,992 1533,1148 1254,1148"/>
         <TextLine id="tl_140"
                   primaryLanguage="German"
                   custom="readingOrder {index:0;}">
            <Coords points="1255,993 1532,993 1532,1147 1255,1147"/>
            <Baseline points="1255,1146 1532,1147"/>
            <TextEquiv>
               <Unicode>Odol!</Unicode>
            </TextEquiv>
            <TextStyle fontFamily="Times New Roman" fontSize="34.0" bold="true"/>
         </TextLine>
         <TextEquiv>
            <Unicode>Odol!</Unicode>
         </TextEquiv>
      </TextRegion>
      <TextRegion type="paragraph" id="r_12_1" custom="readingOrder {index:27;}">
         <Coords points="1558,1010 2283,1010 2283,1156 1558,1156"/>
         <TextLine id="tl_141"
                   primaryLanguage="German"
                   custom="readingOrder {index:0;}">
            <Coords points="1628,1011 2282,1011 2282,1054 1628,1054"/>
            <Baseline points="1628,1041 2282,1045"/>
            <TextEquiv>
               <Unicode>Wir garantiren nur dann für Echtheit</Unicode>
            </TextEquiv>
         </TextLine>
         <TextLine id="tl_142"
                   primaryLanguage="German"
                   custom="readingOrder {index:1;}">
            <Coords points="1560,1047 2281,1047 2281,1088 1560,1088"/>
            <Baseline points="1560,1075 2281,1075"/>
            <TextEquiv>
               <Unicode>und Wohlgeschmack des Odols, wenn Vor¬</Unicode>
            </TextEquiv>
            <TextStyle fontFamily="Times New Roman" fontSize="5.5"/>
         </TextLine>
         <TextLine id="tl_143"
                   primaryLanguage="German"
                   custom="readingOrder {index:2;}">
            <Coords points="1559,1082 2281,1082 2281,1121 1559,1121"/>
            <Baseline points="1559,1109 2280,1107"/>
            <TextEquiv>
               <Unicode>schlussfaden und Plombe, welche die Ver¬</Unicode>
            </TextEquiv>
         </TextLine>
         <TextLine id="tl_144"
                   primaryLanguage="German"
                   custom="readingOrder {index:3;}">
            <Coords points="1559,1118 1917,1118 1917,1155 1559,1155"/>
            <Baseline points="1562,1143 1905,1146"/>
            <TextEquiv>
               <Unicode>packung der Patent¬</Unicode>
            </TextEquiv>
            <TextStyle fontFamily="Times New Roman" fontSize="5.5"/>
         </TextLine>
         <TextEquiv>
            <Unicode>Wir garantiren nur dann für Echtheit
und Wohlgeschmack des Odols, wenn Vor¬
schlussfaden und Plombe, welche die Ver¬
packung der Patent¬</Unicode>
         </TextEquiv>
      </TextRegion>
      <TextRegion type="paragraph" id="r_13_1" custom="readingOrder {index:28;}">
         <Coords points="1249,1145 1894,1145 1894,1288 1249,1288"/>
         <TextLine id="tl_145"
                   primaryLanguage="German"
                   custom="readingOrder {index:0;}">
            <Coords points="1252,1146 1892,1146 1892,1188 1252,1188"/>
            <Baseline points="1252,1174 1348,1175 1384,1176 1553,1176 1810,1181 1892,1182"/>
            <TextEquiv>
               <Unicode>flasche umgeben, unversehrt sind. Für</Unicode>
            </TextEquiv>
         </TextLine>
         <TextLine id="tl_146"
                   primaryLanguage="German"
                   custom="readingOrder {index:1;}">
            <Coords points="1250,1183 1893,1183 1893,1223 1250,1223"/>
            <Baseline points="1250,1208 1348,1210 1559,1213 1642,1214 1757,1216 1824,1216 1893,1216"/>
            <TextEquiv>
               <Unicode>anders verabreichtes Odol lehnen wir jede</Unicode>
            </TextEquiv>
            <TextStyle fontFamily="Times New Roman" fontSize="5.5"/>
         </TextLine>
         <TextLine id="tl_147"
                   primaryLanguage="German"
                   custom="readingOrder {index:2;}">
            <Coords points="1251,1217 1890,1217 1890,1257 1251,1257"/>
            <Baseline points="1251,1243 1450,1247 1522,1248 1585,1249 1703,1250 1786,1250 1890,1251"/>
            <TextEquiv>
               <Unicode>Verantwortung ab. Die Plombe muss diesen</Unicode>
            </TextEquiv>
            <TextStyle fontFamily="Times New Roman" fontSize="5.5"/>
         </TextLine>
         <TextLine id="tl_148"
                   primaryLanguage="German"
                   custom="readingOrder {index:3;}">
            <Coords points="1253,1252 1496,1252 1496,1287 1253,1287"/>
            <Baseline points="1253,1279 1369,1280 1496,1283"/>
            <TextEquiv>
               <Unicode>Stempel tragen:</Unicode>
            </TextEquiv>
            <TextStyle fontFamily="Times New Roman" fontSize="5.5"/>
         </TextLine>
         <TextEquiv>
            <Unicode>flasche umgeben, unversehrt sind. Für
anders verabreichtes Odol lehnen wir jede
Verantwortung ab. Die Plombe muss diesen
Stempel tragen:</Unicode>
         </TextEquiv>
      </TextRegion>
      <GraphicRegion id="r_14" custom="readingOrder {index:29;}">
         <Coords points="1908,1127 2273,1127 2273,1292 1908,1292"/>
      </GraphicRegion>
      <TextRegion type="paragraph" id="r_16_1" custom="readingOrder {index:30;}">
         <Coords points="1238,1886 1703,1883 1700,1790 2273,1786 2273,1936 1242,1936"/>
         <TextLine id="tl_156"
                   primaryLanguage="German"
                   custom="readingOrder {index:0;}">
            <Coords points="1708,1787 2271,1787 2271,1827 1708,1827"/>
            <Baseline points="1707,1814 1793,1815 1914,1815 2179,1818 2271,1819"/>
            <TextEquiv>
               <Unicode>finden vorzügl. Beschuhungen, 12mal</Unicode>
            </TextEquiv>
            <TextStyle fontFamily="Times New Roman" fontSize="6.5"/>
         </TextLine>
         <TextLine id="tl_157"
                   primaryLanguage="German"
                   custom="readingOrder {index:1;}">
            <Coords points="1708,1820 2272,1820 2272,1860 1708,1860"/>
            <Baseline points="1706,1851 1799,1851 1848,1851 2022,1852 2074,1851 2271,1854"/>
            <TextEquiv>
               <Unicode>präm., bei Schreiber, I., Tuchlauben</Unicode>
            </TextEquiv>
            <TextStyle fontFamily="Times New Roman" fontSize="6.5"/>
         </TextLine>
         <TextLine id="tl_158"
                   primaryLanguage="German"
                   custom="readingOrder {index:2;}">
            <Coords points="1708,1854 2270,1854 2270,1895 1708,1895"/>
            <Baseline points="1708,1886 2270,1887"/>
            <TextEquiv>
               <Unicode>Nr. 5, nur im Hofe. Für gesunde</Unicode>
            </TextEquiv>
            <TextStyle fontFamily="Times New Roman" fontSize="6.5"/>
         </TextLine>
         <TextLine id="tl_159"
                   primaryLanguage="German"
                   custom="readingOrder {index:3;}">
            <Coords points="1243,1881 2269,1881 2269,1935 1243,1935"/>
            <Baseline points="1243,1926 1916,1918 2269,1923"/>
            <TextEquiv>
               <Unicode>Füße in richtig. eleg. Form f. Damen, Herren u. Kinder stets große Ausw.</Unicode>
            </TextEquiv>
            <TextStyle fontFamily="Times New Roman" fontSize="6.5"/>
         </TextLine>
         <TextEquiv>
            <Unicode>finden vorzügl. Beschuhungen, 12mal
präm., bei Schreiber, I., Tuchlauben
Nr. 5, nur im Hofe. Für gesunde
Füße in richtig. eleg. Form f. Damen, Herren u. Kinder stets große Ausw.</Unicode>
         </TextEquiv>
      </TextRegion>
      <TextRegion type="paragraph" id="r_16_2" custom="readingOrder {index:31;}">
         <Coords points="1462,1985 2269,1985 2269,2106 1462,2106"/>
         <TextLine id="tl_160"
                   primaryLanguage="German"
                   custom="readingOrder {index:0;}">
            <Coords points="1463,1986 2268,1986 2268,2105 1463,2105"/>
            <Baseline points="1463,2083 1838,2079 2268,2083"/>
            <TextEquiv>
               <Unicode>Elektrische Glühlampen</Unicode>
            </TextEquiv>
            <TextStyle fontFamily="Times New Roman" fontSize="21.0" bold="true"/>
         </TextLine>
         <TextEquiv>
            <Unicode>Elektrische Glühlampen</Unicode>
         </TextEquiv>
      </TextRegion>
      <TextRegion type="paragraph"
                  id="TextRegion_1548149163289_2"
                  custom="readingOrder {index:32;}">
         <Coords points="2270,2195 1453,2195 1453,2109 2270,2109"/>
         <TextLine id="tl_161"
                   primaryLanguage="German"
                   custom="readingOrder {index:0;}">
            <Coords points="1462,2110 2269,2110 2269,2156 1462,2156"/>
            <Baseline points="1462,2149 1533,2141 1603,2142 1772,2143 1914,2142 2203,2145 2269,2146"/>
            <TextEquiv>
               <Unicode>Zu allen Anlagen passend. Jahresabschlüsse auf</Unicode>
            </TextEquiv>
            <TextStyle fontFamily="Times New Roman" fontSize="6.5" bold="true"/>
         </TextLine>
         <TextLine id="line_1548149163569_4"
                   primaryLanguage="German"
                   custom="readingOrder {index:1;}">
            <Coords points="2268,2194 1453,2194 1453,2139 2268,2139"/>
            <Baseline points="1547,2178 1765,2178 2267,2181"/>
            <TextEquiv>
               <Unicode>Brenndauer bei 2, 2½ und 3 Watt</Unicode>
            </TextEquiv>
         </TextLine>
         <TextEquiv>
            <Unicode>Zu allen Anlagen passend. Jahresabschlüsse auf
Brenndauer bei 2, 2½ und 3 Watt</Unicode>
         </TextEquiv>
      </TextRegion>
      <TextRegion type="paragraph" id="r_16_4" custom="readingOrder {index:33;}">
         <Coords points="1784,2183 1987,2183 1987,2217 1784,2217"/>
         <TextLine id="tl_163"
                   primaryLanguage="German"
                   custom="readingOrder {index:0;}">
            <Coords points="1785,2184 1986,2184 1986,2216 1785,2216"/>
            <Baseline points="1785,2214 1986,2214"/>
            <TextEquiv>
               <Unicode>Oekonomie.</Unicode>
            </TextEquiv>
            <TextStyle fontFamily="Times New Roman" fontSize="6.5" bold="true"/>
         </TextLine>
         <TextEquiv>
            <Unicode>Oekonomie.</Unicode>
         </TextEquiv>
      </TextRegion>
      <TextRegion type="paragraph" id="r_16_5" custom="readingOrder {index:34;}">
         <Coords points="1504,2230 2265,2228 2265,2360 1504,2362"/>
         <TextLine id="tl_164"
                   primaryLanguage="German"
                   custom="readingOrder {index:0;}">
            <Coords points="1341,2229 2264,2229 2264,2359 1341,2359"/>
            <Baseline points="1516,2337 2258,2340"/>
            <TextEquiv>
               <Unicode>Kremenezky, Mayer &amp; Co.,</Unicode>
            </TextEquiv>
            <TextStyle fontFamily="Times New Roman" fontSize="24.0" bold="true"/>
         </TextLine>
         <TextEquiv>
            <Unicode>Kremenezky, Mayer &amp; Co.,</Unicode>
         </TextEquiv>
      </TextRegion>
      <TextRegion type="paragraph" id="r_17_1" custom="readingOrder {index:35;}">
         <Coords points="1348,2446 2153,2446 2153,2533 1348,2533"/>
         <TextLine id="tl_166"
                   primaryLanguage="German"
                   custom="readingOrder {index:0;}">
            <Coords points="1349,2447 2152,2447 2152,2532 1349,2532"/>
            <Baseline points="1349,2513 1400,2513 1642,2516 2151,2517"/>
            <TextEquiv>
               <Unicode>Grand Hôtel Belle-Vue,</Unicode>
            </TextEquiv>
         </TextLine>
         <TextEquiv>
            <Unicode>Grand Hôtel Belle-Vue,</Unicode>
         </TextEquiv>
      </TextRegion>
      <TextRegion type="paragraph"
                  id="TextRegion_1548149174506_7"
                  custom="readingOrder {index:36;}">
         <Coords points="1953,2409 1840,2409 1840,2359 1953,2359"/>
         <TextLine id="line_1548149174759_9"
                   primaryLanguage="German"
                   custom="readingOrder {index:0;}">
            <Coords points="1953,2408 1841,2408 1841,2360 1953,2360"/>
            <Baseline points="1841,2397 1948,2393 1953,2393"/>
            <TextEquiv>
               <Unicode>Wien.</Unicode>
            </TextEquiv>
            <TextStyle fontFamily="Times New Roman" fontSize="6.5"/>
         </TextLine>
         <TextEquiv>
            <Unicode>Wien.</Unicode>
         </TextEquiv>
      </TextRegion>
      <TextRegion type="paragraph" id="r_17_2" custom="readingOrder {index:37;}">
         <Coords points="1233,2524 2261,2524 2261,2605 1233,2605"/>
         <TextLine id="tl_167"
                   primaryLanguage="German"
                   custom="readingOrder {index:0;}">
            <Coords points="1234,2525 2260,2525 2260,2571 1234,2571"/>
            <Baseline points="1234,2557 1314,2556 1532,2557 1590,2558 1690,2559 1926,2560 2020,2562 2260,2563"/>
            <TextEquiv>
               <Unicode>vorm. Back, Vöslau bei Wien. Familien=Hotel ersten Ranges; nächst</Unicode>
            </TextEquiv>
            <TextStyle fontFamily="Times New Roman" fontSize="6.5"/>
         </TextLine>
         <TextLine id="tl_168"
                   primaryLanguage="German"
                   custom="readingOrder {index:1;}">
            <Coords points="1234,2560 2260,2560 2260,2604 1234,2604"/>
            <Baseline points="1234,2591 1276,2591 1376,2591 1484,2592 1977,2597 2142,2596 2259,2598"/>
            <TextEquiv>
               <Unicode>der elektr. Bahn Vöslau=Baden=Helenenthal. Prospecte gratis.</Unicode>
            </TextEquiv>
            <TextStyle fontFamily="Times New Roman" fontSize="6.5"/>
         </TextLine>
         <TextEquiv>
            <Unicode>vorm. Back, Vöslau bei Wien. Familien=Hotel ersten Ranges; nächst
der elektr. Bahn Vöslau=Baden=Helenenthal. Prospecte gratis.</Unicode>
         </TextEquiv>
      </TextRegion>
      <TextRegion type="paragraph" id="r_17_3" custom="readingOrder {index:38;}">
         <Coords points="1236,2625 2259,2625 2259,2726 1236,2726"/>
         <TextLine id="tl_169"
                   primaryLanguage="German"
                   custom="readingOrder {index:0;}">
            <Coords points="1237,2626 2258,2626 2258,2725 1237,2725"/>
            <Baseline points="1237,2694 1565,2699 2256,2701"/>
            <TextEquiv>
               <Unicode>Salzburg. Elektricitäts-Hotel,</Unicode>
            </TextEquiv>
            <TextStyle fontFamily="Times New Roman" fontSize="13.0" bold="true"/>
         </TextLine>
         <TextEquiv>
            <Unicode>Salzburg. Elektricitäts-Hotel,</Unicode>
         </TextEquiv>
      </TextRegion>
      <TextRegion type="paragraph"
                  id="TextRegion_1548149186178_10"
                  custom="readingOrder {index:39;}">
         <Coords points="1231,2721 2259,2721 2260,2754 2260,2826 1232,2826 1231,2766"/>
         <TextLine id="tl_170"
                   primaryLanguage="German"
                   custom="readingOrder {index:0;}">
            <Coords points="1232,2722 2258,2722 2258,2765 1232,2765"/>
            <Baseline points="1232,2749 1363,2750 1548,2752 1686,2753 1830,2753 1977,2755 2165,2756 2258,2757"/>
            <TextEquiv>
               <Unicode>ersten Ranges. Beste Lage, nächst Theater und</Unicode>
            </TextEquiv>
            <TextStyle fontFamily="Times New Roman" fontSize="6.0" bold="true"/>
         </TextLine>
         <TextLine id="tl_171"
                   primaryLanguage="German"
                   custom="readingOrder {index:1;}">
            <Coords points="1233,2755 2259,2755 2259,2799 1233,2799"/>
            <Baseline points="1233,2784 1252,2784 1778,2788 2007,2790 2111,2790 2259,2791"/>
            <TextEquiv>
               <Unicode>Mirabellgarten. Elektrische Beleuchtung. Lift. Zimmer</Unicode>
            </TextEquiv>
         </TextLine>
         <TextLine id="tl_172"
                   primaryLanguage="German"
                   custom="readingOrder {index:2;}">
            <Coords points="1646,2796 1837,2796 1837,2825 1646,2825"/>
            <Baseline points="1646,2822 1696,2823 1730,2824 1775,2822 1837,2824"/>
            <TextEquiv>
               <Unicode>von 1 fl. an.</Unicode>
            </TextEquiv>
            <TextStyle fontFamily="Times New Roman" fontSize="5.5"/>
         </TextLine>
         <TextEquiv>
            <Unicode>ersten Ranges. Beste Lage, nächst Theater und
Mirabellgarten. Elektrische Beleuchtung. Lift. Zimmer
von 1 fl. an.</Unicode>
         </TextEquiv>
      </TextRegion>
      <TextRegion type="paragraph" id="r_18_1" custom="readingOrder {index:40;}">
         <Coords points="1334,2858 2155,2858 2155,2951 1334,2951"/>
         <TextLine id="tl_173"
                   primaryLanguage="German"
                   custom="readingOrder {index:0;}">
            <Coords points="1335,2859 2154,2859 2154,2950 1335,2950"/>
            <Baseline points="1335,2932 1664,2934 2157,2937"/>
            <TextEquiv>
               <Unicode>Hôtel Bristol,</Unicode>
            </TextEquiv>
            <TextStyle fontFamily="Times New Roman" fontSize="17.0" bold="true"/>
         </TextLine>
         <TextEquiv>
            <Unicode>Hôtel Bristol,</Unicode>
         </TextEquiv>
      </TextRegion>
      <TextRegion type="paragraph" id="r_18_2" custom="readingOrder {index:41;}">
         <Coords points="1505,2949 1992,2949 1992,2999 1505,2999"/>
         <TextLine id="tl_174"
                   primaryLanguage="German"
                   custom="readingOrder {index:0;}">
            <Coords points="1506,2950 1991,2950 1991,2998 1506,2998"/>
            <Baseline points="1507,2987 1606,2988 1864,2990 1940,2989 1991,2989"/>
            <TextEquiv>
               <Unicode>Wien, Kärntnerring Nr. 7.</Unicode>
            </TextEquiv>
            <TextStyle fontFamily="Times New Roman" fontSize="6.5" bold="true"/>
         </TextLine>
         <TextEquiv>
            <Unicode>Wien, Kärntnerring Nr. 7.</Unicode>
         </TextEquiv>
      </TextRegion>
      <TextRegion type="paragraph" id="r_18_3" custom="readingOrder {index:42;}">
         <Coords points="1227,2996 2257,2996 2257,3071 1227,3071"/>
         <TextLine id="tl_175"
                   primaryLanguage="German"
                   custom="readingOrder {index:0;}">
            <Coords points="1229,2997 2256,2997 2256,3041 1229,3041"/>
            <Baseline points="1229,3027 1264,3028 1418,3026 1541,3027 1700,3028 2010,3031 2256,3034"/>
            <TextEquiv>
               <Unicode>Hôtel ersten Ranges. Elektrische Beleuchtung.</Unicode>
            </TextEquiv>
         </TextLine>
         <TextLine id="tl_176"
                   primaryLanguage="German"
                   custom="readingOrder {index:1;}">
            <Coords points="1228,3032 2256,3032 2256,3070 1228,3070"/>
            <Baseline points="1228,3060 1464,3062 1618,3063 1860,3064 1954,3066 2107,3068 2256,3069"/>
            <TextEquiv>
               <Unicode>Restauration. Feinste französische und Wiener Küche.</Unicode>
            </TextEquiv>
            <TextStyle fontFamily="Times New Roman" fontSize="6.0" bold="true"/>
         </TextLine>
         <TextEquiv>
            <Unicode>Hôtel ersten Ranges. Elektrische Beleuchtung.
Restauration. Feinste französische und Wiener Küche.</Unicode>
         </TextEquiv>
      </TextRegion>
      <TextRegion type="paragraph" id="r_18_4" custom="readingOrder {index:43;}">
         <Coords points="1558,3065 1924,3065 1924,3103 1558,3103"/>
         <TextLine id="tl_177"
                   primaryLanguage="German"
                   custom="readingOrder {index:0;}">
            <Coords points="1559,3066 1923,3066 1923,3102 1559,3102"/>
            <Baseline points="1559,3099 1820,3100 1923,3101"/>
            <TextEquiv>
               <Unicode>Alt-Pilsenetzer Bier.</Unicode>
            </TextEquiv>
            <TextStyle fontFamily="Times New Roman" fontSize="6.0" bold="true"/>
         </TextLine>
         <TextEquiv>
            <Unicode>Alt-Pilsenetzer Bier.</Unicode>
         </TextEquiv>
      </TextRegion>
      <TextRegion type="paragraph" id="r_18_5" custom="readingOrder {index:44;}">
         <Coords points="1517,3137 1930,3137 1930,3211 1517,3211"/>
         <TextLine id="tl_178"
                   primaryLanguage="German"
                   custom="readingOrder {index:0;}">
            <Coords points="1518,3138 1929,3138 1929,3210 1518,3210"/>
            <Baseline points="1519,3195 1679,3194 1928,3197"/>
            <TextEquiv>
               <Unicode>Kleine Chronik.</Unicode>
            </TextEquiv>
            <TextStyle fontFamily="Times New Roman" fontSize="13.0" bold="true"/>
         </TextLine>
         <TextEquiv>
            <Unicode>Kleine Chronik.</Unicode>
         </TextEquiv>
      </TextRegion>
      <TextRegion type="paragraph" id="r_18_6" custom="readingOrder {index:45;}">
         <Coords points="1975,3209 2220,3209 2220,3249 1975,3249"/>
         <TextLine id="tl_179"
                   primaryLanguage="German"
                   custom="readingOrder {index:0;}">
            <Coords points="1976,3210 2219,3210 2219,3248 1976,3248"/>
            <Baseline points="1976,3240 2010,3240 2128,3240 2219,3240"/>
            <TextEquiv>
               <Unicode>Wien, 5. Juli.</Unicode>
            </TextEquiv>
         </TextLine>
         <TextEquiv>
            <Unicode>Wien, 5. Juli.</Unicode>
         </TextEquiv>
      </TextRegion>
      <TextRegion type="paragraph" id="r_18_7" custom="readingOrder {index:46;}">
         <Coords points="1203,3244 2258,3244 2258,4375 1203,4375"/>
         <TextLine id="tl_180"
                   primaryLanguage="German"
                   custom="readingOrder {index:0;}">
            <Coords points="1307,3245 2253,3245 2253,3294 1307,3294"/>
            <Baseline points="1303,3282 2253,3285"/>
            <TextEquiv>
               <Unicode>|Hof= und Personal=Nachrichten.| Erzherzogin</Unicode>
            </TextEquiv>
         </TextLine>
         <TextLine id="tl_181"
                   primaryLanguage="German"
                   custom="readingOrder {index:1;}">
            <Coords points="1228,3282 2252,3282 2252,3333 1228,3333"/>
            <Baseline points="1228,3316 2259,3326"/>
            <TextEquiv>
               <Unicode>Clotilde und Tochter, Erzherzogin Marie Dorothea,</Unicode>
            </TextEquiv>
            <TextStyle fontFamily="Times New Roman" fontSize="6.5"/>
         </TextLine>
         <TextLine id="tl_182"
                   primaryLanguage="German"
                   custom="readingOrder {index:2;}">
            <Coords points="1228,3320 2250,3320 2250,3372 1228,3372"/>
            <Baseline points="1222,3354 2248,3360"/>
            <TextEquiv>
               <Unicode>sind heute Früh aus Regensburg hier eingetroffen. Herzog Sieg¬</Unicode>
            </TextEquiv>
            <TextStyle fontFamily="Times New Roman" fontSize="6.5"/>
         </TextLine>
         <TextLine id="tl_183"
                   primaryLanguage="German"
                   custom="readingOrder {index:3;}">
            <Coords points="1228,3362 2250,3362 2250,3410 1228,3410"/>
            <Baseline points="1226,3393 2191,3400 2251,3398"/>
            <TextEquiv>
               <Unicode>fried in Bayern war zur Begrüßung auf dem Perron er¬</Unicode>
            </TextEquiv>
            <TextStyle fontFamily="Times New Roman" fontSize="6.5"/>
         </TextLine>
         <TextLine id="tl_184"
                   primaryLanguage="German"
                   custom="readingOrder {index:4;}">
            <Coords points="1227,3400 2251,3400 2251,3450 1227,3450"/>
            <Baseline points="1218,3427 1877,3435 2250,3440"/>
            <TextEquiv>
               <Unicode>schienen. — König Alexander von Serbien hat dem</Unicode>
            </TextEquiv>
            <TextStyle fontFamily="Times New Roman" fontSize="6.5"/>
         </TextLine>
         <TextLine id="tl_185"
                   primaryLanguage="German"
                   custom="readingOrder {index:5;}">
            <Coords points="1227,3438 2250,3438 2250,3487 1227,3487"/>
            <Baseline points="1227,3470 1565,3471 2145,3477 2250,3479"/>
            <TextEquiv>
               <Unicode>Ober=Commissär der Wiener Polizei=Direction, Herrn Karl</Unicode>
            </TextEquiv>
            <TextStyle fontFamily="Times New Roman" fontSize="6.5"/>
         </TextLine>
         <TextLine id="tl_186"
                   primaryLanguage="German"
                   custom="readingOrder {index:6;}">
            <Coords points="1225,3473 2248,3473 2248,3526 1225,3526"/>
            <Baseline points="1226,3508 1569,3509 1936,3513 2248,3512"/>
            <TextEquiv>
               <Unicode>Brzesowsky, das Commandeurkreuz des serbischen Takowa=</Unicode>
            </TextEquiv>
            <TextStyle fontFamily="Times New Roman" fontSize="6.5"/>
         </TextLine>
         <TextLine id="tl_187"
                   primaryLanguage="German"
                   custom="readingOrder {index:7;}">
            <Coords points="1227,3516 2248,3516 2248,3564 1227,3564"/>
            <Baseline points="1227,3547 1338,3547 1425,3548 1516,3549 1663,3549 1727,3550 2248,3556"/>
            <TextEquiv>
               <Unicode>Ordens und dem Official der Wiener Polizei=Direction, Herrn</Unicode>
            </TextEquiv>
            <TextStyle fontFamily="Times New Roman" fontSize="6.5"/>
         </TextLine>
         <TextLine id="tl_188"
                   primaryLanguage="German"
                   custom="readingOrder {index:8;}">
            <Coords points="1226,3555 2248,3555 2248,3603 1226,3603"/>
            <Baseline points="1226,3585 1582,3587 1747,3590 2006,3591 2138,3593 2248,3595"/>
            <TextEquiv>
               <Unicode>August Eisler, den serbischen Takowa=Orden fünfter Classe</Unicode>
            </TextEquiv>
            <TextStyle fontFamily="Times New Roman" fontSize="6.5"/>
         </TextLine>
         <TextLine id="tl_189"
                   primaryLanguage="German"
                   custom="readingOrder {index:9;}">
            <Coords points="1224,3586 2247,3586 2247,3641 1224,3641"/>
            <Baseline points="1224,3623 1725,3628 1796,3628 2006,3630 2136,3631 2247,3633"/>
            <TextEquiv>
               <Unicode>verliehen. — Der Bürgermeister von Brünn, Dr August Ritter</Unicode>
            </TextEquiv>
            <TextStyle fontFamily="Times New Roman" fontSize="6.5"/>
         </TextLine>
         <TextLine id="tl_190"
                   primaryLanguage="German"
                   custom="readingOrder {index:10;}">
            <Coords points="1225,3632 2247,3632 2247,3680 1225,3680"/>
            <Baseline points="1225,3663 1248,3662 1596,3665 1682,3666 1817,3667 1901,3668 2112,3670 2188,3672 2247,3673"/>
            <TextEquiv>
               <Unicode>v. Wieser, ist heute ans Brünn hier angekömmen und im</Unicode>
            </TextEquiv>
            <TextStyle fontFamily="Times New Roman" fontSize="6.5"/>
         </TextLine>
         <TextLine id="tl_191"
                   primaryLanguage="German"
                   custom="readingOrder {index:11;}">
            <Coords points="1227,3671 2245,3671 2245,3719 1227,3719"/>
            <Baseline points="1222,3704 2018,3708 2109,3709 2245,3707"/>
            <TextEquiv>
               <Unicode>„Hotel Meißl &amp; Schadn" abgestiegen. — Der an einer Lungen¬</Unicode>
            </TextEquiv>
            <TextStyle fontFamily="Times New Roman" fontSize="6.5"/>
         </TextLine>
         <TextLine id="tl_192"
                   primaryLanguage="German"
                   custom="readingOrder {index:12;}">
            <Coords points="1224,3710 2245,3710 2245,3759 1224,3759"/>
            <Baseline points="1224,3740 1548,3742 1816,3745 1894,3746 2245,3750"/>
            <TextEquiv>
               <Unicode>entzündung erkrankte Ehren=Adjutant des Sultans, Marschall</Unicode>
            </TextEquiv>
            <TextStyle fontFamily="Times New Roman" fontSize="6.5"/>
         </TextLine>
         <TextLine id="tl_193"
                   primaryLanguage="German"
                   custom="readingOrder {index:13;}">
            <Coords points="1223,3747 2257,3747 2257,3798 1223,3798"/>
            <Baseline points="1223,3779 1871,3784 1944,3784 2255,3786"/>
            <TextEquiv>
               <Unicode>v. d. Golß Pascha, befindet sich, wie aus Konstantinopel ge¬</Unicode>
            </TextEquiv>
            <TextStyle fontFamily="Times New Roman" fontSize="6.5"/>
         </TextLine>
         <TextLine id="tl_194"
                   primaryLanguage="German"
                   custom="readingOrder {index:14;}">
            <Coords points="1223,3787 2244,3787 2244,3835 1223,3835"/>
            <Baseline points="1223,3817 1315,3818 1635,3821 2244,3828"/>
            <TextEquiv>
               <Unicode>meldet wird, bereits außer Gefahr. — Die medicinische Facultät</Unicode>
            </TextEquiv>
            <TextStyle fontFamily="Times New Roman" fontSize="6.5"/>
         </TextLine>
         <TextLine id="tl_195"
                   primaryLanguage="German"
                   custom="readingOrder {index:15;}">
            <Coords points="1223,3826 2244,3826 2244,3873 1223,3873"/>
            <Baseline points="1223,3856 1266,3857 2016,3863 2244,3861"/>
            <TextEquiv>
               <Unicode>der Krakauer Universität hat den Sanitätsrath Dr. Wicherkie¬</Unicode>
            </TextEquiv>
            <TextStyle fontFamily="Times New Roman" fontSize="6.5"/>
         </TextLine>
         <TextLine id="tl_196"
                   primaryLanguage="German"
                   custom="readingOrder {index:16;}">
            <Coords points="1221,3864 2243,3864 2243,3912 1221,3912"/>
            <Baseline points="1221,3895 1245,3895 1762,3899 1928,3901 1998,3901 2243,3904"/>
            <TextEquiv>
               <Unicode>wicz in Posen einstimmig zum Professor der Augenheilkunde</Unicode>
            </TextEquiv>
         </TextLine>
         <TextLine id="tl_197"
                   primaryLanguage="German"
                   custom="readingOrder {index:17;}">
            <Coords points="1221,3903 2245,3903 2245,3951 1221,3951"/>
            <Baseline points="1222,3929 1340,3933 1699,3937 1770,3938 1901,3939 1967,3940 2076,3940 2151,3942 2245,3944"/>
            <TextEquiv>
               <Unicode>gewählt. — Der Prinz=Regent von Bayern hat Herrn Dr. Karl</Unicode>
            </TextEquiv>
            <TextStyle fontFamily="Times New Roman" fontSize="6.5"/>
         </TextLine>
         <TextLine id="tl_198"
                   primaryLanguage="German"
                   custom="readingOrder {index:18;}">
            <Coords points="1221,3940 2242,3940 2242,3990 1221,3990"/>
            <Baseline points="1219,3973 2179,3980 2242,3981"/>
            <TextEquiv>
               <Unicode>Höffinger in Anerkennung seiner ersprießlichen Thätigkeit als</Unicode>
            </TextEquiv>
            <TextStyle fontFamily="Times New Roman" fontSize="6.5"/>
         </TextLine>
         <TextLine id="tl_199"
                   primaryLanguage="German"
                   custom="readingOrder {index:19;}">
            <Coords points="1221,3980 2242,3980 2242,4028 1221,4028"/>
            <Baseline points="1221,4012 2242,4020"/>
            <TextEquiv>
               <Unicode>Curarzt in Gleichenberg den Titel eines bayrischen Hofrathes</Unicode>
            </TextEquiv>
            <TextStyle fontFamily="Times New Roman" fontSize="6.5"/>
         </TextLine>
         <TextLine id="tl_200"
                   primaryLanguage="German"
                   custom="readingOrder {index:20;}">
            <Coords points="1218,4018 2243,4018 2243,4067 1218,4067"/>
            <Baseline points="1218,4049 2243,4059"/>
            <TextEquiv>
               <Unicode>verliehen. — Herr Dr. Ignaz Machanek, der in juristischen</Unicode>
            </TextEquiv>
            <TextStyle fontFamily="Times New Roman" fontSize="6.5"/>
         </TextLine>
         <TextLine id="tl_201"
                   primaryLanguage="German"
                   custom="readingOrder {index:21;}">
            <Coords points="1219,4057 2242,4057 2242,4105 1219,4105"/>
            <Baseline points="1219,4088 1273,4088 1481,4090 1610,4090 1795,4091 2242,4098"/>
            <TextEquiv>
               <Unicode>und musikalischen Kreisen allgemeiner Achtung sich erfreut, begeht</Unicode>
            </TextEquiv>
            <TextStyle fontFamily="Times New Roman" fontSize="6.5"/>
         </TextLine>
         <TextLine id="tl_202"
                   primaryLanguage="German"
                   custom="readingOrder {index:22;}">
            <Coords points="1219,4096 2241,4096 2241,4144 1219,4144"/>
            <Baseline points="1219,4126 1263,4126 1339,4126 1385,4128 1455,4127 1561,4128 1671,4130 1747,4130 2241,4132"/>
            <TextEquiv>
               <Unicode>am 23. d. die Feier seines 70. Geburtstages. — Der Chef=</Unicode>
            </TextEquiv>
            <TextStyle fontFamily="Times New Roman" fontSize="6.5"/>
         </TextLine>
         <TextLine id="tl_203"
                   primaryLanguage="German"
                   custom="readingOrder {index:23;}">
            <Coords points="1216,4135 2242,4135 2242,4182 1216,4182"/>
            <Baseline points="1216,4166 1664,4168 1908,4171 2243,4173"/>
            <TextEquiv>
               <Unicode>Redacteur des „Fränkischen Courier", Dr. Eberhard, ist</Unicode>
            </TextEquiv>
         </TextLine>
         <TextLine id="tl_204"
                   primaryLanguage="German"
                   custom="readingOrder {index:24;}">
            <Coords points="1204,4173 2241,4173 2241,4222 1204,4222"/>
            <Baseline points="1204,4205 1289,4204 1481,4205 1550,4207 1656,4207 1843,4210 1912,4209 2038,4210 2241,4213"/>
            <TextEquiv>
               <Unicode>heute Vormittags im Alter von kaum 50 Jahren nach kurzem</Unicode>
            </TextEquiv>
            <TextStyle fontFamily="Times New Roman" fontSize="6.5"/>
         </TextLine>
         <TextLine id="tl_205"
                   primaryLanguage="German"
                   custom="readingOrder {index:25;}">
            <Coords points="1215,4212 2240,4212 2240,4260 1215,4260"/>
            <Baseline points="1216,4244 1667,4245 1744,4246 1892,4248 1971,4248 2046,4249 2110,4250 2240,4252"/>
            <TextEquiv>
               <Unicode>Leiden in Nürnberg gestorben. Dr. Eberhard war eine der festesten</Unicode>
            </TextEquiv>
            <TextStyle fontFamily="Times New Roman" fontSize="6.5"/>
         </TextLine>
         <TextLine id="tl_206"
                   primaryLanguage="German"
                   custom="readingOrder {index:26;}">
            <Coords points="1217,4251 2241,4251 2241,4299 1217,4299"/>
            <Baseline points="1217,4283 1328,4283 1401,4282 1600,4284 1714,4285 1773,4285 1904,4286 1979,4287 2082,4288 2241,4291"/>
            <TextEquiv>
               <Unicode>Stützen der freisinnigen Partei in Bayern und nahm auch eine</Unicode>
            </TextEquiv>
            <TextStyle fontFamily="Times New Roman" fontSize="6.5"/>
         </TextLine>
         <TextLine id="tl_207"
                   primaryLanguage="German"
                   custom="readingOrder {index:27;}">
            <Coords points="1215,4289 2239,4289 2239,4338 1215,4338"/>
            <Baseline points="1202,4322 1629,4324 1703,4324 2255,4331"/>
            <TextEquiv>
               <Unicode>hervorragende Stellung in der Parteileitung ein. Sein Tod ist</Unicode>
            </TextEquiv>
            <TextStyle fontFamily="Times New Roman" fontSize="6.5"/>
         </TextLine>
         <TextLine id="tl_208"
                   primaryLanguage="German"
                   custom="readingOrder {index:28;}">
            <Coords points="1214,4328 1931,4328 1931,4374 1214,4374"/>
            <Baseline points="1214,4359 1257,4359 1393,4360 1522,4361 1586,4362 1645,4362 1813,4364 1931,4364"/>
            <TextEquiv>
               <Unicode>ein schwerer Verlust für die freisinnige Sache.</Unicode>
            </TextEquiv>
            <TextStyle fontFamily="Times New Roman" fontSize="6.5"/>
         </TextLine>
         <TextEquiv>
            <Unicode>|Hof= und Personal=Nachrichten.| Erzherzogin
Clotilde und Tochter, Erzherzogin Marie Dorothea,
sind heute Früh aus Regensburg hier eingetroffen. Herzog Sieg¬
fried in Bayern war zur Begrüßung auf dem Perron er¬
schienen. — König Alexander von Serbien hat dem
Ober=Commissär der Wiener Polizei=Direction, Herrn Karl
Brzesowsky, das Commandeurkreuz des serbischen Takowa=
Ordens und dem Official der Wiener Polizei=Direction, Herrn
August Eisler, den serbischen Takowa=Orden fünfter Classe
verliehen. — Der Bürgermeister von Brünn, Dr August Ritter
v. Wieser, ist heute ans Brünn hier angekömmen und im
„Hotel Meißl &amp; Schadn" abgestiegen. — Der an einer Lungen¬
entzündung erkrankte Ehren=Adjutant des Sultans, Marschall
v. d. Golß Pascha, befindet sich, wie aus Konstantinopel ge¬
meldet wird, bereits außer Gefahr. — Die medicinische Facultät
der Krakauer Universität hat den Sanitätsrath Dr. Wicherkie¬
wicz in Posen einstimmig zum Professor der Augenheilkunde
gewählt. — Der Prinz=Regent von Bayern hat Herrn Dr. Karl
Höffinger in Anerkennung seiner ersprießlichen Thätigkeit als
Curarzt in Gleichenberg den Titel eines bayrischen Hofrathes
verliehen. — Herr Dr. Ignaz Machanek, der in juristischen
und musikalischen Kreisen allgemeiner Achtung sich erfreut, begeht
am 23. d. die Feier seines 70. Geburtstages. — Der Chef=
Redacteur des „Fränkischen Courier", Dr. Eberhard, ist
heute Vormittags im Alter von kaum 50 Jahren nach kurzem
Leiden in Nürnberg gestorben. Dr. Eberhard war eine der festesten
Stützen der freisinnigen Partei in Bayern und nahm auch eine
hervorragende Stellung in der Parteileitung ein. Sein Tod ist
ein schwerer Verlust für die freisinnige Sache.</Unicode>
         </TextEquiv>
      </TextRegion>
      <TextRegion type="paragraph" id="r_18_8" custom="readingOrder {index:47;}">
         <Coords points="1208,4374 2242,4374 2242,5180 1208,5180"/>
         <TextLine id="tl_209"
                   primaryLanguage="German"
                   custom="readingOrder {index:0;}">
            <Coords points="1301,4375 2241,4375 2241,4420 1301,4420"/>
            <Baseline points="1295,4405 2173,4414 2241,4415"/>
            <TextEquiv>
               <Unicode>[Kirchenmusik am Sonntag den 7. Juli.] In der</Unicode>
            </TextEquiv>
            <TextStyle fontFamily="Times New Roman" fontSize="6.5"/>
         </TextLine>
         <TextLine id="tl_210"
                   primaryLanguage="German"
                   custom="readingOrder {index:1;}">
            <Coords points="1215,4405 2239,4405 2239,4454 1215,4454"/>
            <Baseline points="1215,4438 1608,4442 1671,4443 1773,4443 2244,4449"/>
            <TextEquiv>
               <Unicode>Hofburgcapelle um 11 Uhr: Messe in C von Kempter,</Unicode>
            </TextEquiv>
         </TextLine>
         <TextLine id="tl_211"
                   primaryLanguage="German"
                   custom="readingOrder {index:2;}">
            <Coords points="1213,4439 2239,4439 2239,4488 1213,4488"/>
            <Baseline points="1213,4474 2085,4481 2239,4483"/>
            <TextEquiv>
               <Unicode>Graduale („Benedictus") von M. Haydn und Offertorium („Spiritus</Unicode>
            </TextEquiv>
            <TextStyle fontFamily="Times New Roman" fontSize="6.5"/>
         </TextLine>
         <TextLine id="tl_212"
                   primaryLanguage="German"
                   custom="readingOrder {index:3;}">
            <Coords points="1213,4478 2237,4478 2237,4523 1213,4523"/>
            <Baseline points="1213,4507 1630,4511 1907,4512 2007,4515 2237,4517"/>
            <TextEquiv>
               <Unicode>meus") von Salieri. — In der Hofpfarrkirche zu St. Augustin</Unicode>
            </TextEquiv>
         </TextLine>
         <TextLine id="tl_213"
                   primaryLanguage="German"
                   custom="readingOrder {index:4;}">
            <Coords points="1214,4513 2237,4513 2237,4557 1214,4557"/>
            <Baseline points="1214,4542 1258,4541 1310,4543 1401,4542 1509,4543 1577,4544 1701,4548 2180,4551 2237,4551"/>
            <TextEquiv>
               <Unicode>um 11 Uhr: Messe von Schöpf, Graduale (Sopran=Solo) von J.</Unicode>
            </TextEquiv>
            <TextStyle fontFamily="Times New Roman" fontSize="6.5"/>
         </TextLine>
         <TextLine id="tl_214"
                   primaryLanguage="German"
                   custom="readingOrder {index:5;}">
            <Coords points="1213,4547 2239,4547 2239,4592 1213,4592"/>
            <Baseline points="1213,4577 1305,4576 1388,4577 1585,4579 1895,4582 2024,4583 2166,4587 2239,4587"/>
            <TextEquiv>
               <Unicode>Stenzl und Offertorium (Bariton Solo) von Bittner. — In der</Unicode>
            </TextEquiv>
            <TextStyle fontFamily="Times New Roman" fontSize="6.5"/>
         </TextLine>
         <TextLine id="tl_215"
                   primaryLanguage="German"
                   custom="readingOrder {index:6;}">
            <Coords points="1214,4577 2236,4577 2236,4625 1214,4625"/>
            <Baseline points="1214,4611 1811,4615 1872,4617 1968,4617 2083,4618 2129,4620 2166,4621 2236,4621"/>
            <TextEquiv>
               <Unicode>Stadtpfarrkirche Am Hof um 10 Uhr: Messe in C von</Unicode>
            </TextEquiv>
         </TextLine>
         <TextLine id="tl_216"
                   primaryLanguage="German"
                   custom="readingOrder {index:7;}">
            <Coords points="1213,4616 2237,4616 2237,4662 1213,4662"/>
            <Baseline points="1213,4646 1349,4645 1676,4649 2237,4656"/>
            <TextEquiv>
               <Unicode>Bernhard Hahn, Graduale und Offertorium von F. Schöpf — In</Unicode>
            </TextEquiv>
            <TextStyle fontFamily="Times New Roman" fontSize="6.5"/>
         </TextLine>
         <TextLine id="tl_217"
                   primaryLanguage="German"
                   custom="readingOrder {index:8;}">
            <Coords points="1212,4651 2237,4651 2237,4696 1212,4696"/>
            <Baseline points="1212,4680 1228,4680 2235,4685"/>
            <TextEquiv>
               <Unicode>der Votivkirche um 10 Uhr: Messe in D von I. Pembauer,</Unicode>
            </TextEquiv>
         </TextLine>
         <TextLine id="tl_218"
                   primaryLanguage="German"
                   custom="readingOrder {index:9;}">
            <Coords points="1212,4685 2236,4685 2236,4730 1212,4730"/>
            <Baseline points="1212,4715 2242,4723"/>
            <TextEquiv>
               <Unicode>Graduale („Hic est, qui venit“) und Offertorium („Calix bene¬</Unicode>
            </TextEquiv>
            <TextStyle fontFamily="Times New Roman" fontSize="6.5"/>
         </TextLine>
         <TextLine id="tl_219"
                   primaryLanguage="German"
                   custom="readingOrder {index:10;}">
            <Coords points="1212,4720 2236,4720 2236,4764 1212,4764"/>
            <Baseline points="1212,4749 2236,4755"/>
            <TextEquiv>
               <Unicode>dictionis“) von F. X. Witt. — In der Dominicaner=Pfarr¬</Unicode>
            </TextEquiv>
         </TextLine>
         <TextLine id="tl_220"
                   primaryLanguage="German"
                   custom="readingOrder {index:11;}">
            <Coords points="1211,4753 2236,4753 2236,4799 1211,4799"/>
            <Baseline points="1211,4782 1222,4782 2235,4796"/>
            <TextEquiv>
               <Unicode>kirche um 9 Uhr: Asperges, Introitus und Communie (Choral),</Unicode>
            </TextEquiv>
         </TextLine>
         <TextLine id="tl_221"
                   primaryLanguage="German"
                   custom="readingOrder {index:12;}">
            <Coords points="1211,4788 2235,4788 2235,4833 1211,4833"/>
            <Baseline points="1211,4818 2235,4824"/>
            <TextEquiv>
               <Unicode>Messe von E. Stehle, Graduale („Juravit“) von Witt und Offer¬</Unicode>
            </TextEquiv>
            <TextStyle fontFamily="Times New Roman" fontSize="6.5"/>
         </TextLine>
         <TextLine id="tl_222"
                   primaryLanguage="German"
                   custom="readingOrder {index:13;}">
            <Coords points="1211,4823 2236,4823 2236,4868 1211,4868"/>
            <Baseline points="1211,4852 2236,4863"/>
            <TextEquiv>
               <Unicode>torium („Justus ut palma“) von Weirich. — In der Pfarrkirche</Unicode>
            </TextEquiv>
            <TextStyle fontFamily="Times New Roman" fontSize="6.5"/>
         </TextLine>
         <TextLine id="tl_223"
                   primaryLanguage="German"
                   custom="readingOrder {index:14;}">
            <Coords points="1211,4857 2235,4857 2235,4901 1211,4901"/>
            <Baseline points="1211,4887 1444,4888 2165,4896 2235,4897"/>
            <TextEquiv>
               <Unicode>St. Karl um 11 Uhr: Mese in F von Bauer, Graduale von</Unicode>
            </TextEquiv>
         </TextLine>
         <TextLine id="tl_224"
                   primaryLanguage="German"
                   custom="readingOrder {index:15;}">
            <Coords points="1211,4891 2233,4891 2233,4936 1211,4936"/>
            <Baseline points="1208,4922 2238,4930"/>
            <TextEquiv>
               <Unicode>J. Krall und Offertorium (Baß=Solo) von Baronin E. Buttlar. —</Unicode>
            </TextEquiv>
            <TextStyle fontFamily="Times New Roman" fontSize="6.5"/>
         </TextLine>
         <TextLine id="tl_225"
                   primaryLanguage="German"
                   custom="readingOrder {index:16;}">
            <Coords points="1210,4926 2233,4926 2233,4971 1210,4971"/>
            <Baseline points="1210,4954 2233,4966"/>
            <TextEquiv>
               <Unicode>In der Gumpendorfer Pfarrkirche um 11 Uhr: „Asperges</Unicode>
            </TextEquiv>
         </TextLine>
         <TextLine id="tl_226"
                   primaryLanguage="German"
                   custom="readingOrder {index:17;}">
            <Coords points="1209,4955 2234,4955 2234,5004 1209,5004"/>
            <Baseline points="1209,4990 2234,5001"/>
            <TextEquiv>
               <Unicode>me“ von Abbé Stadler, Messe von F. Schöpf und Offertorium von</Unicode>
            </TextEquiv>
            <TextStyle fontFamily="Times New Roman" fontSize="6.5"/>
         </TextLine>
         <TextLine id="tl_227"
                   primaryLanguage="German"
                   custom="readingOrder {index:18;}">
            <Coords points="1210,4995 2231,4995 2231,5042 1210,5042"/>
            <Baseline points="1210,5024 1238,5023 2231,5032"/>
            <TextEquiv>
               <Unicode>C. Kreutzer. Orgel: Herr Johann Deditsch. — In der Pfarr¬</Unicode>
            </TextEquiv>
            <TextStyle fontFamily="Times New Roman" fontSize="6.5"/>
         </TextLine>
         <TextLine id="tl_228"
                   primaryLanguage="German"
                   custom="readingOrder {index:19;}">
            <Coords points="1210,5029 2231,5029 2231,5074 1210,5074"/>
            <Baseline points="1210,5057 1315,5059 1388,5059 1450,5061 1541,5061 1716,5063 1780,5064 1885,5065 2231,5069"/>
            <TextEquiv>
               <Unicode>kirche zu St. Ulrich um 10 Uhr: Messe von Kempter,</Unicode>
            </TextEquiv>
         </TextLine>
         <TextLine id="tl_229"
                   primaryLanguage="German"
                   custom="readingOrder {index:20;}">
            <Coords points="1209,5059 2232,5059 2232,5109 1209,5109"/>
            <Baseline points="1209,5094 1343,5093 1416,5095 1527,5096 1598,5097 1782,5098 1857,5099 2201,5103 2232,5100"/>
            <TextEquiv>
               <Unicode>Graduale von Seyler und Offertorium von Rotter. — In der Alt¬</Unicode>
            </TextEquiv>
            <TextStyle fontFamily="Times New Roman" fontSize="6.5"/>
         </TextLine>
         <TextLine id="tl_230"
                   primaryLanguage="German"
                   custom="readingOrder {index:21;}">
            <Coords points="1209,5099 2239,5099 2239,5144 1209,5144"/>
            <Baseline points="1209,5127 1400,5129 1471,5130 1808,5133 1869,5134 2239,5138"/>
            <TextEquiv>
               <Unicode>lerchenfelder Pfarrkirche um 10 Uhr: „Tantum ergo“:</Unicode>
            </TextEquiv>
         </TextLine>
         <TextLine id="tl_231"
                   primaryLanguage="German"
                   custom="readingOrder {index:22;}">
            <Coords points="1209,5133 2232,5133 2232,5179 1209,5179"/>
            <Baseline points="1209,5164 1378,5167 1473,5166 1558,5167 1627,5168 1766,5169 1977,5171 2048,5173 2232,5175"/>
            <TextEquiv>
               <Unicode>von Döcker. Messe in F von Baronin Bruckenthaler und Offertorium</Unicode>
            </TextEquiv>
            <TextStyle fontFamily="Times New Roman" fontSize="6.5"/>
         </TextLine>
         <TextEquiv>
            <Unicode>[Kirchenmusik am Sonntag den 7. Juli.] In der
Hofburgcapelle um 11 Uhr: Messe in C von Kempter,
Graduale („Benedictus") von M. Haydn und Offertorium („Spiritus
meus") von Salieri. — In der Hofpfarrkirche zu St. Augustin
um 11 Uhr: Messe von Schöpf, Graduale (Sopran=Solo) von J.
Stenzl und Offertorium (Bariton Solo) von Bittner. — In der
Stadtpfarrkirche Am Hof um 10 Uhr: Messe in C von
Bernhard Hahn, Graduale und Offertorium von F. Schöpf — In
der Votivkirche um 10 Uhr: Messe in D von I. Pembauer,
Graduale („Hic est, qui venit“) und Offertorium („Calix bene¬
dictionis“) von F. X. Witt. — In der Dominicaner=Pfarr¬
kirche um 9 Uhr: Asperges, Introitus und Communie (Choral),
Messe von E. Stehle, Graduale („Juravit“) von Witt und Offer¬
torium („Justus ut palma“) von Weirich. — In der Pfarrkirche
St. Karl um 11 Uhr: Mese in F von Bauer, Graduale von
J. Krall und Offertorium (Baß=Solo) von Baronin E. Buttlar. —
In der Gumpendorfer Pfarrkirche um 11 Uhr: „Asperges
me“ von Abbé Stadler, Messe von F. Schöpf und Offertorium von
C. Kreutzer. Orgel: Herr Johann Deditsch. — In der Pfarr¬
kirche zu St. Ulrich um 10 Uhr: Messe von Kempter,
Graduale von Seyler und Offertorium von Rotter. — In der Alt¬
lerchenfelder Pfarrkirche um 10 Uhr: „Tantum ergo“:
von Döcker. Messe in F von Baronin Bruckenthaler und Offertorium</Unicode>
         </TextEquiv>
      </TextRegion>
      <TextRegion type="paragraph" id="r_20_1" custom="readingOrder {index:48;}">
         <Coords points="2332,233 3362,233 3362,385 2332,385"/>
         <TextLine id="tl_232"
                   primaryLanguage="German"
                   custom="readingOrder {index:0;}">
            <Coords points="2335,234 3361,234 3361,282 2335,282"/>
            <Baseline points="2335,268 2967,271 3045,272 3188,274 3360,275"/>
            <TextEquiv>
               <Unicode>(Sopran=Solo) von Mendelssohn, gesungen von Fräulein Schwaiger.</Unicode>
            </TextEquiv>
            <TextStyle fontFamily="Times New Roman" fontSize="6.5"/>
         </TextLine>
         <TextLine id="tl_233"
                   primaryLanguage="German"
                   custom="readingOrder {index:1;}">
            <Coords points="2334,269 3361,269 3361,316 2334,316"/>
            <Baseline points="2334,299 2429,299 2512,299 3220,309 3284,309 3361,311"/>
            <TextEquiv>
               <Unicode>Orgel: Herr Theodor Panzer. — In der Pfarrkirche in der</Unicode>
            </TextEquiv>
         </TextLine>
         <TextLine id="tl_234"
                   primaryLanguage="German"
                   custom="readingOrder {index:2;}">
            <Coords points="2335,304 3360,304 3360,350 2335,350"/>
            <Baseline points="2335,333 2359,333 2672,336 2916,339 2985,340 3288,344 3360,345"/>
            <TextEquiv>
               <Unicode>Alservorstadt um 10 Uhr: Messe von Kempter, Graduale von</Unicode>
            </TextEquiv>
         </TextLine>
         <TextLine id="tl_235"
                   primaryLanguage="German"
                   custom="readingOrder {index:3;}">
            <Coords points="2333,335 3307,335 3307,384 2333,384"/>
            <Baseline points="2333,368 2468,369 2901,374 3006,375 3120,377 3204,377 3306,378"/>
            <TextEquiv>
               <Unicode>Wiltschgo und Offertorium (Chor) von Klohs. Orgel: Herr Prinz.</Unicode>
            </TextEquiv>
            <TextStyle fontFamily="Times New Roman" fontSize="6.5"/>
         </TextLine>
         <TextEquiv>
            <Unicode>(Sopran=Solo) von Mendelssohn, gesungen von Fräulein Schwaiger.
Orgel: Herr Theodor Panzer. — In der Pfarrkirche in der
Alservorstadt um 10 Uhr: Messe von Kempter, Graduale von
Wiltschgo und Offertorium (Chor) von Klohs. Orgel: Herr Prinz.</Unicode>
         </TextEquiv>
      </TextRegion>
      <TextRegion type="paragraph" id="r_20_2" custom="readingOrder {index:49;}">
         <Coords points="2327,389 3361,389 3361,865 2327,865"/>
         <TextLine id="tl_236"
                   primaryLanguage="German"
                   custom="readingOrder {index:0;}">
            <Coords points="2413,390 3360,390 3360,441 2413,441"/>
            <Baseline points="2411,424 3006,428 3160,430 3360,432"/>
            <TextEquiv>
               <Unicode>[Wiener Kunstgewerbeverein.] Erzherzog Rainer</Unicode>
            </TextEquiv>
         </TextLine>
         <TextLine id="tl_237"
                   primaryLanguage="German"
                   custom="readingOrder {index:1;}">
            <Coords points="2332,428 3359,428 3359,479 2332,479"/>
            <Baseline points="2332,457 3362,471"/>
            <TextEquiv>
               <Unicode>hat gestern den Vice=Präsidenten des Wiener Kunstgewerbevereines,</Unicode>
            </TextEquiv>
            <TextStyle fontFamily="Times New Roman" fontSize="6.5"/>
         </TextLine>
         <TextLine id="tl_238"
                   primaryLanguage="German"
                   custom="readingOrder {index:2;}">
            <Coords points="2333,467 3356,467 3356,519 2333,519"/>
            <Baseline points="2333,496 3356,511"/>
            <TextEquiv>
               <Unicode>kaiserlichen Rath Laurenz Ostettner, und das Ausschußmitglied</Unicode>
            </TextEquiv>
            <TextStyle fontFamily="Times New Roman" fontSize="6.5"/>
         </TextLine>
         <TextLine id="tl_239"
                   primaryLanguage="German"
                   custom="readingOrder {index:3;}">
            <Coords points="2332,506 3357,506 3357,557 2332,557"/>
            <Baseline points="2332,535 2491,537 3363,547"/>
            <TextEquiv>
               <Unicode>kaiserlichen Rath Heinrich Irmler in Audienz empfangen,</Unicode>
            </TextEquiv>
            <TextStyle fontFamily="Times New Roman" fontSize="6.5"/>
         </TextLine>
         <TextLine id="tl_240"
                   primaryLanguage="German"
                   custom="readingOrder {index:4;}">
            <Coords points="2331,543 3358,543 3358,594 2331,594"/>
            <Baseline points="2331,574 2421,575 3358,583"/>
            <TextEquiv>
               <Unicode>welche in Vertretung des Präsidenten, kaiserlichen Rathes Ha¬</Unicode>
            </TextEquiv>
            <TextStyle fontFamily="Times New Roman" fontSize="6.5"/>
         </TextLine>
         <TextLine id="tl_241"
                   primaryLanguage="German"
                   custom="readingOrder {index:5;}">
            <Coords points="2332,577 3357,577 3357,636 2332,636"/>
            <Baseline points="2332,613 2350,613 2806,619 3357,622"/>
            <TextEquiv>
               <Unicode>nusch, den Jahresbericht des Vereines überreichten. Der Erz¬</Unicode>
            </TextEquiv>
            <TextStyle fontFamily="Times New Roman" fontSize="6.5"/>
         </TextLine>
         <TextLine id="tl_242"
                   primaryLanguage="German"
                   custom="readingOrder {index:6;}">
            <Coords points="2331,621 3356,621 3356,677 2331,677"/>
            <Baseline points="2328,653 3356,665"/>
            <TextEquiv>
               <Unicode>herzog erkundigte sich eingehend um die Verhältnisse des Vereines</Unicode>
            </TextEquiv>
            <TextStyle fontFamily="Times New Roman" fontSize="6.5"/>
         </TextLine>
         <TextLine id="tl_243"
                   primaryLanguage="German"
                   custom="readingOrder {index:7;}">
            <Coords points="2329,660 3356,660 3356,711 2329,711"/>
            <Baseline points="2329,690 3355,706"/>
            <TextEquiv>
               <Unicode>und betonte die Wichtigkeit der Beschickung der Pariser Weltans¬</Unicode>
            </TextEquiv>
            <TextStyle fontFamily="Times New Roman" fontSize="6.5"/>
         </TextLine>
         <TextLine id="tl_244"
                   primaryLanguage="German"
                   custom="readingOrder {index:8;}">
            <Coords points="2330,699 3355,699 3355,752 2330,752"/>
            <Baseline points="2328,731 3355,744"/>
            <TextEquiv>
               <Unicode>stellung im Jahre 1900 für die österreichische Kunstindustrie. Zum</Unicode>
            </TextEquiv>
            <TextStyle fontFamily="Times New Roman" fontSize="6.5"/>
         </TextLine>
         <TextLine id="tl_245"
                   primaryLanguage="German"
                   custom="readingOrder {index:9;}">
            <Coords points="2329,732 3356,732 3356,790 2329,790"/>
            <Baseline points="2330,768 3355,784"/>
            <TextEquiv>
               <Unicode>Schlusse sprach Erzherzog Rainer seine Freude darüber aus, daß</Unicode>
            </TextEquiv>
            <TextStyle fontFamily="Times New Roman" fontSize="6.5"/>
         </TextLine>
         <TextLine id="tl_246"
                   primaryLanguage="German"
                   custom="readingOrder {index:10;}">
            <Coords points="2328,776 3355,776 3355,828 2328,828"/>
            <Baseline points="2325,807 3275,819 3356,819"/>
            <TextEquiv>
               <Unicode>Präsident Hanusch sich wieder so weit gekräftigt habe, und daß</Unicode>
            </TextEquiv>
            <TextStyle fontFamily="Times New Roman" fontSize="6.5"/>
         </TextLine>
         <TextLine id="tl_247"
                   primaryLanguage="German"
                   custom="readingOrder {index:11;}">
            <Coords points="2328,815 3151,815 3151,864 2328,864"/>
            <Baseline points="2328,844 3151,856"/>
            <TextEquiv>
               <Unicode>dessen Mitwirkung im Herbste sicher zu erwarten sei.</Unicode>
            </TextEquiv>
            <TextStyle fontFamily="Times New Roman" fontSize="6.5"/>
         </TextLine>
         <TextEquiv>
            <Unicode>[Wiener Kunstgewerbeverein.] Erzherzog Rainer
hat gestern den Vice=Präsidenten des Wiener Kunstgewerbevereines,
kaiserlichen Rath Laurenz Ostettner, und das Ausschußmitglied
kaiserlichen Rath Heinrich Irmler in Audienz empfangen,
welche in Vertretung des Präsidenten, kaiserlichen Rathes Ha¬
nusch, den Jahresbericht des Vereines überreichten. Der Erz¬
herzog erkundigte sich eingehend um die Verhältnisse des Vereines
und betonte die Wichtigkeit der Beschickung der Pariser Weltans¬
stellung im Jahre 1900 für die österreichische Kunstindustrie. Zum
Schlusse sprach Erzherzog Rainer seine Freude darüber aus, daß
Präsident Hanusch sich wieder so weit gekräftigt habe, und daß
dessen Mitwirkung im Herbste sicher zu erwarten sei.</Unicode>
         </TextEquiv>
      </TextRegion>
      <TextRegion type="paragraph" id="r_20_3" custom="readingOrder {index:50;}">
         <Coords points="2302,871 3357,871 3357,2781 2302,2781"/>
         <TextLine id="tl_248"
                   primaryLanguage="German"
                   custom="readingOrder {index:0;}">
            <Coords points="2409,872 3356,872 3356,925 2409,925"/>
            <Baseline points="2402,898 3355,915"/>
            <TextEquiv>
               <Unicode>[Der Juni.] Am Schlusse der Witterungs=Uebersicht für</Unicode>
            </TextEquiv>
         </TextLine>
         <TextLine id="tl_249"
                   primaryLanguage="German"
                   custom="readingOrder {index:1;}">
            <Coords points="2327,910 3354,910 3354,958 2327,958"/>
            <Baseline points="2327,939 3354,954"/>
            <TextEquiv>
               <Unicode>den Mai wurde bemerkt, daß, wenn, wie heuer, April und Mai</Unicode>
            </TextEquiv>
            <TextStyle fontFamily="Times New Roman" fontSize="6.5"/>
         </TextLine>
         <TextLine id="tl_250"
                   primaryLanguage="German"
                   custom="readingOrder {index:2;}">
            <Coords points="2325,948 3354,948 3354,1002 2325,1002"/>
            <Baseline points="2325,976 2600,977 2713,982 2818,983 3079,988 3358,991"/>
            <TextEquiv>
               <Unicode>zu kühl ausfallen, in der Regel auch der Juni kühle Witterung</Unicode>
            </TextEquiv>
            <TextStyle fontFamily="Times New Roman" fontSize="6.5"/>
         </TextLine>
         <TextLine id="tl_251"
                   primaryLanguage="German"
                   custom="readingOrder {index:3;}">
            <Coords points="2326,984 3352,984 3352,1036 2326,1036"/>
            <Baseline points="2326,1016 2957,1024 3063,1025 3144,1027 3351,1031"/>
            <TextEquiv>
               <Unicode>bringt. Thatsächlich ist der Rosenmonat 1895 mit 17 3/4. Grad</Unicode>
            </TextEquiv>
            <TextStyle fontFamily="Times New Roman" fontSize="6.5"/>
         </TextLine>
         <TextLine id="tl_252"
                   primaryLanguage="German"
                   custom="readingOrder {index:4;}">
            <Coords points="2326,1025 3351,1025 3351,1073 2326,1073"/>
            <Baseline points="2326,1057 2432,1056 2650,1058 2728,1059 2808,1061 2915,1063 3016,1063 3125,1067 3199,1067 3351,1066"/>
            <TextEquiv>
               <Unicode>Celsius Mittelwärme um fast einen Grad unter der Normal=</Unicode>
            </TextEquiv>
            <TextStyle fontFamily="Times New Roman" fontSize="6.5"/>
         </TextLine>
         <TextLine id="tl_253"
                   primaryLanguage="German"
                   custom="readingOrder {index:5;}">
            <Coords points="2324,1064 3352,1064 3352,1115 2324,1115"/>
            <Baseline points="2324,1096 2501,1096 2659,1097 2827,1099 3352,1110"/>
            <TextEquiv>
               <Unicode>Temperatur geblieben. Sechzehn Tage sielen kühler aus, als dem</Unicode>
            </TextEquiv>
            <TextStyle fontFamily="Times New Roman" fontSize="6.5"/>
         </TextLine>
         <TextLine id="tl_254"
                   primaryLanguage="German"
                   custom="readingOrder {index:6;}">
            <Coords points="2326,1103 3352,1103 3352,1156 2326,1156"/>
            <Baseline points="2321,1132 2556,1136 2773,1138 2967,1141 3168,1144 3352,1148"/>
            <TextEquiv>
               <Unicode>hundertjährigen Durchschnitt entsprochen hätte, und eigentlicher</Unicode>
            </TextEquiv>
            <TextStyle fontFamily="Times New Roman" fontSize="6.5"/>
         </TextLine>
         <TextLine id="tl_255"
                   primaryLanguage="German"
                   custom="readingOrder {index:7;}">
            <Coords points="2326,1142 3353,1142 3353,1198 2326,1198"/>
            <Baseline points="2326,1173 2524,1175 2595,1175 2734,1176 2803,1177 2948,1179 3251,1186 3353,1187"/>
            <TextEquiv>
               <Unicode>Sommertage, an welchen die mittlere Tages=Temperatur mehr</Unicode>
            </TextEquiv>
            <TextStyle fontFamily="Times New Roman" fontSize="6.5"/>
         </TextLine>
         <TextLine id="tl_256"
                   primaryLanguage="German"
                   custom="readingOrder {index:8;}">
            <Coords points="2325,1181 3353,1181 3353,1233 2325,1233"/>
            <Baseline points="2325,1210 2430,1211 2658,1214 3353,1226"/>
            <TextEquiv>
               <Unicode>als 20 Grad Celsius beträgt, hatten wir nur drei. Ueberhaupt</Unicode>
            </TextEquiv>
            <TextStyle fontFamily="Times New Roman" fontSize="6.5"/>
         </TextLine>
         <TextLine id="tl_257"
                   primaryLanguage="German"
                   custom="readingOrder {index:9;}">
            <Coords points="2324,1219 3349,1219 3349,1273 2324,1273"/>
            <Baseline points="2324,1249 2793,1254 3211,1261 3349,1260"/>
            <TextEquiv>
               <Unicode>brachte der Monat erst zum Schlusse, an den beiden Doppel¬</Unicode>
            </TextEquiv>
            <TextStyle fontFamily="Times New Roman" fontSize="6.5"/>
         </TextLine>
         <TextLine id="tl_258"
                   primaryLanguage="German"
                   custom="readingOrder {index:10;}">
            <Coords points="2323,1258 3349,1258 3349,1308 2323,1308"/>
            <Baseline points="2325,1289 3349,1299"/>
            <TextEquiv>
               <Unicode>feiertagen, welche aus den 29. und 30. fielen, höhere Temperatur¬</Unicode>
            </TextEquiv>
            <TextStyle fontFamily="Times New Roman" fontSize="6.5"/>
         </TextLine>
         <TextLine id="tl_259"
                   primaryLanguage="German"
                   custom="readingOrder {index:11;}">
            <Coords points="2324,1297 3348,1297 3348,1347 2324,1347"/>
            <Baseline points="2320,1328 3347,1342"/>
            <TextEquiv>
               <Unicode>grade. Aber auch da erreichte die höchste Mittagswürme im Schatten</Unicode>
            </TextEquiv>
            <TextStyle fontFamily="Times New Roman" fontSize="6.5"/>
         </TextLine>
         <TextLine id="tl_260"
                   primaryLanguage="German"
                   custom="readingOrder {index:12;}">
            <Coords points="2322,1336 3346,1336 3346,1386 2322,1386"/>
            <Baseline points="2322,1365 3346,1381"/>
            <TextEquiv>
               <Unicode>nicht die normale von 31 5 Grad, und nur der Umstand, daß wir</Unicode>
            </TextEquiv>
            <TextStyle fontFamily="Times New Roman" fontSize="6.5"/>
         </TextLine>
         <TextLine id="tl_261"
                   primaryLanguage="German"
                   custom="readingOrder {index:13;}">
            <Coords points="2320,1374 3348,1374 3348,1425 2320,1425"/>
            <Baseline points="2316,1403 3348,1419"/>
            <TextEquiv>
               <Unicode>seit Anfang Mai fortwährend sehr niedrige Temperatur=Maxima</Unicode>
            </TextEquiv>
            <TextStyle fontFamily="Times New Roman" fontSize="6.5"/>
         </TextLine>
         <TextLine id="tl_262"
                   primaryLanguage="German"
                   custom="readingOrder {index:14;}">
            <Coords points="2320,1413 3347,1413 3347,1464 2320,1464"/>
            <Baseline points="2320,1443 3347,1453"/>
            <TextEquiv>
               <Unicode>verzeichneten und sozusagen an ozeanisch gemäßigte Frühsommer=Tem¬</Unicode>
            </TextEquiv>
            <TextStyle fontFamily="Times New Roman" fontSize="6.5"/>
         </TextLine>
         <TextLine id="tl_263"
                   primaryLanguage="German"
                   custom="readingOrder {index:15;}">
            <Coords points="2320,1452 3342,1452 3342,1504 2320,1504"/>
            <Baseline points="2315,1482 3342,1497"/>
            <TextEquiv>
               <Unicode>peraturen gewöhnt waren, ließ die vergleichsweise mäßige Wärme als</Unicode>
            </TextEquiv>
            <TextStyle fontFamily="Times New Roman" fontSize="6.5"/>
         </TextLine>
         <TextLine id="tl_264"
                   primaryLanguage="German"
                   custom="readingOrder {index:16;}">
            <Coords points="2319,1491 3350,1491 3350,1540 2319,1540"/>
            <Baseline points="2319,1521 2440,1522 2607,1524 2726,1524 2842,1525 2967,1528 3017,1530 3083,1530 3153,1532 3225,1532 3350,1531"/>
            <TextEquiv>
               <Unicode>drückend erscheinen. Etwas anders verhielt es sich mit dem Nieder¬</Unicode>
            </TextEquiv>
            <TextStyle fontFamily="Times New Roman" fontSize="6.5"/>
         </TextLine>
         <TextLine id="tl_265"
                   primaryLanguage="German"
                   custom="readingOrder {index:17;}">
            <Coords points="2321,1529 3347,1529 3347,1583 2321,1583"/>
            <Baseline points="2314,1560 2410,1559 2547,1562 2682,1562 2830,1564 2919,1566 3003,1567 3073,1568 3215,1571 3353,1575"/>
            <TextEquiv>
               <Unicode>schlag. Dieser erreichte ebenfalls nicht ganz die normale Menge,</Unicode>
            </TextEquiv>
            <TextStyle fontFamily="Times New Roman" fontSize="6.5"/>
         </TextLine>
         <TextLine id="tl_266"
                   primaryLanguage="German"
                   custom="readingOrder {index:18;}">
            <Coords points="2320,1566 3347,1566 3347,1618 2320,1618"/>
            <Baseline points="2320,1598 2358,1598 2452,1599 2515,1600 2789,1602 2871,1604 2984,1606 3124,1609 3194,1609 3347,1613"/>
            <TextEquiv>
               <Unicode>die Zahl der Niederschlagstage aber (17) überschritt die normale</Unicode>
            </TextEquiv>
            <TextStyle fontFamily="Times New Roman" fontSize="6.5"/>
         </TextLine>
         <TextLine id="tl_267"
                   primaryLanguage="German"
                   custom="readingOrder {index:19;}">
            <Coords points="2320,1607 3346,1607 3346,1659 2320,1659"/>
            <Baseline points="2315,1637 3087,1646 3346,1652"/>
            <TextEquiv>
               <Unicode>(12 7) wesentlich, d. h. es regnete oft, aber selten ausgiebig, und</Unicode>
            </TextEquiv>
            <TextStyle fontFamily="Times New Roman" fontSize="6.5"/>
         </TextLine>
         <TextLine id="tl_268"
                   primaryLanguage="German"
                   custom="readingOrder {index:20;}">
            <Coords points="2318,1646 3345,1646 3345,1695 2318,1695"/>
            <Baseline points="2314,1677 2599,1678 2704,1679 3345,1686"/>
            <TextEquiv>
               <Unicode>selbst die Gewitter traten mit geringer Heftigkeit auf. Die Ge¬</Unicode>
            </TextEquiv>
            <TextStyle fontFamily="Times New Roman" fontSize="6.5"/>
         </TextLine>
         <TextLine id="tl_269"
                   primaryLanguage="German"
                   custom="readingOrder {index:21;}">
            <Coords points="2318,1684 3343,1684 3343,1735 2318,1735"/>
            <Baseline points="2318,1715 3343,1730"/>
            <TextEquiv>
               <Unicode>witterperiode zu Ende der ersten Juni=Woche z. B., welche im</Unicode>
            </TextEquiv>
            <TextStyle fontFamily="Times New Roman" fontSize="6.5"/>
         </TextLine>
         <TextLine id="tl_270"
                   primaryLanguage="German"
                   custom="readingOrder {index:22;}">
            <Coords points="2319,1723 3345,1723 3345,1773 2319,1773"/>
            <Baseline points="2319,1755 2454,1754 2791,1758 2940,1760 3344,1769"/>
            <TextEquiv>
               <Unicode>Südosten Niederösterreichs, in einzelnen Bezirken Croatiens und</Unicode>
            </TextEquiv>
            <TextStyle fontFamily="Times New Roman" fontSize="6.5"/>
         </TextLine>
         <TextLine id="tl_271"
                   primaryLanguage="German"
                   custom="readingOrder {index:23;}">
            <Coords points="2317,1762 3341,1762 3341,1813 2317,1813"/>
            <Baseline points="2317,1792 2474,1794 2570,1794 2790,1797 3240,1804 3341,1807"/>
            <TextEquiv>
               <Unicode>andernorts starke Verheerungen anrichtete, zeichnete sich in Wien</Unicode>
            </TextEquiv>
            <TextStyle fontFamily="Times New Roman" fontSize="6.5"/>
         </TextLine>
         <TextLine id="tl_272"
                   primaryLanguage="German"
                   custom="readingOrder {index:24;}">
            <Coords points="2316,1801 3344,1801 3344,1854 2316,1854"/>
            <Baseline points="2317,1831 2383,1833 2738,1834 2818,1836 2986,1838 3344,1841"/>
            <TextEquiv>
               <Unicode>nicht durch Stärke, sondern blos durch das meteorologisch eigen¬</Unicode>
            </TextEquiv>
            <TextStyle fontFamily="Times New Roman" fontSize="6.5"/>
         </TextLine>
         <TextLine id="tl_273"
                   primaryLanguage="German"
                   custom="readingOrder {index:25;}">
            <Coords points="2315,1840 3343,1840 3343,1891 2315,1891"/>
            <Baseline points="2315,1870 2452,1871 2603,1872 2669,1873 2716,1873 2926,1876 2985,1877 3343,1885"/>
            <TextEquiv>
               <Unicode>thümliche Gewitter am 5. aus, welches an dieser Stelle seinerzeit</Unicode>
            </TextEquiv>
            <TextStyle fontFamily="Times New Roman" fontSize="6.5"/>
         </TextLine>
         <TextLine id="tl_274"
                   primaryLanguage="German"
                   custom="readingOrder {index:26;}">
            <Coords points="2316,1878 3341,1878 3341,1931 2316,1931"/>
            <Baseline points="2316,1909 3354,1922"/>
            <TextEquiv>
               <Unicode>beschrieben wurde. Im Allgemeinen wird die Juni=Witterung fast</Unicode>
            </TextEquiv>
            <TextStyle fontFamily="Times New Roman" fontSize="6.5"/>
         </TextLine>
         <TextLine id="tl_275"
                   primaryLanguage="German"
                   custom="readingOrder {index:27;}">
            <Coords points="2314,1917 3341,1917 3341,1968 2314,1968"/>
            <Baseline points="2314,1947 2871,1953 2938,1953 3013,1955 3172,1958 3341,1963"/>
            <TextEquiv>
               <Unicode>im ganzen Bereich der Monarchie als eine ungemein fruchtbare</Unicode>
            </TextEquiv>
            <TextStyle fontFamily="Times New Roman" fontSize="6.5"/>
         </TextLine>
         <TextLine id="tl_276"
                   primaryLanguage="German"
                   custom="readingOrder {index:28;}">
            <Coords points="2315,1956 3340,1956 3340,2005 2315,2005"/>
            <Baseline points="2315,1986 2682,1989 2731,1990 2898,1992 3205,1997 3340,1996"/>
            <TextEquiv>
               <Unicode>bezeichnet, welche, soweit es überhaupt möglich war, die Wetter¬</Unicode>
            </TextEquiv>
            <TextStyle fontFamily="Times New Roman" fontSize="6.5"/>
         </TextLine>
         <TextLine id="tl_277"
                   primaryLanguage="German"
                   custom="readingOrder {index:29;}">
            <Coords points="2315,1995 3340,1995 3340,2046 2315,2046"/>
            <Baseline points="2315,2025 2367,2025 2493,2026 2638,2027 2703,2028 2920,2030 3062,2033 3242,2037 3340,2040"/>
            <TextEquiv>
               <Unicode>und sonstige Schäden des schneereichen Winters gutmachte. Die</Unicode>
            </TextEquiv>
            <TextStyle fontFamily="Times New Roman" fontSize="6.5"/>
         </TextLine>
         <TextLine id="tl_278"
                   primaryLanguage="German"
                   custom="readingOrder {index:30;}">
            <Coords points="2315,2033 3340,2033 3340,2086 2315,2086"/>
            <Baseline points="2315,2064 2794,2068 2916,2069 3045,2071 3255,2075 3339,2079"/>
            <TextEquiv>
               <Unicode>Saaten stehen prächtig und haben gerade zur rechten Zeit</Unicode>
            </TextEquiv>
            <TextStyle fontFamily="Times New Roman" fontSize="6.5"/>
         </TextLine>
         <TextLine id="tl_279"
                   primaryLanguage="German"
                   custom="readingOrder {index:31;}">
            <Coords points="2314,2072 3338,2072 3338,2121 2314,2121"/>
            <Baseline points="2319,2103 3338,2117"/>
            <TextEquiv>
               <Unicode>— nahe dem Schnitt — die Hitze, die früher fehlte; die Weiden</Unicode>
            </TextEquiv>
            <TextStyle fontFamily="Times New Roman" fontSize="6.5"/>
         </TextLine>
         <TextLine id="tl_280"
                   primaryLanguage="German"
                   custom="readingOrder {index:32;}">
            <Coords points="2311,2111 3338,2111 3338,2161 2311,2161"/>
            <Baseline points="2307,2143 3338,2155"/>
            <TextEquiv>
               <Unicode>grünen reichlich, der Tourist erfreut sich der besonderen Frische aller</Unicode>
            </TextEquiv>
            <TextStyle fontFamily="Times New Roman" fontSize="6.5"/>
         </TextLine>
         <TextLine id="tl_281"
                   primaryLanguage="German"
                   custom="readingOrder {index:33;}">
            <Coords points="2312,2149 3340,2149 3340,2204 2312,2204"/>
            <Baseline points="2312,2181 3105,2189 3340,2195"/>
            <TextEquiv>
               <Unicode>Wälder und trifft im Hochgebirge, wo sich große Schneemengen</Unicode>
            </TextEquiv>
            <TextStyle fontFamily="Times New Roman" fontSize="6.5"/>
         </TextLine>
         <TextLine id="tl_282"
                   primaryLanguage="German"
                   custom="readingOrder {index:34;}">
            <Coords points="2312,2189 3338,2189 3338,2239 2312,2239"/>
            <Baseline points="2308,2222 3024,2227 3338,2233"/>
            <TextEquiv>
               <Unicode>heuer abnorm lang erhalten haben, überall reichlich sprudelnde</Unicode>
            </TextEquiv>
            <TextStyle fontFamily="Times New Roman" fontSize="6.5"/>
         </TextLine>
         <TextLine id="tl_283"
                   primaryLanguage="German"
                   custom="readingOrder {index:35;}">
            <Coords points="2313,2228 3339,2228 3339,2276 2313,2276"/>
            <Baseline points="2313,2258 3339,2268"/>
            <TextEquiv>
               <Unicode>Schneewasserquellen. Auch ein anderes Phänomen ist bemerkens¬</Unicode>
            </TextEquiv>
            <TextStyle fontFamily="Times New Roman" fontSize="6.5"/>
         </TextLine>
         <TextLine id="tl_284"
                   primaryLanguage="German"
                   custom="readingOrder {index:36;}">
            <Coords points="2311,2266 3337,2266 3337,2316 2311,2316"/>
            <Baseline points="2311,2297 3337,2311"/>
            <TextEquiv>
               <Unicode>werth. Während in der Ebene außer den Rosen schon die Nelken</Unicode>
            </TextEquiv>
            <TextStyle fontFamily="Times New Roman" fontSize="6.5"/>
         </TextLine>
         <TextLine id="tl_285"
                   primaryLanguage="German"
                   custom="readingOrder {index:37;}">
            <Coords points="2310,2305 3337,2305 3337,2356 2310,2356"/>
            <Baseline points="2310,2335 3337,2351"/>
            <TextEquiv>
               <Unicode>und Lilien und Exoten, wie der Gewürznelkenbaum und der</Unicode>
            </TextEquiv>
            <TextStyle fontFamily="Times New Roman" fontSize="6.5"/>
         </TextLine>
         <TextLine id="tl_286"
                   primaryLanguage="German"
                   custom="readingOrder {index:38;}">
            <Coords points="2309,2344 3336,2344 3336,2396 2309,2396"/>
            <Baseline points="2309,2376 2971,2380 3031,2381 3335,2388"/>
            <TextEquiv>
               <Unicode>Trompetenbaum, blühen und der Sommer bis an die Grenze der</Unicode>
            </TextEquiv>
            <TextStyle fontFamily="Times New Roman" fontSize="6.5"/>
         </TextLine>
         <TextLine id="tl_287"
                   primaryLanguage="German"
                   custom="readingOrder {index:39;}">
            <Coords points="2310,2383 3335,2383 3335,2433 2310,2433"/>
            <Baseline points="2310,2414 2493,2416 2562,2415 2708,2416 2872,2417 3159,2423 3264,2425 3335,2427"/>
            <TextEquiv>
               <Unicode>Baumregion im Gebirge aufwärts gezogen ist, wo schon die</Unicode>
            </TextEquiv>
            <TextStyle fontFamily="Times New Roman" fontSize="6.5"/>
         </TextLine>
         <TextLine id="tl_288"
                   primaryLanguage="German"
                   custom="readingOrder {index:40;}">
            <Coords points="2309,2420 3336,2420 3336,2472 2309,2472"/>
            <Baseline points="2309,2452 3336,2462"/>
            <TextEquiv>
               <Unicode>Alpenrose in Menge ihre purpurrothen Blüthensträußchen ent¬</Unicode>
            </TextEquiv>
            <TextStyle fontFamily="Times New Roman" fontSize="6.5"/>
         </TextLine>
         <TextLine id="tl_289"
                   primaryLanguage="German"
                   custom="readingOrder {index:41;}">
            <Coords points="2309,2461 3336,2461 3336,2510 2309,2510"/>
            <Baseline points="2312,2489 2872,2496 3173,2500 3271,2501 3335,2504"/>
            <TextEquiv>
               <Unicode>faltet, verschwinden in der oberen Alpenregion, von 1600 bis</Unicode>
            </TextEquiv>
            <TextStyle fontFamily="Times New Roman" fontSize="6.5"/>
         </TextLine>
         <TextLine id="tl_290"
                   primaryLanguage="German"
                   custom="readingOrder {index:42;}">
            <Coords points="2308,2498 3333,2498 3333,2549 2308,2549"/>
            <Baseline points="2308,2529 3336,2538"/>
            <TextEquiv>
               <Unicode>2000 Meter, erst die Schneefelder, und hier blühen daher auch</Unicode>
            </TextEquiv>
            <TextStyle fontFamily="Times New Roman" fontSize="6.5"/>
         </TextLine>
         <TextLine id="tl_291"
                   primaryLanguage="German"
                   custom="readingOrder {index:43;}">
            <Coords points="2306,2537 3335,2537 3335,2589 2306,2589"/>
            <Baseline points="2307,2568 2427,2569 2656,2570 2716,2570 2901,2572 3335,2582"/>
            <TextEquiv>
               <Unicode>noch in Schattenlagen die Eriken, die Veilchen, die Primeln, ja</Unicode>
            </TextEquiv>
            <TextStyle fontFamily="Times New Roman" fontSize="6.5"/>
         </TextLine>
         <TextLine id="tl_292"
                   primaryLanguage="German"
                   custom="readingOrder {index:44;}">
            <Coords points="2307,2576 3333,2576 3333,2627 2307,2627"/>
            <Baseline points="2308,2607 3268,2618 3333,2620"/>
            <TextEquiv>
               <Unicode>sogar die Schneerosen. Aber bald wird dieser Frühlingsflor der</Unicode>
            </TextEquiv>
            <TextStyle fontFamily="Times New Roman" fontSize="6.5"/>
         </TextLine>
         <TextLine id="tl_293"
                   primaryLanguage="German"
                   custom="readingOrder {index:45;}">
            <Coords points="2303,2615 3332,2615 3332,2664 2303,2664"/>
            <Baseline points="2301,2644 2398,2646 2609,2647 2726,2648 2803,2649 2974,2651 3052,2652 3217,2656 3335,2655"/>
            <TextEquiv>
               <Unicode>Höhen dahinwelken. Denn die Abnahme der negativen Tem¬</Unicode>
            </TextEquiv>
            <TextStyle fontFamily="Times New Roman" fontSize="6.5"/>
         </TextLine>
         <TextLine id="tl_294"
                   primaryLanguage="German"
                   custom="readingOrder {index:46;}">
            <Coords points="2303,2653 3334,2653 3334,2703 2303,2703"/>
            <Baseline points="2302,2683 2835,2688 2931,2689 3009,2691 3334,2696"/>
            <TextEquiv>
               <Unicode>peratur=Anomalie vom Mai zum Juni läßt erwarten, daß der</Unicode>
            </TextEquiv>
            <TextStyle fontFamily="Times New Roman" fontSize="6.5"/>
         </TextLine>
         <TextLine id="tl_295"
                   primaryLanguage="German"
                   custom="readingOrder {index:47;}">
            <Coords points="2305,2692 3333,2692 3333,2743 2305,2743"/>
            <Baseline points="2305,2725 2371,2723 2444,2724 2545,2725 2921,2728 3172,2731 3333,2736"/>
            <TextEquiv>
               <Unicode>Juli wo nicht besondere, so doch wenigstens normale Hitze</Unicode>
            </TextEquiv>
         </TextLine>
         <TextLine id="tl_296"
                   primaryLanguage="German"
                   custom="readingOrder {index:48;}">
            <Coords points="2306,2732 3292,2732 3292,2780 2306,2780"/>
            <Baseline points="2306,2762 2525,2763 3292,2772"/>
            <TextEquiv>
               <Unicode>bringen werde. r. e. p.</Unicode>
            </TextEquiv>
            <TextStyle fontFamily="Times New Roman" fontSize="6.5"/>
         </TextLine>
         <TextEquiv>
            <Unicode>[Der Juni.] Am Schlusse der Witterungs=Uebersicht für
den Mai wurde bemerkt, daß, wenn, wie heuer, April und Mai
zu kühl ausfallen, in der Regel auch der Juni kühle Witterung
bringt. Thatsächlich ist der Rosenmonat 1895 mit 17 3/4. Grad
Celsius Mittelwärme um fast einen Grad unter der Normal=
Temperatur geblieben. Sechzehn Tage sielen kühler aus, als dem
hundertjährigen Durchschnitt entsprochen hätte, und eigentlicher
Sommertage, an welchen die mittlere Tages=Temperatur mehr
als 20 Grad Celsius beträgt, hatten wir nur drei. Ueberhaupt
brachte der Monat erst zum Schlusse, an den beiden Doppel¬
feiertagen, welche aus den 29. und 30. fielen, höhere Temperatur¬
grade. Aber auch da erreichte die höchste Mittagswürme im Schatten
nicht die normale von 31 5 Grad, und nur der Umstand, daß wir
seit Anfang Mai fortwährend sehr niedrige Temperatur=Maxima
verzeichneten und sozusagen an ozeanisch gemäßigte Frühsommer=Tem¬
peraturen gewöhnt waren, ließ die vergleichsweise mäßige Wärme als
drückend erscheinen. Etwas anders verhielt es sich mit dem Nieder¬
schlag. Dieser erreichte ebenfalls nicht ganz die normale Menge,
die Zahl der Niederschlagstage aber (17) überschritt die normale
(12 7) wesentlich, d. h. es regnete oft, aber selten ausgiebig, und
selbst die Gewitter traten mit geringer Heftigkeit auf. Die Ge¬
witterperiode zu Ende der ersten Juni=Woche z. B., welche im
Südosten Niederösterreichs, in einzelnen Bezirken Croatiens und
andernorts starke Verheerungen anrichtete, zeichnete sich in Wien
nicht durch Stärke, sondern blos durch das meteorologisch eigen¬
thümliche Gewitter am 5. aus, welches an dieser Stelle seinerzeit
beschrieben wurde. Im Allgemeinen wird die Juni=Witterung fast
im ganzen Bereich der Monarchie als eine ungemein fruchtbare
bezeichnet, welche, soweit es überhaupt möglich war, die Wetter¬
und sonstige Schäden des schneereichen Winters gutmachte. Die
Saaten stehen prächtig und haben gerade zur rechten Zeit
— nahe dem Schnitt — die Hitze, die früher fehlte; die Weiden
grünen reichlich, der Tourist erfreut sich der besonderen Frische aller
Wälder und trifft im Hochgebirge, wo sich große Schneemengen
heuer abnorm lang erhalten haben, überall reichlich sprudelnde
Schneewasserquellen. Auch ein anderes Phänomen ist bemerkens¬
werth. Während in der Ebene außer den Rosen schon die Nelken
und Lilien und Exoten, wie der Gewürznelkenbaum und der
Trompetenbaum, blühen und der Sommer bis an die Grenze der
Baumregion im Gebirge aufwärts gezogen ist, wo schon die
Alpenrose in Menge ihre purpurrothen Blüthensträußchen ent¬
faltet, verschwinden in der oberen Alpenregion, von 1600 bis
2000 Meter, erst die Schneefelder, und hier blühen daher auch
noch in Schattenlagen die Eriken, die Veilchen, die Primeln, ja
sogar die Schneerosen. Aber bald wird dieser Frühlingsflor der
Höhen dahinwelken. Denn die Abnahme der negativen Tem¬
peratur=Anomalie vom Mai zum Juni läßt erwarten, daß der
Juli wo nicht besondere, so doch wenigstens normale Hitze
bringen werde. r. e. p.</Unicode>
         </TextEquiv>
      </TextRegion>
      <TextRegion type="paragraph" id="r_20_4" custom="readingOrder {index:51;}">
         <Coords points="2292,2778 3332,2778 3332,3642 2292,3642"/>
         <TextLine id="tl_297"
                   primaryLanguage="German"
                   custom="readingOrder {index:0;}">
            <Coords points="2383,2779 3331,2779 3331,2829 2383,2829"/>
            <Baseline points="2377,2809 3340,2820"/>
            <TextEquiv>
               <Unicode>[Donaufahrten in die Wachau.] Es gibt noch</Unicode>
            </TextEquiv>
         </TextLine>
         <TextLine id="tl_298"
                   primaryLanguage="German"
                   custom="readingOrder {index:1;}">
            <Coords points="2304,2817 3330,2817 3330,2867 2304,2867"/>
            <Baseline points="2299,2847 3330,2861"/>
            <TextEquiv>
               <Unicode>heute Wiener und Wienerinnen in höherem Lebensalter, welche</Unicode>
            </TextEquiv>
            <TextStyle fontFamily="Times New Roman" fontSize="6.5"/>
         </TextLine>
         <TextLine id="tl_299"
                   primaryLanguage="German"
                   custom="readingOrder {index:2;}">
            <Coords points="2302,2856 3330,2856 3330,2905 2302,2905"/>
            <Baseline points="2302,2887 2419,2888 3330,2898"/>
            <TextEquiv>
               <Unicode>niemals in ihrem Leben über die alten, geschweige über die neuen</Unicode>
            </TextEquiv>
            <TextStyle fontFamily="Times New Roman" fontSize="6.5"/>
         </TextLine>
         <TextLine id="tl_300"
                   primaryLanguage="German"
                   custom="readingOrder {index:3;}">
            <Coords points="2305,2894 3330,2894 3330,2944 2305,2944"/>
            <Baseline points="2305,2928 3330,2937"/>
            <TextEquiv>
               <Unicode>Grenzen des Wiener Gebietes hinausgekommen sind. Als ein</Unicode>
            </TextEquiv>
            <TextStyle fontFamily="Times New Roman" fontSize="6.5"/>
         </TextLine>
         <TextLine id="tl_301"
                   primaryLanguage="German"
                   custom="readingOrder {index:4;}">
            <Coords points="2303,2931 3328,2931 3328,2983 2303,2983"/>
            <Baseline points="2303,2964 3328,2977"/>
            <TextEquiv>
               <Unicode>um so erfreulicheres Zeichen für das Erwachen und Erstarken des</Unicode>
            </TextEquiv>
            <TextStyle fontFamily="Times New Roman" fontSize="6.5"/>
         </TextLine>
         <TextLine id="tl_302"
                   primaryLanguage="German"
                   custom="readingOrder {index:5;}">
            <Coords points="2302,2971 3330,2971 3330,3021 2302,3021"/>
            <Baseline points="2302,3004 3330,3015"/>
            <TextEquiv>
               <Unicode>Sinnes für Naturschönheiten muß es betrachtet werden, daß der</Unicode>
            </TextEquiv>
            <TextStyle fontFamily="Times New Roman" fontSize="6.5"/>
         </TextLine>
         <TextLine id="tl_303"
                   primaryLanguage="German"
                   custom="readingOrder {index:6;}">
            <Coords points="2304,3010 3326,3010 3326,3060 2304,3060"/>
            <Baseline points="2304,3043 2755,3043 2830,3045 3111,3048 3188,3050 3326,3053"/>
            <TextEquiv>
               <Unicode>Besuch der Umgebung Wiens und namentlich jener der schönen</Unicode>
            </TextEquiv>
            <TextStyle fontFamily="Times New Roman" fontSize="6.5"/>
         </TextLine>
         <TextLine id="tl_304"
                   primaryLanguage="German"
                   custom="readingOrder {index:7;}">
            <Coords points="2302,3049 3326,3049 3326,3099 2302,3099"/>
            <Baseline points="2302,3080 2708,3083 3329,3089"/>
            <TextEquiv>
               <Unicode>und pittoresken Wachau in steter Zunahme begriffen ist. Freilich</Unicode>
            </TextEquiv>
            <TextStyle fontFamily="Times New Roman" fontSize="6.5"/>
         </TextLine>
         <TextLine id="tl_305"
                   primaryLanguage="German"
                   custom="readingOrder {index:8;}">
            <Coords points="2300,3089 3325,3089 3325,3138 2300,3138"/>
            <Baseline points="2300,3120 3231,3127 3324,3130"/>
            <TextEquiv>
               <Unicode>tragen Bahn= und Schiffsverbindungen das Ihrige hiezu bei. Was</Unicode>
            </TextEquiv>
            <TextStyle fontFamily="Times New Roman" fontSize="6.5"/>
         </TextLine>
         <TextLine id="tl_306"
                   primaryLanguage="German"
                   custom="readingOrder {index:9;}">
            <Coords points="2301,3127 3327,3127 3327,3178 2301,3178"/>
            <Baseline points="2301,3158 3327,3169"/>
            <TextEquiv>
               <Unicode>die herrliche Wachau anbelangt, deren Naturschönheiten, historische</Unicode>
            </TextEquiv>
            <TextStyle fontFamily="Times New Roman" fontSize="6.5"/>
         </TextLine>
         <TextLine id="tl_307"
                   primaryLanguage="German"
                   custom="readingOrder {index:10;}">
            <Coords points="2300,3165 3327,3165 3327,3214 2300,3214"/>
            <Baseline points="2301,3198 3327,3208"/>
            <TextEquiv>
               <Unicode>Denkmale und freundliche, mittelalterliche Städtchen, Märkte</Unicode>
            </TextEquiv>
            <TextStyle fontFamily="Times New Roman" fontSize="6.5"/>
         </TextLine>
         <TextLine id="tl_308"
                   primaryLanguage="German"
                   custom="readingOrder {index:11;}">
            <Coords points="2300,3203 3324,3203 3324,3253 2300,3253"/>
            <Baseline points="2300,3236 3324,3246"/>
            <TextEquiv>
               <Unicode>und Dörfer in früheren Jahren fast nur von Künstlern und</Unicode>
            </TextEquiv>
            <TextStyle fontFamily="Times New Roman" fontSize="6.5"/>
         </TextLine>
         <TextLine id="tl_309"
                   primaryLanguage="German"
                   custom="readingOrder {index:12;}">
            <Coords points="2299,3243 3324,3243 3324,3291 2299,3291"/>
            <Baseline points="2297,3276 3324,3285"/>
            <TextEquiv>
               <Unicode>Forschern besucht wurden, so vergeht nun kein Sonntag, der nicht</Unicode>
            </TextEquiv>
            <TextStyle fontFamily="Times New Roman" fontSize="6.5"/>
         </TextLine>
         <TextLine id="tl_310"
                   primaryLanguage="German"
                   custom="readingOrder {index:13;}">
            <Coords points="2297,3281 3325,3281 3325,3331 2297,3331"/>
            <Baseline points="2283,3313 2434,3314 2507,3315 2669,3316 2788,3315 2919,3316 2996,3317 3115,3319 3325,3323"/>
            <TextEquiv>
               <Unicode>Hunderte von Wienern, zumeist Vereine und größere Gesellschaften</Unicode>
            </TextEquiv>
            <TextStyle fontFamily="Times New Roman" fontSize="6.5"/>
         </TextLine>
         <TextLine id="tl_311"
                   primaryLanguage="German"
                   custom="readingOrder {index:14;}">
            <Coords points="2298,3320 3324,3320 3324,3370 2298,3370"/>
            <Baseline points="2298,3351 2325,3351 2581,3353 3324,3362"/>
            <TextEquiv>
               <Unicode>in ihre Berge und Thäler bringt. Namentlich ist es durch die</Unicode>
            </TextEquiv>
            <TextStyle fontFamily="Times New Roman" fontSize="6.5"/>
         </TextLine>
         <TextLine id="tl_312"
                   primaryLanguage="German"
                   custom="readingOrder {index:15;}">
            <Coords points="2298,3358 3324,3358 3324,3409 2298,3409"/>
            <Baseline points="2298,3392 2505,3391 2582,3392 2912,3394 3012,3396 3075,3395 3324,3396"/>
            <TextEquiv>
               <Unicode>Einführung der Nachtfahrten von Seite der Donau=Dampf¬</Unicode>
            </TextEquiv>
         </TextLine>
         <TextLine id="tl_313"
                   primaryLanguage="German"
                   custom="readingOrder {index:16;}">
            <Coords points="2296,3396 3326,3396 3326,3447 2296,3447"/>
            <Baseline points="2296,3435 2820,3432 2991,3433 3231,3437 3326,3439"/>
            <TextEquiv>
               <Unicode>schifffahrt=Gesellschaft Vielen, die durch ihre Stellung und ihren</Unicode>
            </TextEquiv>
            <TextStyle fontFamily="Times New Roman" fontSize="6.5"/>
         </TextLine>
         <TextLine id="tl_314"
                   primaryLanguage="German"
                   custom="readingOrder {index:17;}">
            <Coords points="2296,3436 3320,3436 3320,3485 2296,3485"/>
            <Baseline points="2296,3468 2461,3468 2594,3469 2825,3470 2895,3471 3033,3473 3329,3475"/>
            <TextEquiv>
               <Unicode>Beruf die Woche hindurch an die Stadt gebunden sind,</Unicode>
            </TextEquiv>
            <TextStyle fontFamily="Times New Roman" fontSize="6.5"/>
         </TextLine>
         <TextLine id="tl_315"
                   primaryLanguage="German"
                   custom="readingOrder {index:18;}">
            <Coords points="2297,3474 3323,3474 3323,3525 2297,3525"/>
            <Baseline points="2297,3506 3323,3517"/>
            <TextEquiv>
               <Unicode>möglich geworden, noch Samstag Abends eine Fahrt in die</Unicode>
            </TextEquiv>
            <TextStyle fontFamily="Times New Roman" fontSize="6.5"/>
         </TextLine>
         <TextLine id="tl_316"
                   primaryLanguage="German"
                   custom="readingOrder {index:19;}">
            <Coords points="2295,3513 3321,3513 3321,3563 2295,3563"/>
            <Baseline points="2295,3546 2414,3546 2590,3547 2654,3546 2761,3547 2857,3547 2928,3548 3004,3550 3128,3551 3179,3551 3320,3555"/>
            <TextEquiv>
               <Unicode>Wachau anzutreten, die Nacht durch auf dem Schiffe zu schlafen</Unicode>
            </TextEquiv>
            <TextStyle fontFamily="Times New Roman" fontSize="6.5"/>
         </TextLine>
         <TextLine id="tl_317"
                   primaryLanguage="German"
                   custom="readingOrder {index:20;}">
            <Coords points="2294,3552 3320,3552 3320,3603 2294,3603"/>
            <Baseline points="2294,3583 2346,3584 2412,3584 2569,3585 2618,3585 2773,3586 2902,3588 2954,3587 3111,3590 3197,3591 3320,3589"/>
            <TextEquiv>
               <Unicode>und des Morgens in herrlicher Gegend zu erwachen. Mit Tages¬</Unicode>
            </TextEquiv>
            <TextStyle fontFamily="Times New Roman" fontSize="6.5"/>
         </TextLine>
         <TextLine id="tl_318"
                   primaryLanguage="German"
                   custom="readingOrder {index:21;}">
            <Coords points="2293,3590 3314,3590 3314,3641 2293,3641"/>
            <Baseline points="2294,3623 2798,3626 2888,3625 3104,3628 3327,3627"/>
            <TextEquiv>
               <Unicode>anbruch zeigen sich dem Auge das hochgelegene Wetterkreuz,</Unicode>
            </TextEquiv>
            <TextStyle fontFamily="Times New Roman" fontSize="6.5"/>
         </TextLine>
         <TextEquiv>
            <Unicode>[Donaufahrten in die Wachau.] Es gibt noch
heute Wiener und Wienerinnen in höherem Lebensalter, welche
niemals in ihrem Leben über die alten, geschweige über die neuen
Grenzen des Wiener Gebietes hinausgekommen sind. Als ein
um so erfreulicheres Zeichen für das Erwachen und Erstarken des
Sinnes für Naturschönheiten muß es betrachtet werden, daß der
Besuch der Umgebung Wiens und namentlich jener der schönen
und pittoresken Wachau in steter Zunahme begriffen ist. Freilich
tragen Bahn= und Schiffsverbindungen das Ihrige hiezu bei. Was
die herrliche Wachau anbelangt, deren Naturschönheiten, historische
Denkmale und freundliche, mittelalterliche Städtchen, Märkte
und Dörfer in früheren Jahren fast nur von Künstlern und
Forschern besucht wurden, so vergeht nun kein Sonntag, der nicht
Hunderte von Wienern, zumeist Vereine und größere Gesellschaften
in ihre Berge und Thäler bringt. Namentlich ist es durch die
Einführung der Nachtfahrten von Seite der Donau=Dampf¬
schifffahrt=Gesellschaft Vielen, die durch ihre Stellung und ihren
Beruf die Woche hindurch an die Stadt gebunden sind,
möglich geworden, noch Samstag Abends eine Fahrt in die
Wachau anzutreten, die Nacht durch auf dem Schiffe zu schlafen
und des Morgens in herrlicher Gegend zu erwachen. Mit Tages¬
anbruch zeigen sich dem Auge das hochgelegene Wetterkreuz,</Unicode>
         </TextEquiv>
      </TextRegion>
      <TextRegion type="paragraph" id="r_20_5" custom="readingOrder {index:52;}">
         <Coords points="2275,3627 3333,3627 3333,5191 2275,5191"/>
         <TextLine id="tl_319"
                   primaryLanguage="German"
                   custom="readingOrder {index:0;}">
            <Coords points="2291,3628 3322,3628 3322,3712 2291,3712"/>
            <Baseline points="2287,3662 3322,3671"/>
            <TextEquiv>
               <Unicode>Hollenburg, bald darauf die Thürme und Mauern des alten</Unicode>
            </TextEquiv>
         </TextLine>
         <TextLine id="tl_320"
                   primaryLanguage="German"
                   custom="readingOrder {index:1;}">
            <Coords points="2320,3668 3317,3668 3317,3717 2320,3717"/>
            <Baseline points="2287,3700 3317,3709"/>
            <TextEquiv>
               <Unicode>Klosters Göttweig und der Städte Krems und Stein. An der</Unicode>
            </TextEquiv>
            <TextStyle fontFamily="Times New Roman" fontSize="6.5"/>
         </TextLine>
         <TextLine id="tl_321"
                   primaryLanguage="German"
                   custom="readingOrder {index:2;}">
            <Coords points="2290,3707 3321,3707 3321,3756 2290,3756"/>
            <Baseline points="2290,3740 3321,3750"/>
            <TextEquiv>
               <Unicode>alten, halbabgebrochenen, hölzernen und unter der neuen eisernen</Unicode>
            </TextEquiv>
            <TextStyle fontFamily="Times New Roman" fontSize="6.5"/>
         </TextLine>
         <TextLine id="tl_322"
                   primaryLanguage="German"
                   custom="readingOrder {index:3;}">
            <Coords points="2290,3746 3316,3746 3316,3794 2290,3794"/>
            <Baseline points="2290,3778 3012,3782 3325,3786"/>
            <TextEquiv>
               <Unicode>Brücke durch setzt man die Fahrt fort zwischen Weingärten, male¬</Unicode>
            </TextEquiv>
            <TextStyle fontFamily="Times New Roman" fontSize="6.5"/>
         </TextLine>
         <TextLine id="tl_323"
                   primaryLanguage="German"
                   custom="readingOrder {index:4;}">
            <Coords points="2289,3784 3319,3784 3319,3834 2289,3834"/>
            <Baseline points="2289,3816 2796,3820 3036,3820 3224,3823 3319,3827"/>
            <TextEquiv>
               <Unicode>rischen Felsformationen, alten burgähnlichen Gebäuden und</Unicode>
            </TextEquiv>
            <TextStyle fontFamily="Times New Roman" fontSize="6.5"/>
         </TextLine>
         <TextLine id="tl_324"
                   primaryLanguage="German"
                   custom="readingOrder {index:5;}">
            <Coords points="2289,3823 3321,3823 3321,3873 2289,3873"/>
            <Baseline points="2285,3856 2428,3856 2582,3858 2650,3855 2723,3857 2818,3857 2894,3858 3028,3859 3144,3862 3235,3859 3320,3861"/>
            <TextEquiv>
               <Unicode>gothischen Kirchlein auf der einen und üppigen Wald= und Feld¬</Unicode>
            </TextEquiv>
            <TextStyle fontFamily="Times New Roman" fontSize="6.5"/>
         </TextLine>
         <TextLine id="tl_325"
                   primaryLanguage="German"
                   custom="readingOrder {index:6;}">
            <Coords points="2288,3861 3318,3861 3318,3912 2288,3912"/>
            <Baseline points="2285,3897 2396,3897 2473,3895 2573,3896 2651,3896 2725,3896 2780,3897 2841,3897 3033,3898 3187,3900 3318,3900"/>
            <TextEquiv>
               <Unicode>partien, aus denen dort und da ein freundliches Dörfchen heraus¬</Unicode>
            </TextEquiv>
            <TextStyle fontFamily="Times New Roman" fontSize="6.5"/>
         </TextLine>
         <TextLine id="tl_326"
                   primaryLanguage="German"
                   custom="readingOrder {index:7;}">
            <Coords points="2288,3900 3317,3900 3317,3949 2288,3949"/>
            <Baseline points="2288,3932 2355,3934 2425,3934 2508,3934 2647,3934 2754,3936 2870,3935 3027,3937 3113,3939 3255,3940 3317,3943"/>
            <TextEquiv>
               <Unicode>ragt, auf der andern Seite. Bald erscheint zur Rechten die</Unicode>
            </TextEquiv>
            <TextStyle fontFamily="Times New Roman" fontSize="6.5"/>
         </TextLine>
         <TextLine id="tl_327"
                   primaryLanguage="German"
                   custom="readingOrder {index:8;}">
            <Coords points="2288,3939 3315,3939 3315,3986 2288,3986"/>
            <Baseline points="2286,3971 2410,3973 2488,3972 2654,3972 2823,3973 2936,3975 3135,3974 3241,3978 3315,3980"/>
            <TextEquiv>
               <Unicode>historisch und malerisch interessante Ruine Dürrenstein, dieses alte</Unicode>
            </TextEquiv>
            <TextStyle fontFamily="Times New Roman" fontSize="6.5"/>
         </TextLine>
         <TextLine id="tl_328"
                   primaryLanguage="German"
                   custom="readingOrder {index:9;}">
            <Coords points="2288,3977 3313,3977 3313,4026 2288,4026"/>
            <Baseline points="2288,4011 2425,4010 2488,4010 2679,4014 2766,4013 2969,4013 3138,4015 3209,4017 3313,4019"/>
            <TextEquiv>
               <Unicode>Raubnest der Kuenringer, das gleichnamige Städtchen mit seinen</Unicode>
            </TextEquiv>
            <TextStyle fontFamily="Times New Roman" fontSize="6.5"/>
         </TextLine>
         <TextLine id="tl_329"
                   primaryLanguage="German"
                   custom="readingOrder {index:10;}">
            <Coords points="2287,4015 3318,4015 3318,4065 2287,4065"/>
            <Baseline points="2287,4048 2445,4048 2666,4050 2753,4051 2835,4052 2918,4052 3045,4053 3143,4054 3318,4059"/>
            <TextEquiv>
               <Unicode>verfallenen Stadtmauern und den mit Ephen dicht umrankten</Unicode>
            </TextEquiv>
            <TextStyle fontFamily="Times New Roman" fontSize="6.5"/>
         </TextLine>
         <TextLine id="tl_330"
                   primaryLanguage="German"
                   custom="readingOrder {index:11;}">
            <Coords points="2288,4055 3314,4055 3314,4104 2288,4104"/>
            <Baseline points="2288,4088 2398,4087 2517,4088 2618,4090 2725,4090 2812,4090 2934,4091 3014,4091 3187,4094 3313,4094"/>
            <TextEquiv>
               <Unicode>Ruinen seiner alten Abtei, zur Linken das anmuthige Rossatz</Unicode>
            </TextEquiv>
            <TextStyle fontFamily="Times New Roman" fontSize="6.5"/>
         </TextLine>
         <TextLine id="tl_331"
                   primaryLanguage="German"
                   custom="readingOrder {index:12;}">
            <Coords points="2288,4094 3315,4094 3315,4143 2288,4143"/>
            <Baseline points="2288,4126 2379,4127 2456,4127 2580,4128 2696,4127 2906,4129 3065,4130 3182,4133 3316,4135"/>
            <TextEquiv>
               <Unicode>mitten im Grün üppig wuchernder Bäume. Das Schiff</Unicode>
            </TextEquiv>
            <TextStyle fontFamily="Times New Roman" fontSize="6.5"/>
         </TextLine>
         <TextLine id="tl_332"
                   primaryLanguage="German"
                   custom="readingOrder {index:13;}">
            <Coords points="2286,4133 3314,4133 3314,4182 2286,4182"/>
            <Baseline points="2279,4163 2353,4165 2431,4165 2521,4165 2649,4165 2732,4167 2811,4167 2938,4168 3099,4169 3314,4174"/>
            <TextEquiv>
               <Unicode>folgt nun dem Bogen, den die Donau oberhalb Dürrensteins</Unicode>
            </TextEquiv>
            <TextStyle fontFamily="Times New Roman" fontSize="6.5"/>
         </TextLine>
         <TextLine id="tl_333"
                   primaryLanguage="German"
                   custom="readingOrder {index:14;}">
            <Coords points="2287,4171 3312,4171 3312,4220 2287,4220"/>
            <Baseline points="2287,4202 2426,4203 2528,4205 2599,4205 2721,4205 2860,4206 3016,4208 3147,4209 3312,4212"/>
            <TextEquiv>
               <Unicode>beschreibt. Wie ein großer Bergsee zwischen grünen Wäldern</Unicode>
            </TextEquiv>
            <TextStyle fontFamily="Times New Roman" fontSize="6.5"/>
         </TextLine>
         <TextLine id="tl_334"
                   primaryLanguage="German"
                   custom="readingOrder {index:15;}">
            <Coords points="2287,4209 3314,4209 3314,4259 2287,4259"/>
            <Baseline points="2287,4242 2339,4243 2525,4243 2715,4244 2806,4245 2872,4245 2996,4246 3117,4247 3188,4249 3314,4251"/>
            <TextEquiv>
               <Unicode>und pittoresken Felspartien liegt au diesem Punkte die Donau</Unicode>
            </TextEquiv>
            <TextStyle fontFamily="Times New Roman" fontSize="6.5"/>
         </TextLine>
         <TextLine id="tl_335"
                   primaryLanguage="German"
                   custom="readingOrder {index:16;}">
            <Coords points="2286,4249 3315,4249 3315,4299 2286,4299"/>
            <Baseline points="2286,4281 2328,4283 2412,4284 2509,4282 2631,4282 2779,4284 2884,4286 2991,4285 3211,4288 3315,4290"/>
            <TextEquiv>
               <Unicode>da, auch gegen Westen scheinbar durch Berge abgeschlossen. Und</Unicode>
            </TextEquiv>
            <TextStyle fontFamily="Times New Roman" fontSize="6.5"/>
         </TextLine>
         <TextLine id="tl_336"
                   primaryLanguage="German"
                   custom="readingOrder {index:17;}">
            <Coords points="2285,4287 3332,4287 3332,4339 2285,4339"/>
            <Baseline points="2285,4320 2341,4320 2488,4321 2555,4321 2678,4322 2886,4323 3083,4326 3153,4326 3314,4325 3332,4322"/>
            <TextEquiv>
               <Unicode>nun beginnen zur Rechten ausgebreitete Rebgelände, auf terrassen¬</Unicode>
            </TextEquiv>
            <TextStyle fontFamily="Times New Roman" fontSize="6.5"/>
         </TextLine>
         <TextLine id="tl_337"
                   primaryLanguage="German"
                   custom="readingOrder {index:18;}">
            <Coords points="2285,4327 3311,4327 3311,4376 2285,4376"/>
            <Baseline points="2284,4358 2423,4359 2557,4360 2662,4360 2830,4361 3006,4364 3076,4364 3311,4367"/>
            <TextEquiv>
               <Unicode>förmigem felsigem Boden angelegt, abwechselnd mit überhängenden</Unicode>
            </TextEquiv>
            <TextStyle fontFamily="Times New Roman" fontSize="6.5"/>
         </TextLine>
         <TextLine id="tl_338"
                   primaryLanguage="German"
                   custom="readingOrder {index:19;}">
            <Coords points="2286,4365 3313,4365 3313,4414 2286,4414"/>
            <Baseline points="2286,4398 2553,4400 2607,4399 2708,4399 2778,4400 2849,4400 2987,4401 3032,4402 3133,4402 3313,4406"/>
            <TextEquiv>
               <Unicode>Steinformationen, in denen das von Malern so gerne aufgesuchte</Unicode>
            </TextEquiv>
            <TextStyle fontFamily="Times New Roman" fontSize="6.5"/>
         </TextLine>
         <TextLine id="tl_339"
                   primaryLanguage="German"
                   custom="readingOrder {index:20;}">
            <Coords points="2284,4404 3312,4404 3312,4451 2284,4451"/>
            <Baseline points="2284,4437 2491,4437 2561,4437 2663,4437 2755,4438 2908,4437 2984,4439 3084,4441 3246,4443 3312,4444"/>
            <TextEquiv>
               <Unicode>Weißenkirchen mit seinen alten Häusern, den engen Straßen, der</Unicode>
            </TextEquiv>
            <TextStyle fontFamily="Times New Roman" fontSize="6.5"/>
         </TextLine>
         <TextLine id="tl_340"
                   primaryLanguage="German"
                   custom="readingOrder {index:21;}">
            <Coords points="2284,4442 3310,4442 3310,4491 2284,4491"/>
            <Baseline points="2284,4475 2518,4476 2648,4476 2732,4476 2808,4476 2918,4479 2991,4478 3144,4483 3310,4483"/>
            <TextEquiv>
               <Unicode>mittelalterlichen Bauart und vor Allem der schönen, befestigten</Unicode>
            </TextEquiv>
            <TextStyle fontFamily="Times New Roman" fontSize="6.5"/>
         </TextLine>
         <TextLine id="tl_341"
                   primaryLanguage="German"
                   custom="readingOrder {index:22;}">
            <Coords points="2284,4481 3308,4481 3308,4530 2284,4530"/>
            <Baseline points="2284,4514 2740,4515 2954,4516 3060,4517 3308,4522"/>
            <TextEquiv>
               <Unicode>Kirche liegt; das freundliche Joching, das uralte Wesendorf und</Unicode>
            </TextEquiv>
            <TextStyle fontFamily="Times New Roman" fontSize="6.5"/>
         </TextLine>
         <TextLine id="tl_342"
                   primaryLanguage="German"
                   custom="readingOrder {index:23;}">
            <Coords points="2285,4520 3308,4520 3308,4566 2285,4566"/>
            <Baseline points="2285,4552 2334,4550 2476,4554 2547,4553 2659,4553 2839,4554 3141,4557 3221,4559 3308,4555"/>
            <TextEquiv>
               <Unicode>St. Michael mit seinem berühmten Beinhause, seinem wol acht¬</Unicode>
            </TextEquiv>
            <TextStyle fontFamily="Times New Roman" fontSize="6.5"/>
         </TextLine>
         <TextLine id="tl_343"
                   primaryLanguage="German"
                   custom="readingOrder {index:24;}">
            <Coords points="2283,4558 3310,4558 3310,4608 2283,4608"/>
            <Baseline points="2283,4590 2513,4591 2617,4591 2790,4594 2956,4594 3050,4595 3166,4597 3310,4599"/>
            <TextEquiv>
               <Unicode>hundertjährigen alten gothischen Kirchlein und seiner neueren</Unicode>
            </TextEquiv>
            <TextStyle fontFamily="Times New Roman" fontSize="6.5"/>
         </TextLine>
         <TextLine id="tl_344"
                   primaryLanguage="German"
                   custom="readingOrder {index:25;}">
            <Coords points="2282,4597 3308,4597 3308,4651 2282,4651"/>
            <Baseline points="2282,4630 2374,4630 2445,4630 2535,4630 3004,4634 3143,4635 3228,4636 3308,4639"/>
            <TextEquiv>
               <Unicode>Kirche mit dem merkwürdigen, unvollendeten Thurme und den</Unicode>
            </TextEquiv>
            <TextStyle fontFamily="Times New Roman" fontSize="6.5"/>
         </TextLine>
         <TextLine id="tl_345"
                   primaryLanguage="German"
                   custom="readingOrder {index:26;}">
            <Coords points="2282,4636 3307,4636 3307,4686 2282,4686"/>
            <Baseline points="2282,4669 2467,4669 2613,4670 2837,4670 2947,4672 3057,4673 3113,4674 3198,4674 3308,4677"/>
            <TextEquiv>
               <Unicode>Thierfiguren auf dem spitzwinkligen Dache treten an uns heran,</Unicode>
            </TextEquiv>
            <TextStyle fontFamily="Times New Roman" fontSize="6.5"/>
         </TextLine>
         <TextLine id="tl_346"
                   primaryLanguage="German"
                   custom="readingOrder {index:27;}">
            <Coords points="2281,4673 3309,4673 3309,4724 2281,4724"/>
            <Baseline points="2280,4705 3312,4715"/>
            <TextEquiv>
               <Unicode>und dem Auge zeigt sich ein weiter Bogen, in dem der Markt</Unicode>
            </TextEquiv>
            <TextStyle fontFamily="Times New Roman" fontSize="6.5"/>
         </TextLine>
         <TextLine id="tl_347"
                   primaryLanguage="German"
                   custom="readingOrder {index:28;}">
            <Coords points="2281,4705 3309,4705 3309,4761 2281,4761"/>
            <Baseline points="2281,4746 2358,4745 2450,4746 2552,4747 2620,4746 2727,4747 2810,4748 2921,4748 3115,4751 3221,4752 3309,4754"/>
            <TextEquiv>
               <Unicode>Spitz liegt, rund um einen mit Reben bepflanzten Berg, den</Unicode>
            </TextEquiv>
            <TextStyle fontFamily="Times New Roman" fontSize="6.5"/>
         </TextLine>
         <TextLine id="tl_348"
                   primaryLanguage="German"
                   custom="readingOrder {index:29;}">
            <Coords points="2282,4751 3308,4751 3308,4799 2282,4799"/>
            <Baseline points="2281,4787 2382,4786 2460,4784 2570,4784 2683,4787 2784,4786 2917,4788 2998,4789 3073,4788 3233,4787 3308,4789"/>
            <TextEquiv>
               <Unicode>„Tisch, der 1000 Eimer Wein trägt", wie der Volkswitz be¬</Unicode>
            </TextEquiv>
            <TextStyle fontFamily="Times New Roman" fontSize="6.5"/>
         </TextLine>
         <TextLine id="tl_349"
                   primaryLanguage="German"
                   custom="readingOrder {index:30;}">
            <Coords points="2281,4791 3307,4791 3307,4839 2281,4839"/>
            <Baseline points="2278,4821 2600,4824 2787,4826 2909,4826 3124,4827 3241,4830 3307,4828"/>
            <TextEquiv>
               <Unicode>hauptet, und seiner prächtigen Ruine Hinterhaus. Links er¬</Unicode>
            </TextEquiv>
            <TextStyle fontFamily="Times New Roman" fontSize="6.5"/>
         </TextLine>
         <TextLine id="tl_350"
                   primaryLanguage="German"
                   custom="readingOrder {index:31;}">
            <Coords points="2279,4829 3306,4829 3306,4878 2279,4878"/>
            <Baseline points="2276,4860 2800,4865 3231,4869 3306,4872"/>
            <TextEquiv>
               <Unicode>hebt sich das Schloß des Grafen Strachwitz, stromaufwärts der</Unicode>
            </TextEquiv>
            <TextStyle fontFamily="Times New Roman" fontSize="6.5"/>
         </TextLine>
         <TextLine id="tl_351"
                   primaryLanguage="German"
                   custom="readingOrder {index:32;}">
            <Coords points="2278,4868 3306,4868 3306,4918 2278,4918"/>
            <Baseline points="2278,4902 2430,4900 2519,4901 2652,4902 2768,4903 2855,4903 2925,4903 3000,4905 3139,4906 3306,4910"/>
            <TextEquiv>
               <Unicode>Jauerling, der höchste unter den an der Donau gelegenen</Unicode>
            </TextEquiv>
            <TextStyle fontFamily="Times New Roman" fontSize="6.5"/>
         </TextLine>
         <TextLine id="tl_352"
                   primaryLanguage="German"
                   custom="readingOrder {index:33;}">
            <Coords points="2279,4906 3304,4906 3304,4956 2279,4956"/>
            <Baseline points="2279,4939 2391,4938 2494,4940 2634,4940 2694,4941 2928,4941 3001,4944 3097,4944 3162,4944 3306,4948"/>
            <TextEquiv>
               <Unicode>Bergen. Wir erblicken die Teufelsmauer, ein Werk des Teufels,</Unicode>
            </TextEquiv>
            <TextStyle fontFamily="Times New Roman" fontSize="6.5"/>
         </TextLine>
         <TextLine id="tl_353"
                   primaryLanguage="German"
                   custom="readingOrder {index:34;}">
            <Coords points="2278,4945 3303,4945 3303,4994 2278,4994"/>
            <Baseline points="2278,4977 2353,4977 2423,4977 2487,4978 2585,4979 2727,4979 2858,4980 2981,4977 3052,4982 3125,4983 3303,4982"/>
            <TextEquiv>
               <Unicode>wenn wir der Sage Glauben schenken wollen, das alte Schwallen¬</Unicode>
            </TextEquiv>
            <TextStyle fontFamily="Times New Roman" fontSize="6.5"/>
         </TextLine>
         <TextLine id="tl_354"
                   primaryLanguage="German"
                   custom="readingOrder {index:35;}">
            <Coords points="2277,4984 3304,4984 3304,5032 2277,5032"/>
            <Baseline points="2277,5015 2796,5019 2929,5019 3017,5020 3303,5025"/>
            <TextEquiv>
               <Unicode>bach, die vielen „Arnsdorf" zur Rechten und Linken, zwischen</Unicode>
            </TextEquiv>
            <TextStyle fontFamily="Times New Roman" fontSize="6.5"/>
         </TextLine>
         <TextLine id="tl_355"
                   primaryLanguage="German"
                   custom="readingOrder {index:36;}">
            <Coords points="2277,5020 3300,5020 3300,5071 2277,5071"/>
            <Baseline points="2278,5054 2441,5054 2679,5057 2745,5056 3300,5065"/>
            <TextEquiv>
               <Unicode>Felsen und Mulden, und zur Linken die wie ein Fallennest an</Unicode>
            </TextEquiv>
            <TextStyle fontFamily="Times New Roman" fontSize="6.5"/>
         </TextLine>
         <TextLine id="tl_356"
                   primaryLanguage="German"
                   custom="readingOrder {index:37;}">
            <Coords points="2276,5062 3302,5062 3302,5111 2276,5111"/>
            <Baseline points="2277,5093 2349,5093 2537,5094 2675,5095 2802,5096 2927,5096 3102,5099 3189,5101 3302,5104"/>
            <TextEquiv>
               <Unicode>einen Felszacken geklebte schöne Ruine Aggstein, ein altes</Unicode>
            </TextEquiv>
            <TextStyle fontFamily="Times New Roman" fontSize="6.5"/>
         </TextLine>
         <TextLine id="tl_357"
                   primaryLanguage="German"
                   custom="readingOrder {index:38;}">
            <Coords points="2276,5094 3297,5094 3297,5151 2276,5151"/>
            <Baseline points="2276,5135 2418,5130 2538,5134 2616,5131 2736,5133 2805,5136 2904,5136 3076,5138 3149,5138 3296,5142"/>
            <TextEquiv>
               <Unicode>Ranbnest, dessen sich längst die Sage bemächtigt hat. Blutige</Unicode>
            </TextEquiv>
            <TextStyle fontFamily="Times New Roman" fontSize="6.5"/>
         </TextLine>
         <TextLine id="tl_358"
                   primaryLanguage="German"
                   custom="readingOrder {index:39;}">
            <Coords points="2277,5138 3300,5138 3300,5190 2277,5190"/>
            <Baseline points="2277,5174 3300,5183"/>
            <TextEquiv>
               <Unicode>Geschichten sind es, die sich das Volk von der alten Burg und</Unicode>
            </TextEquiv>
            <TextStyle fontFamily="Times New Roman" fontSize="6.5"/>
         </TextLine>
         <TextEquiv>
            <Unicode>Hollenburg, bald darauf die Thürme und Mauern des alten
Klosters Göttweig und der Städte Krems und Stein. An der
alten, halbabgebrochenen, hölzernen und unter der neuen eisernen
Brücke durch setzt man die Fahrt fort zwischen Weingärten, male¬
rischen Felsformationen, alten burgähnlichen Gebäuden und
gothischen Kirchlein auf der einen und üppigen Wald= und Feld¬
partien, aus denen dort und da ein freundliches Dörfchen heraus¬
ragt, auf der andern Seite. Bald erscheint zur Rechten die
historisch und malerisch interessante Ruine Dürrenstein, dieses alte
Raubnest der Kuenringer, das gleichnamige Städtchen mit seinen
verfallenen Stadtmauern und den mit Ephen dicht umrankten
Ruinen seiner alten Abtei, zur Linken das anmuthige Rossatz
mitten im Grün üppig wuchernder Bäume. Das Schiff
folgt nun dem Bogen, den die Donau oberhalb Dürrensteins
beschreibt. Wie ein großer Bergsee zwischen grünen Wäldern
und pittoresken Felspartien liegt au diesem Punkte die Donau
da, auch gegen Westen scheinbar durch Berge abgeschlossen. Und
nun beginnen zur Rechten ausgebreitete Rebgelände, auf terrassen¬
förmigem felsigem Boden angelegt, abwechselnd mit überhängenden
Steinformationen, in denen das von Malern so gerne aufgesuchte
Weißenkirchen mit seinen alten Häusern, den engen Straßen, der
mittelalterlichen Bauart und vor Allem der schönen, befestigten
Kirche liegt; das freundliche Joching, das uralte Wesendorf und
St. Michael mit seinem berühmten Beinhause, seinem wol acht¬
hundertjährigen alten gothischen Kirchlein und seiner neueren
Kirche mit dem merkwürdigen, unvollendeten Thurme und den
Thierfiguren auf dem spitzwinkligen Dache treten an uns heran,
und dem Auge zeigt sich ein weiter Bogen, in dem der Markt
Spitz liegt, rund um einen mit Reben bepflanzten Berg, den
„Tisch, der 1000 Eimer Wein trägt", wie der Volkswitz be¬
hauptet, und seiner prächtigen Ruine Hinterhaus. Links er¬
hebt sich das Schloß des Grafen Strachwitz, stromaufwärts der
Jauerling, der höchste unter den an der Donau gelegenen
Bergen. Wir erblicken die Teufelsmauer, ein Werk des Teufels,
wenn wir der Sage Glauben schenken wollen, das alte Schwallen¬
bach, die vielen „Arnsdorf" zur Rechten und Linken, zwischen
Felsen und Mulden, und zur Linken die wie ein Fallennest an
einen Felszacken geklebte schöne Ruine Aggstein, ein altes
Ranbnest, dessen sich längst die Sage bemächtigt hat. Blutige
Geschichten sind es, die sich das Volk von der alten Burg und</Unicode>
         </TextEquiv>
      </TextRegion>
      <SeparatorRegion id="r_22" custom="readingOrder {index:53;}">
         <Coords points="1596,0 2414,0 2414,11 1596,11"/>
      </SeparatorRegion>
      <SeparatorRegion id="r_23" custom="readingOrder {index:54;}">
         <Coords points="384,0 1362,0 1362,12 384,12"/>
      </SeparatorRegion>
      <SeparatorRegion id="r_24" custom="readingOrder {index:55;}">
         <Coords points="0,0 384,0 384,10 0,10"/>
      </SeparatorRegion>
      <SeparatorRegion id="r_25" custom="readingOrder {index:56;}">
         <Coords points="196,189 3366,189 3366,224 196,224"/>
      </SeparatorRegion>
      <SeparatorRegion id="r_26" custom="readingOrder {index:57;}">
         <Coords points="1624,568 1928,568 1928,579 1624,579"/>
      </SeparatorRegion>
      <SeparatorRegion id="r_27" custom="readingOrder {index:58;}">
         <Coords points="1611,972 1923,972 1923,983 1611,983"/>
      </SeparatorRegion>
      <SeparatorRegion id="r_28" custom="readingOrder {index:59;}">
         <Coords points="1609,1302 1917,1302 1917,1311 1609,1311"/>
      </SeparatorRegion>
      <SeparatorRegion id="r_29" custom="readingOrder {index:60;}">
         <Coords points="1263,1331 2265,1331 2265,1348 1263,1348"/>
      </SeparatorRegion>
      <SeparatorRegion id="r_30" custom="readingOrder {index:61;}">
         <Coords points="1279,1343 1635,1343 1635,1354 1279,1354"/>
      </SeparatorRegion>
      <SeparatorRegion id="r_31" custom="readingOrder {index:62;}">
         <Coords points="1275,1570 1635,1570 1635,1580 1275,1580"/>
      </SeparatorRegion>
      <SeparatorRegion id="r_32" custom="readingOrder {index:63;}">
         <Coords points="1603,1764 1911,1764 1911,1775 1603,1775"/>
      </SeparatorRegion>
      <SeparatorRegion id="r_33" custom="readingOrder {index:64;}">
         <Coords points="1603,1938 1911,1938 1911,1947 1603,1947"/>
      </SeparatorRegion>
      <SeparatorRegion id="r_34" custom="readingOrder {index:65;}">
         <Coords points="1243,1959 2271,1959 2271,1982 1243,1982"/>
      </SeparatorRegion>
      <SeparatorRegion id="r_35" custom="readingOrder {index:66;}">
         <Coords points="1239,2399 2257,2399 2257,2426 1239,2426"/>
      </SeparatorRegion>
      <SeparatorRegion id="r_36" custom="readingOrder {index:67;}">
         <Coords points="1603,2432 1891,2432 1891,2441 1603,2441"/>
      </SeparatorRegion>
      <SeparatorRegion id="r_37" custom="readingOrder {index:68;}">
         <Coords points="1591,2844 1897,2844 1897,2851 1591,2851"/>
      </SeparatorRegion>
      <SeparatorRegion id="r_38" custom="readingOrder {index:69;}">
         <Coords points="1232,3115 1726,3115 1726,3125 1232,3125"/>
      </SeparatorRegion>
      <SeparatorRegion id="r_39" custom="readingOrder {index:70;}">
         <Coords points="1762,3120 2254,3120 2254,3130 1762,3130"/>
      </SeparatorRegion>
      <SeparatorRegion id="r_40" custom="readingOrder {index:71;}">
         <Coords points="144,4348 1172,4348 1172,4368 144,4368"/>
      </SeparatorRegion>
      <TextRegion id="region_1548149286998_20" custom="readingOrder {index:72;}">
         <Coords points="116,4981 863,4981 863,5145 116,5145"/>
         <TextLine id="line_1548149310734_23" custom="readingOrder {index:0;}">
            <Coords points="127,4973 756,4986 756,5030 126,5023"/>
            <Baseline points="126,5018 752,5025"/>
            <TextEquiv>
               <Unicode>Mürzzuschlag und vorgelegenen Stationen</Unicode>
            </TextEquiv>
         </TextLine>
         <TextLine id="line_1548149313029_24" custom="readingOrder {index:1;}">
            <Coords points="128,5008 675,5022 677,5063 127,5058"/>
            <Baseline points="127,5053 672,5058"/>
            <TextEquiv>
               <Unicode>Langenwang=Mitterdorf einschließlich</Unicode>
            </TextEquiv>
         </TextLine>
         <TextLine id="line_1548149316160_25" custom="readingOrder {index:2;}">
            <Coords points="131,5042 720,5051 720,5097 130,5092"/>
            <Baseline points="130,5087 718,5094"/>
            <TextEquiv>
               <Unicode>Wartberg=Mürzthal=Leoben einschließlich</Unicode>
            </TextEquiv>
         </TextLine>
         <TextLine id="line_1548149318226_26" custom="readingOrder {index:3;}">
            <Coords points="127,5079 471,5092 468,5129 126,5129"/>
            <Baseline points="126,5124 458,5123"/>
            <TextEquiv>
               <Unicode>Donavitz=Vordernberg</Unicode>
            </TextEquiv>
         </TextLine>
         <TextEquiv>
            <Unicode>Mürzzuschlag und vorgelegenen Stationen
Langenwang=Mitterdorf einschließlich
Wartberg=Mürzthal=Leoben einschließlich
Donavitz=Vordernberg</Unicode>
         </TextEquiv>
      </TextRegion>
      <TextRegion id="region_1548149291375_22" custom="readingOrder {index:73;}">
         <Coords points="958,4996 1185,4996 1185,5155 958,5155"/>
         <TextLine id="line_1548217804934_4" custom="readingOrder {index:0;}">
            <Coords points="974,4985 1170,4987 1170,5037 974,5035"/>
            <Baseline points="974,5030 1170,5032"/>
            <TextEquiv>
               <Unicode>6.— 4.—</Unicode>
            </TextEquiv>
         </TextLine>
         <TextLine id="line_1548217807592_5" custom="readingOrder {index:1;}">
            <Coords points="973,5022 1172,5023 1172,5073 973,5072"/>
            <Baseline points="973,5067 1172,5068"/>
            <TextEquiv>
               <Unicode>7.50 5.—</Unicode>
            </TextEquiv>
         </TextLine>
         <TextLine id="line_1548217809540_6" custom="readingOrder {index:2;}">
            <Coords points="973,5056 1175,5056 1175,5106 973,5106"/>
            <Baseline points="973,5101 1175,5101"/>
            <TextEquiv>
               <Unicode>9.— 6.—</Unicode>
            </TextEquiv>
         </TextLine>
         <TextLine id="line_1548217811240_7" custom="readingOrder {index:3;}">
            <Coords points="961,5094 1171,5093 1171,5143 961,5144"/>
            <Baseline points="961,5139 1171,5138"/>
            <TextEquiv>
               <Unicode>10.50 7.—</Unicode>
            </TextEquiv>
         </TextLine>
         <TextEquiv>
            <Unicode>6.— 4.—
7.50 5.—
9.— 6.—
10.50 7.—</Unicode>
         </TextEquiv>
      </TextRegion>
      <TextRegion id="region_1548149288934_21" custom="readingOrder {index:74;}">
         <Coords points="863,5025 949,5025 949,5114 863,5114"/>
         <TextLine id="line_1548217798583_2" custom="readingOrder {index:0;}">
            <Coords points="877,5016 937,5017 936,5067 876,5066"/>
            <Baseline points="876,5061 936,5062"/>
            <TextEquiv>
               <Unicode>und</Unicode>
            </TextEquiv>
         </TextLine>
         <TextLine id="line_1548217799879_3" custom="readingOrder {index:1;}">
            <Coords points="858,5056 947,5052 949,5102 860,5106"/>
            <Baseline points="860,5101 949,5097"/>
            <TextEquiv>
               <Unicode>zurück</Unicode>
            </TextEquiv>
         </TextLine>
         <TextEquiv>
            <Unicode>und
zurück</Unicode>
         </TextEquiv>
      </TextRegion>
      <SeparatorRegion id="r_41" custom="readingOrder {index:75;}">
         <Coords points="501,5146 807,5146 807,5159 501,5159"/>
      </SeparatorRegion>
      <SeparatorRegion id="r_42" custom="readingOrder {index:76;}">
         <Coords points="0,0 24,0 24,5345 0,5345"/>
      </SeparatorRegion>
      <SeparatorRegion id="r_43" custom="readingOrder {index:77;}">
         <Coords points="1183,245 1246,245 1246,5164 1183,5164"/>
      </SeparatorRegion>
      <SeparatorRegion id="r_44" custom="readingOrder {index:78;}">
         <Coords points="1257,1337 1265,1337 1265,1731 1257,1731"/>
      </SeparatorRegion>
      <SeparatorRegion id="r_45" custom="readingOrder {index:79;}">
         <Coords points="1275,1345 1283,1345 1283,1573 1275,1573"/>
      </SeparatorRegion>
      <SeparatorRegion id="r_46" custom="readingOrder {index:80;}">
         <Coords points="1627,1346 1637,1346 1637,1580 1627,1580"/>
      </SeparatorRegion>
      <SeparatorRegion id="r_47" custom="readingOrder {index:81;}">
         <Coords points="2257,1326 2267,1326 2267,1752 2257,1752"/>
      </SeparatorRegion>
      <SeparatorRegion id="r_48" custom="readingOrder {index:82;}">
         <Coords points="2249,1479 2300,1479 2300,5178 2249,5178"/>
      </SeparatorRegion>
      <SeparatorRegion id="r_49" custom="readingOrder {index:83;}">
         <Coords points="2296,247 2318,247 2318,1479 2296,1479"/>
      </SeparatorRegion>
      <SeparatorRegion id="r_50" custom="readingOrder {index:84;}">
         <Coords points="3453,0 3488,0 3488,4052 3453,4052"/>
      </SeparatorRegion>
      <SeparatorRegion id="r_51" custom="readingOrder {index:85;}">
         <Coords points="3443,4052 3488,4052 3488,5345 3443,5345"/>
      </SeparatorRegion>
   </Page>
</PcGts>
