1536 2288
695 0 794 31 1335
524 74 965 131 Verschiedenes.
280 133 1198 174 Thermometerstand am Innrain um 7 Uhr Morgens 9 Grad Wärme.
154 172 1416 235 Heute Samstag Gesellschaftsabend. — Morgen Sonntag
73 225 1415 289 Abends 8 Uhr Schlußfeier des Kaiserschießens auf dem Landes¬
73 281 1418 344 hauptschießstande Innsbruck bei festlicher Beleuchtung nebst
74 338 463 407 Musikproduktion.
521 407 1415 460 Heute Nachmittags bei günstiger Witterung Gesell¬
523 457 748 500 schaftsschießen.
64 439 494 492 Berg=Isel.
155 519 1419 581 Morgen, den 3. Juli um 4 Uhr Nachmittags Kassaschluß
74 574 838 628 im Gerichtsschießstande in Wilten.
157 626 1416 681 Der Stadtmagistrat Innsbruck erläßt unterm 27. v. Mts. folgende Kund¬
76 674 1420 732 machung : In Folge hoher k. k. Statthalterei=Kundmachung vom 31. Mai d. Is.
76 722 1422 780 Z 13097 wird hiemit bekannt gemacht, daß die Assentirung Derjenigen, welche
76 771 1421 829 beabsichtigen, als Freiwillige in mexikanische Militärdienste einzutreten, am 15. Juli
77 819 1420 875 d. Is. beginnt, und es haben sich die aus dem Civilstande Eintretenden mit dem
76 866 1420 925 Zeugnisse, daß sie ihrer österreichischen Militärpflicht vollkommen Genüge geleistet
78 913 1421 971 haben oder derselben nicht mehr unterliegen, dann ob sie ledig oder kinderlose
78 961 1421 1018 Witwer sind, und welcher Religion sie angehören, die Reservemänner aber mit der
78 1008 1422 1064 Reservekarte und die bereits verabschiedeten Leute mit ihrem Abschiede bei dem k. k.
78 1055 1421 1114 Kaiserjäger=Regiments=Ergänzungsbezirks=Kommando hier zur Affentirung zu melden.
159 1103 1424 1159 Das k k. Finanzministerium hat den hierländigen provisorischen Finanzwach=
79 1150 1424 1208 Kommissär dritter Klasse, Karl v. Payr zum provisorischen Finanzwach=Kommissär
79 1199 1425 1257 zweiter Klasse und den Finanzwach=Oberrespizienten Jeseph Treitner zum hier¬
79 1249 1218 1306 ländigen provisorischen Finanzwach=Kommissär dritter Klasse befördert.
161 1294 1427 1350 In Mals wurde eine k. k. Telegraphenstation mit beschränktem Tagesdienst
82 1357 271 1402 eröffnet. —
163 1390 1430 1445 Wien, 30. Juni. Der in Karlsbad Montag Nachmittags verschiedene un¬
81 1438 1430 1498 angestellte FML. Fürst Eduard Liechtenstein, ein Oheim des jetzt regierenden
80 1484 1432 1542 Fürsten, war am 22. Februar 1809 geboren und seit 15. Oktober 1839 mit einer
82 1532 1432 1590 Gräfin Choloniewska vermählt. Er hinterläßt einen Sohn, den Prinzen Alois,
80 1578 1432 1636 der bei der Garde=Gendarmerie dient. — Zu den interessantesten Schießproben,
82 1626 1433 1685 welche in der letzten Zeit auf dem Steinfelde bei Neustadt stattfinden, gehören
82 1674 1433 1733 jene, welche am 1. Juli in den Vormittagsstunden in Gegenwart Sr. Majestät
83 1721 1434 1780 des Kaisers stattfinden sollen. Es werden hiebei Kanonen des größten Kalibers,
82 1770 1435 1829 welche überhaupt je in österreichischen Stückgießereien gegossen, und die in jüngster
84 1817 1434 1877 Zeit im k. k. Arsenale angefertigt wurden, vorgenommen. Diese Kanone ist ein
83 1864 1435 1925 gezogener 84 Pfünder, aus dem kegelförmige Stahlkugeln von 100 Pfd. geschossen
86 1912 1437 1972 werden. In militärischen Kreisen sieht man diesen Proben mit großer Spannung
86 1978 295 2018 entgegen. —
167 2007 1438 2065 Der Magistrat von Wien hat an sämmtliche Hauseigenthümer folgende Ver¬
83 2055 1434 2114 ordnung erlassen: Weder bei Tag noch zur Nachtzeit darf aus den Fenstern, von
83 2103 1429 2164 Erkern oder sonst von oben herab Etwas gegossen oder geworfen werden, wodurch
