3598 5367
270 210 711 241 Redaktion, Adminiſtration
272 243 708 281 und Inſeraten⸗Aufnahme:
273 287 716 329 V. Wienstrasse Nr. 89A,
757 638 2871 700 Arbeiter⸗Zeitung
308 362 678 399 Stadt⸗Expedition und
336 398 649 433 Kleiner Anzeiger:
272 441 708 482 l. Schulerstrasse Nr. 13.
414 518 575 546 Telephone:
272 545 403 575 Redaktion
273 574 452 604 Adminiſtration
273 600 517 630 Inſeraten⸗Aufnahme
274 628 640 657 Stadtexpeditu.Kleiner Anzeiger
273 655 640 683 Filiale II
640 549 710 575 880
640 576 710 604 900
640 603 710 630 900
640 628 710 657 9191
640 655 711 683 16255
307 680 390 705 „ X
307 707 430 731 „ XIV
307 733 436 760 „ XVI
307 758 436 786 „ XVII
627 680 711 705 10468
627 707 710 731 4942
627 733 710 760 O. 317
627 758 710 786 22421
346 804 639 831 Telegramm⸗Adreſſe:
362 838 624 866 Arbeiterzeitung Wien.
272 872 709 902 Poſtſparkaſſen⸗Scheckkonto Nr.19.210.
316 927 668 953 Inſerate übernehmen auch:
273 952 707 980 E. Braun, J. Danneberg, M. Dukes,
272 977 707 1005 Haaſenſtein & Vogler, R. Moſſe,
273 1003 709 1028 Rafael & Witžek und H. Schalek in
274 1029 709 1056 Wien ſowie alle Inſeraten⸗Bureaux
344 1056 636 1082 des In⸗ und Auslandes.
1557 209 2075 299 Morgenblatt.
895 807 2730 899 Zentralorgan der öſterreichiſchen Sozialdemokratie.
770 992 2858 1050 ⸗ Erſcheint täglich um 6 Uhr Morgens, Montag um 2 Uhr Nachmittags. ⸗
2939 205 3327 233 Abonnementsbedingungen:
3088 239 3180 261 Wien:
2978 274 3293 301 Mit Zuſtellung ins Haus:
3002 309 3261 336 Wöchentlich 50 h,
2917 335 3351 362 monatl.K2.20, vierteljähr.K 6.60.
2916 370 3352 397 Zum Abholen in den Filialen, in allen
2915 395 3351 422 Tabak⸗Trafiken und Verſchleißſtellen:
3018 422 3247 449 monatlich K 2.20.
2916 467 3349 501 Einzelne Exemplare 8 Heller.
2974 516 3358 547 Provinz und Ungarn:
2915 553 3349 581 Monatl.K 2.60. vierteljähr. K 7.80
2915 578 3348 609 bei freier Zuſtellung durch die Poſt.
2915 614 3348 643 Deutſchland: Vierteljähr. K9.60.
2914 650 3349 677 Für alle anderen dem Weltpoſtverein
2913 674 3347 704 angehör. Länder: Viertelj. K 11.50.
2913 710 3348 738 Abonnements werden angenommen
2911 736 3348 763 in der Adminiſtration, V. Wien⸗
2911 761 3347 790 ſtraße 89 A, und in den Filialen:
2949 795 3348 824 I. Schulerſtraße 13, Telephon 9191,
2935 823 3347 850 II. Vereinsgaſſe 20, Telephon 16255,
2942 847 3351 876 X. Wielandplatz 5, Teleph. 10468,
2908 873 3345 902 XIV. Schweglerſtr. 11/13,Teleph.4942
2909 899 3347 927 XVI. Klausgaſſe 34, Telephon O. 317,
2909 923 3347 952 XVII. Lacknergaſſe 22, Teleph. 22421.
2909 960 3348 986 Für die an fremde Austräger oder
2909 984 3347 1014 Verſchleißer bezahlten Beträge leiſten
3007 1011 3243 1034 wir keine Garantie.
2908 1050 3346 1079 Offene Reklamationen ſind portofrei.
335 1125 577 1187 Nr. 178.
1361 1127 2243 1195 Wien, Samstag, 1. Juli 1911.
2813 1123 3285 1191 XXIII. Jahrgang.
505 1245 1041 1307 Eine Statistenrolle.
958 1330 1231 1365 Wien, 30. Juni.
368 1372 1265 1417 In allen Nekrologen dasſelbe und gleiche Lob
266 1415 1266 1460 über Bienerth: er wäre das Muſterbild der ſach⸗
265 1460 1267 1506 gemäßen Verwaltung geweſen. Und nun regnet
265 1502 1265 1546 es von lobenden Worten: unbefangene, objektive,
263 1546 1266 1589 unparteiiſche Verwaltung; kurz, es muß wohl
264 1588 1265 1632 etwas ſein, was vor Bienerth noch nie
262 1631 1266 1675 da war und wovon befürchtet wird, daß es mit
261 1675 1263 1718 ihm in die Grube fällt. Was mag es nun ſein,
263 1718 1263 1760 was Herrn v. Bienerth dieſes wunderſame Lob be⸗
263 1760 1264 1805 ſchert hat und was nach ſeinem Scheiden ſo viele
264 1803 1264 1846 Bewunderer findet? Ein Uebermaß des Lobes, wie wir
266 1846 1262 1890 es hier wahrnehmen — denn wie Bienerth iſt noch
263 1889 1262 1933 kein öſterreichiſcher Miniſterpräſident bewundert und
263 1931 1263 1976 gelobt worden —, heiſcht geradezu eine Erklärung,
263 1976 1263 2019 denn ausſchließlich bezahltes Lob — obwohl es unter
262 2020 1261 2062 Bienerth daran nicht gefehlt hat — wird die verzückte
262 2062 1201 2107 Bewunderung für Bienerth doch nicht ſein können.
366 2106 1262 2150 Denn das Lob über die Bienerthſche Verwaltung
261 2149 1262 2192 iſt wirklich ein Phänomen — dieſe Verwaltung war
261 2192 1262 2236 nämlich grundſchlecht. Das ſagen nicht nur wir, das
261 2235 1262 2278 ſagen vor allem Bienerths Bewun⸗
264 2276 1262 2321 derer. Es gibt kein Reſſort, wovon zum
261 2321 1262 2364 Beiſpiel das oberſte der Bienerth-Blätter nicht bloß
261 2364 1263 2407 manchmal, von dem es nicht immer verſichert hätte,
261 2408 1263 2450 daß es von Grund aus ſchlecht geleitet, daß es un⸗
265 2450 1262 2493 zulänglich und unſachgemäß verwaltet wird; bei den
266 2493 1262 2536 meiſten hat es auch gar nicht ſelten offene
266 2536 1260 2580 Korruption feſtgeſtellt. Wird die „N. Fr. Pr.“
266 2579 1261 2623 etwa behaupten wollen, daß das Handels⸗
265 2622 1263 2667 portefeuille unter Bienerth. gut verwaltet worden iſt:
261 2664 1259 2708 hat ſie nicht im Gegenteil ohne Unterlaß
262 2708 1261 2751 und in den ſtärkſten Tönen verſichert, daß man
262 2751 1261 2794 mit ihm elendübel daran war? Erinnern wir
263 2794 1261 2838 uns an die böſeſten der Verſäumniſſe: an den
264 2837 1259 2881 mangelhaften Schutz der ſtädtiſchen Intereſſen,
264 2880 1260 2924 an die Preisgebung der Induſtrieintereſſen bei dem
263 2924 1260 2967 Handelsvertrag mit Serbien, an die Geheimverträge
263 2967 1259 3010 mit Ungarn, was alles der betreffenden Verwaltung
263 3010 1259 3054 doch ſicherlich nicht zum Ruhme gereicht. Ueber die
264 3053 1260 3096 Schifffahrtsverträge, die die Regierung Bienerth ab⸗
262 3096 1259 3140 geſchloſſen hat, macht Herr Steinwender Bemerkungen, die
262 3139 1259 3181 von denen über weiland den Handelsminiſter Pino
262 3182 1259 3225 nicht allzu ſehr abweichen. Oder wird der exaltierte
261 3225 1259 3268 Lobklatſcher, der zweimal im Tage die unbefangene
259 3268 1259 3312 Verwaltung der Regierung Bienerth lobt,
259 3312 1261 3355 etwa der Verwaltung des Handelsreſſorts unter
258 3355 1260 3400 Bienerth auch nur in ihrer Eigenſchaft als
581 3463 935 3533 Feuilleton.
333 3567 1193 3629 Satanismus bis in unſere Zeit.
600 3646 916 3680 Von Karl v. Kohl.
361 3696 1261 3733 Leider iſt in unſerer Zeit der Aberglaube nicht erloſchen.
258 3740 1262 3776 Wie viele gibt es, die wie Madame de Staël auf die Frage,
258 3783 1263 3819 ob ſie an Geiſter glauben, antworten würden: „Nein, ich glaube
257 3826 1263 3863 nicht an ſie, aber ich fürchte mich vor ihnen.“ Wie viele rühmen
257 3869 1262 3907 ſich, nicht abergläubiſch zu ſein, und klopfen dennoch unter den
256 3913 1263 3952 Tiſch oder ſagen „unberufen“, um Unheil abzuwenden, oder
256 3956 1264 3998 ſchrecken vor der Zahl 13 zurück I Aberglaube wuchert überall,
257 4002 1264 4041 und von Aberglaube und Geiſtesfurcht bis zum Glauben an
260 4043 1265 4083 Zauberkunſt und teufliſche Magie iſt kein ſo weiter Schritt, wie
262 4087 1266 4122 es zu ſein ſcheint. Denn ſonſt würde der Satanskult kaum ge⸗
262 4128 1264 4165 deihen können, und — das tut er. Und er iſt uns ſogar viel
262 4172 653 4209 näher, als wir es ahnen.
363 4214 1264 4250 In der finſteren Zeit des Mittelalters, dieſem Pandämion
260 4257 1264 4293 von Peſt, Hungersnot, Ueberſchwemmung, Erdbeben, Krieg,
259 4301 1264 4337 Maſſenmorden und furchtbaren Krankheiten, entſtand der
260 4343 1265 4379 Satanismus — der Teufelsſabbat. Die ſchwarze Meſſe entwickelte
261 4386 1266 4424 ſich in den grauſamen Tagen des Bauernaufruhrs, als die Not⸗
259 4431 1266 4467 leidenden aus ihrer Verzweiflung folgerten, daß der Gott der
261 4475 1266 4511 Liebe, an den zu glauben man ſie gelehrt halte, nur der Gott
262 4517 1265 4555 der Reichen, Mächtigen, der Könige, Heerführer und Geiſtlichen
261 4561 1266 4599 wäre, während ſie ſelbſt ſeine verfolgten, gepeinigten, ver⸗
262 4603 1266 4642 ratenen Stiefkinder waren. Was Wunder, daß die geknechtete
264 4647 1266 4694 Armut zu dem Feinde Gottes überging, zu ihm, der gleich
264 4693 1086 4742 ihnen verdammt und ausgeſtoßen war, dem Satan!
368 4736 1268 4785 Draußen in den ungeheuren öden Wäldern, auf dunkler
267 4783 1270 4834 ferner Heide, in finſteren unfruchtbaren Klippenhöhlen ver⸗
269 4823 1269 4876 ſammelten ſich die armen Schelme zum Feſte des Fleiſches. Des
269 4864 1271 4918 Nachts genoſſen ſie die Freiheit und träumten den Traum der
270 4909 1272 4964 großen Brüderſchaft, die der Tag ihnen verſagte. Beim roten
270 4951 1272 5008 Scheine der Fackeln, im blauen Lichte des Mondes begann der
270 4999 1275 5053 Rundtanz des Sabbats, Rücken an Rücken, wilder, immer
271 5040 1276 5098 wilder, im Rhythmus obſzöner Schmählieder auf Gott und die
271 5088 1277 5141 Mächtigen. Männer und Frauen fühlten ſich als ein einziger,
1310 1239 2309 1284 Inſtanzenzug oder in ihrer Tätigkeit der Anſtellung
1310 1282 2310 1327 und Vorrückung der Beamten eine beſondere und geſchärfte
1310 1325 2310 1370 Rechtlichkeit zuerkennen wollen? Er wird ſich hüten!
1311 1368 2310 1413 Wo aber finden wir dieſe Muſterverwaltung, die das
1309 1410 2310 1456 Bienerthſche Regieren kennzeichnen ſoll, denn ſonſt? Iſt
1311 1454 2310 1498 es vielleicht die Tätigkeit Stürgkhs, die Art, in der
1312 1496 2309 1542 das Unterrichtsminiſterium verwaltet wird, die zu dem
1315 1540 2309 1584 ſchwärmeriſchen Rühmen verführt? Aber wir ſehen
1315 1582 2308 1628 doch dieſelben Leute, die Bienerths Verwaltung
1309 1626 2308 1670 ſo loben, über die Verwaltung des Unter⸗
1308 1668 2307 1713 richtes unter Bienerth heftig raiſonnieren! Oder
1308 1711 2306 1756 ſoll es die große Stütze der Bienerthſchen
1309 1754 2307 1799 Regierung, ſoll es vielleicht der Herr v. Bilinski
1309 1797 2306 1841 geweſen ſein, der vorbildlich gewirtſchaftet hat?
1307 1839 2305 1885 Aber wir haben doch an derſelben Stelle, an
1308 1882 2304 1927 der Bienerth jeden Tag zweimal verhimmelt wird,
1307 1925 2306 1970 Bilinski faſt ebenſo oft verdonnert getroffen, ſelbſt die An⸗
1306 1968 2305 2015 klage (wegen der finanziellen Beihilfe für die Stapinski⸗
1305 2011 2306 2058 Bank) auf unverhüllte Korruption gefunden. Oder ſoll
1309 2054 2306 2100 die ſachliche Verwaltung Bienerths durch die Berufung
1311 2097 2306 2144 des polniſchen Dilettanten zur Leitung des aller⸗
1308 2140 2307 2186 ſchwierigſten Eiſenbahnminiſteriums erhärtet worden
1310 2184 2306 2228 ſein? Oder ſoll dieſe beſondere Verwaltungskunſt in
1307 2228 2306 2272 den Herren Ritt und Marek verkörpert er⸗
1306 2270 2308 2315 ſcheinen? Und die rückhaltloſeſte Verurteilung —
1306 2313 2308 2359 wohlgemerkt, die da Bienerth⸗Bewunderer! —
1310 2355 2307 2401 iſt auch dem eigentlichen Verwaltungsminiſter nicht
1304 2399 2306 2444 erſpart geblieben; die da Bienerths Verwaltung am
1306 2441 2307 2486 meiſten bewundern, haben gleichzeitig Herrn v. Haerdtl
1307 2484 2306 2530 am grimmigſten verurteilt. Nun beachte man die
1305 2524 2305 2575 wahrhaft groteske Erſcheinung: auf der einen Seite
1305 2570 2305 2616 wird Herr v. Bienerth geprieſen, daß er eine
1312 2612 2304 2658 treffliche, jedem Tadel entrückte, das glühendſte Lob
1305 2655 2306 2701 verdienende Verwaltung inauguriert habe, und auf
1308 2697 2304 2742 der anderen Seite wird dieſe Verwaltung
1304 2739 2306 2791 in allen ihren Aeußerungen als die denk⸗
1304 2784 2304 2830 bar ſchlechteſte hingeſtellt! Die Regierung
1302 2827 2305 2873 Bienerth ſei ein Prachtexemplar der korrekten
1304 2870 2303 2916 Verwaltung; aber alle Miniſter, die Bienerth je
1304 2913 2303 2959 gehabt, waren elende Stümper und ihr Verwalten
1308 2956 2304 3001 unter der Kanone! Wohlgemerkt: das ſagen nicht etwa
1303 2998 2304 3045 bloß wir; den Tadel ſprechen auch aus, die auch loben!
1405 3050 2304 3094 Das Lob Bienerths iſt alſo wirklich und wahr⸗
1303 3091 2303 3140 haftig ein Phänomen. Selbſt hat Herr v. Bienerth
1304 3134 2305 3182 gar nichts verwaltet; er hat bekanntlich überhaupt kein
1309 3176 2304 3225 Reſſort verſehen. Wie aber in den Reſſorts gewirt⸗
1307 3223 2305 3268 ſchaftet wird, geht ihn nichts an. Zwar war
1308 3263 2305 3311 er Miniſterpräſident, alſo eigentlich für alles
1305 3309 2305 3353 verantwortlich, was von ſeiner Regierung ausge⸗
1306 3349 2305 3398 gangen iſt. Aber Bienerth geht es nichts an, wie
1306 3436 2304 3477 großer, wunder, genußlechzender Organismus. Sie waren nicht
1304 3481 2304 3521 länger Menſchen mehr, in dem wilden Tanze, dem Orgiasmus
1305 3524 2303 3564 der entfeſſelten Inſtinkte loderten zugleich mit dem
1305 3567 2304 3606 Delirium des Schmerzes der Blutdurſt und die Wolluſt
1307 3611 2306 3651 auf. Und wenn der Wahnwitz ſeine Höhe erreicht
1306 3655 2305 3693 hatte, der Sabbat ſeine Kulmination, glaubte man
1306 3699 2306 3737 ihn erſcheinen zu ſehen, den man beſchworen hatte, den ver⸗
1306 3741 2305 3780 kannten Segner der Menſchheit — Satan! Sein Gottesdienſt,
1306 3784 2305 3823 die ſchwarze Meſſe, beginnt, dieſe Parodie auf die heiligſte
1305 3827 2306 3867 Handlung der katholiſchen Kirche: man verleugnet die Taufe,
1305 3871 2306 3910 verhöhnt das Kreuz, küßt das Bockshaupt und empfängt die
1307 3914 2305 3952 Sakramente der Hölle, wobei eine Frau die Sabbatkönigin,
1306 3958 2306 3997 Altar und Hoſtie zugleich iſt. Und der Satan drückt ſeinen Ge⸗
1306 4003 2306 4040 treuen ſein geheimes Teufelszeichen auf. Auf ſein Geheiß ver⸗
1307 4046 2306 4083 löſchen die Fackeln, verhüllt der Mond ſich hinter dunklen
1306 4088 2305 4124 Wolken, und nun beginnt eine Orgie, die ſich auch nicht näher
1307 4130 2306 4167 andeuten läßt. Aber beim erſten Hahnenſchrei, wenn der
1305 4174 2305 4210 Himmelsrand ſich lichtet, verblaſſen die Geſichte. Satan ver⸗
1306 4217 2306 4253 ſchwindet unter Qualm und Schwefelgeruch, von fern läutet ein
1307 4259 2305 4297 Kloſterglöckchen zur Frühmeſſe und kälteſchauernd flüchten die
1309 4303 2225 4340 Sabbatgäſte nach allen Seiten — der Sabbat iſt zu Ende.
1410 4345 2306 4382 Dem tragiſchen Mittelalter folgte die lüſterne Renaiſſance.
1309 4387 2307 4425 Die ſchwarze Meſſe iſt nicht länger das dunkle Leidensfeſt der
1309 4432 2307 4469 verzweifelten Armut, ſondern ein Stelldichein der depravierten
1309 4475 2308 4511 Geſellſchaft, die in der Myſtik des Satanismus
1307 4518 2308 4555 ſadiſtiſche Befriedigung ſucht. Der Satanismus
1308 4560 2308 4595 wird Modeſache. Unter Ludwig XIV. wird die ſchwarze Meſſe
1308 4602 2307 4640 populär und Europas vornehmſte Namen kompromittieren ſich
1309 4645 2307 4681 mit Satansmeſſen, Kindermorden, Ritualmorden. Der be⸗
1310 4688 2306 4726 rüchtigte Marquis de Sade war ein fanatiſcher Sataniſt. Immer
1312 4727 2305 4771 wieder tauchen aus ſeinen Büchern die Greuel der ſchwarzen
1312 4776 2305 4813 Meſſe auf. Mit der franzöſiſchen Revolution jedoch kam eine
1313 4818 2306 4857 Zeit, die in ihrer Größe viel zu tragiſch, in ihrer bluttriefenden
1316 4860 2305 4898 Energie viel zu brutal war, um dem Wahnwitz des Satanismus
1316 4902 2306 4939 Raum zu laſſen. Trotzdem war der Satanismus nur ſcheinbar
1319 4944 2305 4984 erloſchen. Er hatte ſeine Wurzel viel zu tief im Leben —
1321 4988 2302 5028 die ſchwarze Meſſe erſtand von neuem. Der Glaube an
1320 5032 2300 5075 ſie und an die teufliſche Magie iſt auch in unſerer
1322 5075 2298 5115 Zeit nicht verſchwunden. Mir ſelbſt iſt es widerfahren.
2354 1232 3351 1280 Weiskirchner, wie Bilinski, wie Stürgkh, wie Haerdtl
2354 1278 3346 1324 wirtſchaften; ihre Mißverwaltung belaſtet ihn nicht.
2354 1318 3347 1367 Die zahlloſen Schweinereien, die unter ſeiner Re⸗
2354 1364 3350 1411 gierung begangen wurden, die Skandalaffairen, von
2354 1408 3349 1453 denen es nur gewimmelt hat, die Protektionswirtſchaft,
2353 1450 3349 1497 die während- ſeines Regierens aufgekommen iſt, die
2353 1493 3348 1540 Unfähigkeit, die überall gewaltet hat, alles das geht
2353 1537 3367 1582 nicht auf ſein Konto. In der ganzen Welt verſteht
2353 1577 3368 1624 man unter Verwaltung die Summe der Be⸗
2352 1616 3367 1675 ziehungen zwiſchen Staat und Bürgern, verſteht alſo
2353 1665 3350 1710 darunter das, was in den verſchiedenen Reſſortminiſterien
2353 1708 3349 1753 konzentriert iſt. So hat man es vor Bienerth auch in Oeſter⸗
2351 1751 3349 1797 reich verſtanden, und früher wäre es wohl nicht möglich
2352 1795 3350 1840 geweſen, daß man in demſelben Atem die „Ver⸗
2352 1836 3351 1882 waltung“ als muſterbildlich preiſt und das Verwalten
2350 1881 3350 1925 jedes Miniſters als ſkandalös bezeichnet, die „Verwaltung“
2350 1923 3352 1968 in den Himmel hebt und das Verwalten als erzſchlecht
2350 1967 3351 2011 hinſtellt! Es wäre auch nicht möglich geweſen, daß
2351 2010 3352 2054 man einesteils den Miniſterpräſidenten, der die
2350 2053 3350 2099 Reſſortminiſter auswählt und beſtellt, über den
2351 2097 3349 2140 grünen Klee lobt, dieſe Reſſortminiſter aber als
2350 2140 3351 2184 Ausbund von Schlechtigkeit ablehnt: weil doch für
2351 2182 3350 2227 die Auswahl der Reſſortminiſter und für ihre
2351 2225 3350 2271 Gebarung nach allen Regeln der Logik der Miniſter⸗
2349 2268 3349 2313 präſident verantwortlich iſt. Wir nähern uns alſo all⸗
2350 2304 3348 2356 mählich dem Verſtändnis des Wunders Bienerth: die ihn
2350 2355 3349 2398 in den Himmel heben, meinen dabei gleichzeitig, daß er
2350 2397 3349 2441 die große Null in „ſeiner“ Regierung war. Das iſt näm⸗
2349 2438 3348 2484 lich für die Bewunderung die — Prämiſſe. Weshalb
2351 2482 3349 2526 auch der, der Bienerth für die Verwaltung ſeiner Re⸗
2350 2526 3349 2569 gierung verantwortlich machen wollte, alſo ihn etwa mit
2349 2568 3348 2611 den Steuerplänen Bilinskis, der Unfähigkeit Ritts, der
2348 2611 3348 2656 Mißwirtſchaft Weiskirchners, mit Haerdtls ſtumpfem
2349 2646 3348 2697 Sinn, Stürgkhs reaktionären Untaten, alſo mit dem
2349 2697 3350 2740 wirklichen Verwalten unter ſeiner
2349 2737 3349 2783 Regierung belaſten wollte, als ein Kritiker von be⸗
2348 2774 3349 2828 ſonderer Böswilligkeit denunziert ward. Der Schluß war
2349 2826 3349 2870 dabei der, daß man doch wiſſen müſſe, daß Herr
2348 2868 3348 2913 v. Bienerth auf die Tätigkeit ſeiner Regierung ſo gut
2350 2913 3347 2956 wie keinen Einfluß habe, von den Dingen nichts ver⸗
2348 2952 3347 2999 ſtehe, ſich um ſie nicht kümmere, eben kein Miniſter⸗
2347 2995 3347 3043 präſident, ſondern nur der Statiſt für die anſtändig
2348 3041 2739 3085 brave Geſinnung ſei!
2450 3092 3348 3137 Die Muſterverwaltung Bienerths beſteht alſo
2347 3128 3345 3187 darin, daß er die Liederlichkeit, die Schlamperei, die
2347 3178 3350 3222 Unfähigkeit und Korruption ſeiner Miniſter frei ge⸗
2348 3221 3349 3266 währen ließ und ſich auf die beſcheidene Rolle zurück⸗
2349 3263 3347 3309 zog, die „reinen Hände“ vorzuſtellen! Wie beſcheiden
2350 3307 3348 3351 muß man in Oeſterreich geworden ſein, daß dieſe
2351 3348 3223 3394 Statiſtenrolle ſo verzückte Bewunderung weckt?
2348 3435 3349 3472 daß eine Dame ſich an mich wendete, um durch Zauberei
2348 3480 3349 3516 Perſonen abzuwehren, die ſie ſtörten. In Europas aufgeklärteſten
2348 3522 3350 3561 Ländern ſteht der mittelalterliche Zauberglaube noch immer in
2349 3567 3350 3603 voller Blüte. Der Satan der Kirche hat ſeine Anbeter, ſeine
2349 3610 3350 3648 Prieſter, ſeine Tempel noch ebenſo wie vor zweihundert Jahren.
2349 3653 3352 3690 Daß die ſchwarze Meſſe nicht den Alterstod geſtorben iſt,
2349 3697 3351 3735 beweiſen Dänemarks und Frankreichs Gerichtsprotokolle und
2349 3740 3351 3777 Polizeirapporte. Noch vor wenigen Jahren wurden in Paris
2349 3784 3351 3820 zwei ſataniſche Sekten auf friſcher Tat ertappt: die eine bei
2350 3827 3350 3864 dem Grafen Ferſen in der Avenue Friedland und die andere
2349 3870 3349 3905 bei einem bedeutenden Maler auf dem Boulevard
2350 3914 3349 3951 Montparnaſſe. Und gerade in dieſen Tagen erregte
2349 3957 3349 3994 die Enthüllung eines Sataniſtenklubs in New⸗York
2349 4001 3349 4038 ungeheures Aufſehen in der mondänen Welt der
2350 4044 3349 4081 amerikaniſchen Millionäre. Und doch: dieſe raffinierten Klubs
2349 4088 3352 4122 für Eroto⸗Religioſität repräſentieren nur eine Art Salonſatanis⸗
2350 4129 3349 4164 mus, wo der Satansaltar wohl mit Schmutz, nicht aber mit
2349 4172 3349 4207 Blut beſudelt wird, die ähnlich den Brutſtätten der Perverſität
2349 4214 3352 4251 ſind, wo man — wie zum Beiſpiel in der Rue Vaugirard in
2350 4257 3347 4295 Paris — ſchwarze Meſſen auf Beſtellung arrangiert bekommt
2350 4300 3353 4337 Aber wenn auch die „Gottesverehrung“ dieſer Sataniſtenklubs
2350 4344 3352 4380 in all ihrer Blasphemie einen mehr ſadiſtiſchen Genuß als einen
2351 4387 3353 4424 wirklich rituellen Sanatismus beabſichtigt, iſt der Unterſchied
2351 4431 3352 4467 zwiſchen beiden nicht ſo groß. Denn gerade die dunkelſten Ab⸗
2353 4475 3353 4510 gründe des Geſchlechtstriebes ſind es, aus denen der Satanismus
2354 4517 3352 4553 emporwächſt. Und für den überſpannten hyſteriſchen Myſtiker,
2353 4559 3352 4595 wie der Salonſataniſt es iſt, werden die Gewiſſensbiſſe der
2351 4601 3351 4641 Blasphemie bald zum gewünſchten und unentbehrlichen Reiz⸗
2351 4649 3347 4687 mittel. Glaubt er nach den Lehren der Kirche an die Todſünde,
2349 4692 3350 4734 ſo nimmt bei ihm die Liebe zum Böſen — eine der degenera⸗
2349 4738 3348 4782 tiven Tendenzen des dekadenten Menſchen — gar bald die Form
2349 4782 3348 4827 der Satansverehrung an. Der Satanismus lauert dort, wo
2348 4825 3347 4872 die Religion in die Sphäre der Vernichtung und der erotiſchen
2347 4868 3347 4919 Tollheit gezogen wird, und — wie der erwähnte Sataniſt Graf
2348 4911 3346 4962 Adelswärd⸗Ferſen in ſeiner Verteidigungsſchrift betont — „die
2348 4953 3347 5009 ſchwarze Meſſe iſt ein Symbol: ſie repräſentiert die Empörung
2346 4999 3347 5056 gegen den Gott des Lebens, die Anbetung des Todes, ſie iſt
2344 5043 3345 5100 die Verherrlichung des Grabes, eine Läſterung, eine Verhöhnung
2344 5087 3350 5142 des Himmels. eine leidenſchaftliche, brennende Verherrlichung
