<?xml version="1.0" encoding="UTF-8"?>
<PcGts xmlns="http://schema.primaresearch.org/PAGE/gts/pagecontent/2013-07-15"
       xmlns:xsi="http://www.w3.org/2001/XMLSchema-instance"
       xsi:schemaLocation="http://schema.primaresearch.org/PAGE/gts/pagecontent/2013-07-15 http://schema.primaresearch.org/PAGE/gts/pagecontent/2013-07-15/pagecontent.xsd">
   <Metadata>
      <Creator>University of Innsbruck</Creator>
      <Created>2018-11-29T10:11:56.507+01:00</Created>
      <LastChange>2019-02-13T14:24:05.515+01:00</LastChange>
      <Comments>
                Measurement unit: pixel
                PrimaryLanguage: German
                Language: GermanStandard
                Language: EnglishUnitedStates
                Producer: https://transkribus.eu/Transkribus/</Comments>
      <TranskribusMetadata docId="126495"
                           pageId="4785166"
                           pageNr="189"
                           tsid="7883634"
                           status="GT"
                           userId="206"
                           imgUrl="https://files.transkribus.eu/Get?id=AGLAKHQGSPESSYEDVDYXHTRT&amp;fileType=view"
                           xmlUrl="https://files.transkribus.eu/Get?id=UHVSTJSJOCMFCKNPMNVQYISL"
                           imageId="2199739"/>
   </Metadata>
   <Page imageFilename="ONB_nfp_19110701_037.tif"
         imageWidth="3488"
         imageHeight="5372">
      <PrintSpace>
         <Coords points="0,0 3488,0 3488,5372 0,5372"/>
      </PrintSpace>
      <ReadingOrder>
         <OrderedGroup id="ro_1567004116596" caption="Regions reading order">
            <RegionRefIndexed index="0" regionRef="r_1_1"/>
            <RegionRefIndexed index="1" regionRef="r_2_1"/>
            <RegionRefIndexed index="2" regionRef="r_3_1"/>
            <RegionRefIndexed index="3" regionRef="r_3_2"/>
            <RegionRefIndexed index="4" regionRef="r_3_3"/>
            <RegionRefIndexed index="5" regionRef="r_3_4"/>
            <RegionRefIndexed index="6" regionRef="r_3_5"/>
            <RegionRefIndexed index="7" regionRef="r_4_1"/>
            <RegionRefIndexed index="8" regionRef="r_4_2"/>
            <RegionRefIndexed index="9" regionRef="r_5_1"/>
            <RegionRefIndexed index="10" regionRef="r_5_2"/>
            <RegionRefIndexed index="11" regionRef="r_6_1"/>
            <RegionRefIndexed index="12" regionRef="r_6_2"/>
            <RegionRefIndexed index="13" regionRef="r_6_3"/>
            <RegionRefIndexed index="14" regionRef="r_6_4"/>
            <RegionRefIndexed index="15" regionRef="r_6_5"/>
            <RegionRefIndexed index="16" regionRef="r_6_6"/>
            <RegionRefIndexed index="17" regionRef="r_6_7"/>
            <RegionRefIndexed index="18" regionRef="r_6_8"/>
            <RegionRefIndexed index="19" regionRef="r_6_9"/>
            <RegionRefIndexed index="20" regionRef="r_6_10"/>
            <RegionRefIndexed index="21" regionRef="r_6_11"/>
            <RegionRefIndexed index="22" regionRef="r_6_12"/>
            <RegionRefIndexed index="23" regionRef="region_1548745110473_1"/>
            <RegionRefIndexed index="24" regionRef="r_6_13"/>
            <RegionRefIndexed index="25" regionRef="region_1548745708090_10"/>
            <RegionRefIndexed index="26" regionRef="r_6_14"/>
            <RegionRefIndexed index="27" regionRef="region_1548746303766_14"/>
            <RegionRefIndexed index="28" regionRef="r_6_15"/>
            <RegionRefIndexed index="29" regionRef="r_6_16"/>
            <RegionRefIndexed index="30" regionRef="r_6_17"/>
            <RegionRefIndexed index="31" regionRef="r_6_18"/>
            <RegionRefIndexed index="32" regionRef="r_6_19"/>
            <RegionRefIndexed index="33" regionRef="r_6_20"/>
            <RegionRefIndexed index="34" regionRef="r_7_1"/>
            <RegionRefIndexed index="35" regionRef="r_8_1"/>
            <RegionRefIndexed index="36" regionRef="r_9_1"/>
            <RegionRefIndexed index="37" regionRef="r_9_2"/>
            <RegionRefIndexed index="38" regionRef="r_9_3"/>
            <RegionRefIndexed index="39" regionRef="r_9_4"/>
            <RegionRefIndexed index="40" regionRef="r_9_5"/>
            <RegionRefIndexed index="41" regionRef="r_9_6"/>
            <RegionRefIndexed index="42" regionRef="r_9_7"/>
            <RegionRefIndexed index="43" regionRef="r_10_1"/>
            <RegionRefIndexed index="44" regionRef="r_10_2"/>
            <RegionRefIndexed index="45" regionRef="r_10_3"/>
            <RegionRefIndexed index="46" regionRef="r_10_4"/>
            <RegionRefIndexed index="47" regionRef="r_10_5"/>
            <RegionRefIndexed index="48" regionRef="r_10_6"/>
            <RegionRefIndexed index="49" regionRef="r_10_7"/>
            <RegionRefIndexed index="50" regionRef="r_10_8"/>
            <RegionRefIndexed index="51" regionRef="r_11_1"/>
            <RegionRefIndexed index="52" regionRef="r_11_2"/>
            <RegionRefIndexed index="53" regionRef="r_11_3"/>
            <RegionRefIndexed index="54" regionRef="r_12_1"/>
            <RegionRefIndexed index="55" regionRef="r_13_1"/>
            <RegionRefIndexed index="56" regionRef="r_13_2"/>
            <RegionRefIndexed index="57" regionRef="r_13_3"/>
            <RegionRefIndexed index="58" regionRef="r_13_4"/>
            <RegionRefIndexed index="59" regionRef="r_13_5"/>
            <RegionRefIndexed index="60" regionRef="r_13_6"/>
            <RegionRefIndexed index="61" regionRef="r_13_7"/>
            <RegionRefIndexed index="62" regionRef="r_13_8"/>
            <RegionRefIndexed index="63" regionRef="r_13_9"/>
            <RegionRefIndexed index="64" regionRef="r_13_10"/>
            <RegionRefIndexed index="65" regionRef="r_13_11"/>
            <RegionRefIndexed index="66" regionRef="r_13_12"/>
            <RegionRefIndexed index="67" regionRef="r_13_13"/>
            <RegionRefIndexed index="68" regionRef="r_13_14"/>
            <RegionRefIndexed index="69" regionRef="r_13_15"/>
            <RegionRefIndexed index="70" regionRef="r_13_16"/>
            <RegionRefIndexed index="71" regionRef="r_13_17"/>
            <RegionRefIndexed index="72" regionRef="r_13_18"/>
            <RegionRefIndexed index="73" regionRef="r_13_19"/>
            <RegionRefIndexed index="74" regionRef="r_14_1"/>
            <RegionRefIndexed index="75" regionRef="r_14_2"/>
            <RegionRefIndexed index="76" regionRef="r_15_1"/>
            <RegionRefIndexed index="77" regionRef="r_17_1"/>
            <RegionRefIndexed index="78" regionRef="r_17_2"/>
            <RegionRefIndexed index="79" regionRef="r_17_3"/>
            <RegionRefIndexed index="80" regionRef="r_17_4"/>
            <RegionRefIndexed index="81" regionRef="r_17_5"/>
            <RegionRefIndexed index="82" regionRef="r_17_6"/>
            <RegionRefIndexed index="83" regionRef="r_17_7"/>
            <RegionRefIndexed index="84" regionRef="r_18_1"/>
            <RegionRefIndexed index="85" regionRef="r_22_1"/>
            <RegionRefIndexed index="86" regionRef="r_22_2"/>
            <RegionRefIndexed index="87" regionRef="r_22_3"/>
            <RegionRefIndexed index="88" regionRef="r_22_4"/>
            <RegionRefIndexed index="89" regionRef="r_22_5"/>
            <RegionRefIndexed index="90" regionRef="r_22_6"/>
            <RegionRefIndexed index="91" regionRef="r_22_7"/>
            <RegionRefIndexed index="92" regionRef="r_22_8"/>
            <RegionRefIndexed index="93" regionRef="r_22_9"/>
            <RegionRefIndexed index="94" regionRef="r_22_10"/>
            <RegionRefIndexed index="95" regionRef="r_22_11"/>
         </OrderedGroup>
      </ReadingOrder>
      <TextRegion type="paragraph" id="r_1_1" custom="readingOrder {index:0;}">
         <Coords points="2462,205 2692,205 2692,246 2462,246"/>
         <TextLine id="tl_1" primaryLanguage="German" custom="readingOrder {index:0;}">
            <Coords points="2463,206 2691,206 2691,245 2463,245"/>
            <Baseline points="2463,241 2492,241 2585,241 2691,241"/>
            <TextEquiv>
               <Unicode>1. Juli 1911</Unicode>
            </TextEquiv>
            <TextStyle fontFamily="Times New Roman" fontSize="7.5"/>
         </TextLine>
         <TextEquiv>
            <Unicode>1. Juli 1911</Unicode>
         </TextEquiv>
      </TextRegion>
      <TextRegion type="paragraph" id="r_2_1" custom="readingOrder {index:1;}">
         <Coords points="166,199 976,199 976,247 166,247"/>
         <TextLine id="tl_2" primaryLanguage="German" custom="readingOrder {index:0;}">
            <Coords points="167,200 975,200 975,246 167,246"/>
            <Baseline points="167,239 261,234 357,233 714,234 977,238"/>
            <TextEquiv>
               <Unicode>Nr. 16830 Wien, Samstag</Unicode>
            </TextEquiv>
         </TextLine>
         <TextEquiv>
            <Unicode>Nr. 16830 Wien, Samstag</Unicode>
         </TextEquiv>
      </TextRegion>
      <TextRegion type="paragraph" id="r_3_1" custom="readingOrder {index:2;}">
         <Coords points="230,279 1045,279 1045,327 230,327"/>
         <TextLine id="tl_3" primaryLanguage="German" custom="readingOrder {index:0;}">
            <Coords points="231,280 1044,280 1044,326 231,326"/>
            <Baseline points="230,317 578,319 640,319 728,319 885,320 1045,320"/>
            <TextEquiv>
               <Unicode>Touristenunglück in der Hohen Tatra.</Unicode>
            </TextEquiv>
            <TextStyle fontFamily="Times New Roman" fontSize="7.0" bold="true"/>
         </TextLine>
         <TextEquiv>
            <Unicode>Touristenunglück in der Hohen Tatra.</Unicode>
         </TextEquiv>
      </TextRegion>
      <TextRegion type="paragraph" id="r_3_2" custom="readingOrder {index:3;}">
         <Coords points="375,334 898,334 898,366 375,366"/>
         <TextLine id="tl_4" primaryLanguage="German" custom="readingOrder {index:0;}">
            <Coords points="376,335 897,335 897,365 376,365"/>
            <Baseline points="375,357 516,357 581,356 682,358 778,359 895,359"/>
            <TextEquiv>
               <Unicode>(Telegramm der „Neuen Freien Presse“.)</Unicode>
            </TextEquiv>
            <TextStyle fontFamily="Times New Roman" fontSize="4.0"/>
         </TextLine>
         <TextEquiv>
            <Unicode>(Telegramm der „Neuen Freien Presse“.)</Unicode>
         </TextEquiv>
      </TextRegion>
      <TextRegion type="paragraph" id="r_3_3" custom="readingOrder {index:4;}">
         <Coords points="116,366 1148,366 1148,608 116,608"/>
         <TextLine id="tl_5" primaryLanguage="German" custom="readingOrder {index:0;}">
            <Coords points="197,367 1146,367 1146,412 197,412"/>
            <Baseline points="197,400 233,399 420,398 514,398 614,400 725,401 833,401 1015,402 1146,404"/>
            <TextEquiv>
               <Unicode>Lemberg, 1. Juli. Zwei Touristen, Jenne und Ludwig</Unicode>
            </TextEquiv>
         </TextLine>
         <TextLine id="tl_6" primaryLanguage="German" custom="readingOrder {index:1;}">
            <Coords points="119,406 1147,406 1147,453 119,453"/>
            <Baseline points="119,440 148,440 482,438 566,439 781,440 854,441 955,441 1080,442 1147,442"/>
            <TextEquiv>
               <Unicode>Koziczynski, die von Oberschlesien aus einen Ausflug in</Unicode>
            </TextEquiv>
         </TextLine>
         <TextLine id="tl_7" primaryLanguage="German" custom="readingOrder {index:2;}">
            <Coords points="119,446 1146,446 1146,489 119,489"/>
            <Baseline points="119,477 159,478 255,477 364,477 592,478 695,479 783,479 896,480 978,481 1145,481"/>
            <TextEquiv>
               <Unicode>die Hohe Tatra unternommen haben, sind von der Scharfen</Unicode>
            </TextEquiv>
            <TextStyle fontFamily="Times New Roman" fontSize="7.0"/>
         </TextLine>
         <TextLine id="tl_8" primaryLanguage="German" custom="readingOrder {index:3;}">
            <Coords points="117,485 1145,485 1145,529 117,529"/>
            <Baseline points="117,517 294,516 436,517 497,517 784,519 941,519 1145,521"/>
            <TextEquiv>
               <Unicode>Rohaczspitze, welche sie aneinandergeseilt bestiegen, abgestürzt.</Unicode>
            </TextEquiv>
            <TextStyle fontFamily="Times New Roman" fontSize="7.0"/>
         </TextLine>
         <TextLine id="tl_9" primaryLanguage="German" custom="readingOrder {index:4;}">
            <Coords points="118,520 1146,520 1146,567 118,567"/>
            <Baseline points="118,556 184,555 249,555 549,556 660,557 847,558 917,558 1146,561"/>
            <TextEquiv>
               <Unicode>Von der Rettungsexpedition wurde Koziczynski mit zertrümmerter</Unicode>
            </TextEquiv>
            <TextStyle fontFamily="Times New Roman" fontSize="7.0"/>
         </TextLine>
         <TextLine id="tl_10"
                   primaryLanguage="German"
                   custom="readingOrder {index:5;}">
            <Coords points="119,562 1087,562 1087,607 119,607"/>
            <Baseline points="119,596 302,595 364,595 576,595 663,595 785,597 869,597 948,597 1086,598"/>
            <TextEquiv>
               <Unicode>Schädeldecke tot aufgefunden. Nach Jenne wird noch gesucht.</Unicode>
            </TextEquiv>
            <TextStyle fontFamily="Times New Roman" fontSize="7.0"/>
         </TextLine>
         <TextEquiv>
            <Unicode>Lemberg, 1. Juli. Zwei Touristen, Jenne und Ludwig
Koziczynski, die von Oberschlesien aus einen Ausflug in
die Hohe Tatra unternommen haben, sind von der Scharfen
Rohaczspitze, welche sie aneinandergeseilt bestiegen, abgestürzt.
Von der Rettungsexpedition wurde Koziczynski mit zertrümmerter
Schädeldecke tot aufgefunden. Nach Jenne wird noch gesucht.</Unicode>
         </TextEquiv>
      </TextRegion>
      <TextRegion type="paragraph" id="r_3_4" custom="readingOrder {index:5;}">
         <Coords points="196,637 1069,637 1069,687 196,687"/>
         <TextLine id="tl_11"
                   primaryLanguage="German"
                   custom="readingOrder {index:0;}">
            <Coords points="197,638 1068,638 1068,686 197,686"/>
            <Baseline points="197,676 287,674 547,676 789,677 852,677 1068,679"/>
            <TextEquiv>
               <Unicode>Das militärische Flugwesen in Rußland.</Unicode>
            </TextEquiv>
            <TextStyle fontFamily="Times New Roman" fontSize="7.0" bold="true"/>
         </TextLine>
         <TextEquiv>
            <Unicode>Das militärische Flugwesen in Rußland.</Unicode>
         </TextEquiv>
      </TextRegion>
      <TextRegion type="paragraph" id="r_3_5" custom="readingOrder {index:6;}">
         <Coords points="116,686 1147,686 1147,865 116,865"/>
         <TextLine id="tl_12"
                   primaryLanguage="German"
                   custom="readingOrder {index:0;}">
            <Coords points="205,687 1146,687 1146,740 205,740"/>
            <Baseline points="202,726 276,725 529,724 642,723 751,725 978,727 1146,728"/>
            <TextEquiv>
               <Unicode>Petersburg, 30. Juni. Der Ministerrat beschloß,</Unicode>
            </TextEquiv>
         </TextLine>
         <TextLine id="tl_13"
                   primaryLanguage="German"
                   custom="readingOrder {index:1;}">
            <Coords points="118,731 1146,731 1146,776 118,776"/>
            <Baseline points="118,766 169,766 237,766 273,766 312,766 335,766 361,766 382,768 419,766 447,767 478,767 506,767 532,767 557,767 581,767 604,767 637,768 668,768 701,768 783,769 912,769 1019,770 1146,772"/>
            <TextEquiv>
               <Unicode>für die Fliegerabteilung der Armee einen Kredit</Unicode>
            </TextEquiv>
            <TextStyle fontFamily="Times New Roman" fontSize="7.0"/>
         </TextLine>
         <TextLine id="tl_14"
                   primaryLanguage="German"
                   custom="readingOrder {index:2;}">
            <Coords points="118,776 1145,776 1145,824 118,824"/>
            <Baseline points="118,810 179,810 339,808 485,810 573,811 694,809 767,812 925,812 1025,813 1145,815"/>
            <TextEquiv>
               <Unicode>von 277.188 Rubeln für 1912 zu fordern. Im Jahre</Unicode>
            </TextEquiv>
            <TextStyle fontFamily="Times New Roman" fontSize="7.0"/>
         </TextLine>
         <TextLine id="tl_15"
                   primaryLanguage="German"
                   custom="readingOrder {index:3;}">
            <Coords points="117,818 1031,818 1031,864 117,864"/>
            <Baseline points="117,852 202,852 314,854 396,853 508,853 734,855 884,858 1031,857"/>
            <TextEquiv>
               <Unicode>1912 sollen acht solche Abteilungen gebildet werden.</Unicode>
            </TextEquiv>
            <TextStyle fontFamily="Times New Roman" fontSize="7.0"/>
         </TextLine>
         <TextEquiv>
            <Unicode>Petersburg, 30. Juni. Der Ministerrat beschloß,
für die Fliegerabteilung der Armee einen Kredit
von 277.188 Rubeln für 1912 zu fordern. Im Jahre
1912 sollen acht solche Abteilungen gebildet werden.</Unicode>
         </TextEquiv>
      </TextRegion>
      <TextRegion type="paragraph" id="r_4_1" custom="readingOrder {index:7;}">
         <Coords points="307,897 955,897 955,947 307,947"/>
         <TextLine id="tl_16"
                   primaryLanguage="German"
                   custom="readingOrder {index:0;}">
            <Coords points="308,898 954,898 954,946 308,946"/>
            <Baseline points="308,935 676,937 739,937 954,939"/>
            <TextEquiv>
               <Unicode>Staatseinnahmen in England.</Unicode>
            </TextEquiv>
            <TextStyle fontFamily="Times New Roman" fontSize="7.0" bold="true"/>
         </TextLine>
         <TextEquiv>
            <Unicode>Staatseinnahmen in England.</Unicode>
         </TextEquiv>
      </TextRegion>
      <TextRegion type="paragraph" id="r_4_2" custom="readingOrder {index:8;}">
         <Coords points="113,950 1145,950 1145,1348 113,1348"/>
         <TextLine id="tl_17"
                   primaryLanguage="German"
                   custom="readingOrder {index:0;}">
            <Coords points="202,951 1144,951 1144,997 202,997"/>
            <Baseline points="202,989 233,989 452,986 575,987 632,987 1144,990"/>
            <TextEquiv>
               <Unicode>London, 30. Juni. Die Staatseinnahmen</Unicode>
            </TextEquiv>
         </TextLine>
         <TextLine id="tl_18"
                   primaryLanguage="German"
                   custom="readingOrder {index:1;}">
            <Coords points="114,995 1137,995 1137,1042 114,1042"/>
            <Baseline points="114,1030 255,1030 332,1030 568,1031 790,1032 1001,1032 1137,1033"/>
            <TextEquiv>
               <Unicode>betrugen im vergangenen Vierteljahre 38,808.673 Pfund</Unicode>
            </TextEquiv>
            <TextStyle fontFamily="Times New Roman" fontSize="7.0"/>
         </TextLine>
         <TextLine id="tl_19"
                   primaryLanguage="German"
                   custom="readingOrder {index:2;}">
            <Coords points="117,1040 1141,1040 1141,1084 117,1084"/>
            <Baseline points="116,1073 264,1072 347,1074 557,1074 687,1075 854,1073 1002,1076 1074,1077 1142,1077"/>
            <TextEquiv>
               <Unicode>Sterling, um 18,574.504 Pfund Sterling weniger als im</Unicode>
            </TextEquiv>
            <TextStyle fontFamily="Times New Roman" fontSize="7.0"/>
         </TextLine>
         <TextLine id="tl_20"
                   primaryLanguage="German"
                   custom="readingOrder {index:3;}">
            <Coords points="114,1083 1141,1083 1141,1128 114,1128"/>
            <Baseline points="114,1118 239,1117 442,1118 531,1118 738,1119 855,1119 1060,1120 1141,1119"/>
            <TextEquiv>
               <Unicode>gleichen Zeitraume des Vorjahres. Der Unterschied ist</Unicode>
            </TextEquiv>
            <TextStyle fontFamily="Times New Roman" fontSize="7.0"/>
         </TextLine>
         <TextLine id="tl_21"
                   primaryLanguage="German"
                   custom="readingOrder {index:4;}">
            <Coords points="116,1128 1143,1128 1143,1172 116,1172"/>
            <Baseline points="115,1162 323,1162 593,1162 673,1162 743,1163 934,1162 1004,1164 1145,1162"/>
            <TextEquiv>
               <Unicode>hauptsächlich zurückzuführen auf die Steigerung der Staats⸗</Unicode>
            </TextEquiv>
            <TextStyle fontFamily="Times New Roman" fontSize="7.0"/>
         </TextLine>
         <TextLine id="tl_22"
                   primaryLanguage="German"
                   custom="readingOrder {index:5;}">
            <Coords points="117,1165 1141,1165 1141,1215 117,1215"/>
            <Baseline points="117,1207 206,1205 362,1206 509,1206 683,1206 789,1207 977,1206 1140,1206"/>
            <TextEquiv>
               <Unicode>einnahmen im zweiten Quartal 1910 durch Einhebung</Unicode>
            </TextEquiv>
            <TextStyle fontFamily="Times New Roman" fontSize="7.0"/>
         </TextLine>
         <TextLine id="tl_23"
                   primaryLanguage="German"
                   custom="readingOrder {index:6;}">
            <Coords points="118,1215 1143,1215 1143,1258 118,1258"/>
            <Baseline points="119,1249 168,1250 333,1248 411,1250 481,1250 740,1250 900,1250 1045,1250 1144,1250"/>
            <TextEquiv>
               <Unicode>der Steuern, die im vorhergehenden Jahre infolge der</Unicode>
            </TextEquiv>
            <TextStyle fontFamily="Times New Roman" fontSize="7.0"/>
         </TextLine>
         <TextLine id="tl_24"
                   primaryLanguage="German"
                   custom="readingOrder {index:7;}">
            <Coords points="114,1259 1140,1259 1140,1303 114,1303"/>
            <Baseline points="114,1294 337,1292 478,1294 643,1294 741,1293 839,1295 1027,1295 1140,1293"/>
            <TextEquiv>
               <Unicode>Nichtbewilligung des Budgets durch das Oberhaus nicht</Unicode>
            </TextEquiv>
            <TextStyle fontFamily="Times New Roman" fontSize="7.0"/>
         </TextLine>
         <TextLine id="tl_25"
                   primaryLanguage="German"
                   custom="readingOrder {index:8;}">
            <Coords points="114,1304 572,1304 572,1347 114,1347"/>
            <Baseline points="114,1339 294,1338 391,1337 572,1337"/>
            <TextEquiv>
               <Unicode>eingehoben worden waren.</Unicode>
            </TextEquiv>
            <TextStyle fontFamily="Times New Roman" fontSize="7.0"/>
         </TextLine>
         <TextEquiv>
            <Unicode>London, 30. Juni. Die Staatseinnahmen
betrugen im vergangenen Vierteljahre 38,808.673 Pfund
Sterling, um 18,574.504 Pfund Sterling weniger als im
gleichen Zeitraume des Vorjahres. Der Unterschied ist
hauptsächlich zurückzuführen auf die Steigerung der Staats⸗
einnahmen im zweiten Quartal 1910 durch Einhebung
der Steuern, die im vorhergehenden Jahre infolge der
Nichtbewilligung des Budgets durch das Oberhaus nicht
eingehoben worden waren.</Unicode>
         </TextEquiv>
      </TextRegion>
      <TextRegion type="paragraph" id="r_5_1" custom="readingOrder {index:9;}">
         <Coords points="265,1378 986,1378 986,1425 265,1425"/>
         <TextLine id="tl_26"
                   primaryLanguage="German"
                   custom="readingOrder {index:0;}">
            <Coords points="266,1379 985,1379 985,1424 266,1424"/>
            <Baseline points="266,1415 708,1415 774,1415 985,1414"/>
            <TextEquiv>
               <Unicode>Zollunterschlagungen in Amerika.</Unicode>
            </TextEquiv>
            <TextStyle fontFamily="Times New Roman" fontSize="7.0" bold="true"/>
         </TextLine>
         <TextEquiv>
            <Unicode>Zollunterschlagungen in Amerika.</Unicode>
         </TextEquiv>
      </TextRegion>
      <TextRegion type="paragraph" id="r_5_2" custom="readingOrder {index:10;}">
         <Coords points="113,1428 1147,1428 1147,1667 113,1667"/>
         <TextLine id="tl_27"
                   primaryLanguage="German"
                   custom="readingOrder {index:0;}">
            <Coords points="190,1429 1146,1429 1146,1469 190,1469"/>
            <Baseline points="190,1462 354,1460 435,1463 536,1461 734,1461 939,1460 991,1459 1146,1458"/>
            <TextEquiv>
               <Unicode>Newyork, 1. Juli. Zollbeamte durchsuchten die Nieder⸗</Unicode>
            </TextEquiv>
            <TextStyle fontFamily="Times New Roman" fontSize="7.0"/>
         </TextLine>
         <TextLine id="tl_28"
                   primaryLanguage="German"
                   custom="readingOrder {index:1;}">
            <Coords points="117,1469 1143,1469 1143,1509 117,1509"/>
            <Baseline points="117,1501 179,1501 273,1501 398,1499 447,1500 552,1500 846,1499 977,1500 1061,1498 1142,1498"/>
            <TextEquiv>
               <Unicode>lage der Firma Karl Weinschecker &amp; Comp. und be⸗</Unicode>
            </TextEquiv>
         </TextLine>
         <TextLine id="tl_29"
                   primaryLanguage="German"
                   custom="readingOrder {index:2;}">
            <Coords points="114,1508 1141,1508 1141,1548 114,1548"/>
            <Baseline points="114,1540 316,1539 441,1539 504,1540 617,1539 723,1539 894,1539 1035,1539 1141,1538"/>
            <TextEquiv>
               <Unicode>schlagnahmten Pelze im Werte von 150.000 Dollars unter</Unicode>
            </TextEquiv>
            <TextStyle fontFamily="Times New Roman" fontSize="7.0"/>
         </TextLine>
         <TextLine id="tl_30"
                   primaryLanguage="German"
                   custom="readingOrder {index:3;}">
            <Coords points="115,1546 1140,1546 1140,1588 115,1588"/>
            <Baseline points="115,1579 162,1578 431,1578 510,1578 620,1578 803,1577 874,1578 992,1576 1140,1575"/>
            <TextEquiv>
               <Unicode>der Anschuldigung, daß zwei Mitglieder der Firma, Jakob</Unicode>
            </TextEquiv>
            <TextStyle fontFamily="Times New Roman" fontSize="7.0"/>
         </TextLine>
         <TextLine id="tl_31"
                   primaryLanguage="German"
                   custom="readingOrder {index:4;}">
            <Coords points="114,1586 1142,1586 1142,1626 114,1626"/>
            <Baseline points="114,1618 150,1618 176,1617 197,1617 228,1617 263,1616 281,1616 311,1616 343,1618 367,1616 392,1617 495,1617 576,1616 663,1618 692,1617 732,1617 762,1616 810,1617 832,1616 932,1616 1006,1615 1143,1613"/>
            <TextEquiv>
               <Unicode>Weinschecker und Max Tamarkin, deren Haupt⸗</Unicode>
            </TextEquiv>
            <TextStyle fontFamily="Times New Roman" fontSize="7.0"/>
         </TextLine>
         <TextLine id="tl_32"
                   primaryLanguage="German"
                   custom="readingOrder {index:5;}">
            <Coords points="118,1624 1141,1624 1141,1666 118,1666"/>
            <Baseline points="115,1656 226,1657 278,1657 405,1656 469,1655 529,1656 660,1657 886,1655 1028,1654 1141,1653"/>
            <TextEquiv>
               <Unicode>geschäft in Leipzig ist, zu geringe Wertangaben gemacht hätten.</Unicode>
            </TextEquiv>
            <TextStyle fontFamily="Times New Roman" fontSize="7.0"/>
         </TextLine>
         <TextEquiv>
            <Unicode>Newyork, 1. Juli. Zollbeamte durchsuchten die Nieder⸗
lage der Firma Karl Weinschecker &amp; Comp. und be⸗
schlagnahmten Pelze im Werte von 150.000 Dollars unter
der Anschuldigung, daß zwei Mitglieder der Firma, Jakob
Weinschecker und Max Tamarkin, deren Haupt⸗
geschäft in Leipzig ist, zu geringe Wertangaben gemacht hätten.</Unicode>
         </TextEquiv>
      </TextRegion>
      <TextRegion type="paragraph" id="r_6_1" custom="readingOrder {index:11;}">
         <Coords points="280,1702 989,1702 989,1756 280,1756"/>
         <TextLine id="tl_33"
                   primaryLanguage="German"
                   custom="readingOrder {index:0;}">
            <Coords points="281,1703 988,1703 988,1755 281,1755"/>
            <Baseline points="281,1745 464,1747 633,1747 761,1745 842,1747 988,1746"/>
            <TextEquiv>
               <Unicode>Wiener Börse vom 1. Juli.</Unicode>
            </TextEquiv>
            <TextStyle fontFamily="Times New Roman" fontSize="8.0" bold="true"/>
         </TextLine>
         <TextEquiv>
            <Unicode>Wiener Börse vom 1. Juli.</Unicode>
         </TextEquiv>
      </TextRegion>
      <TextRegion type="paragraph" id="r_6_2" custom="readingOrder {index:12;}">
         <Coords points="99,1761 1139,1761 1139,2786 99,2786"/>
         <TextLine id="tl_34"
                   primaryLanguage="German"
                   custom="readingOrder {index:0;}">
            <Coords points="200,1762 1138,1762 1138,1800 200,1800"/>
            <Baseline points="200,1794 251,1794 420,1793 607,1794 672,1794 729,1794 848,1793 917,1791 965,1792 1138,1791"/>
            <TextEquiv>
               <Unicode>Die allgemeine Lustlosigkeit, die im Hinblick auf die Unsicherheit</Unicode>
            </TextEquiv>
            <TextStyle fontFamily="Times New Roman" fontSize="5.0"/>
         </TextLine>
         <TextLine id="tl_35"
                   primaryLanguage="German"
                   custom="readingOrder {index:1;}">
            <Coords points="117,1799 1138,1799 1138,1836 117,1836"/>
            <Baseline points="117,1828 177,1829 240,1827 355,1829 538,1829 625,1829 892,1827 983,1827 1071,1827 1138,1827"/>
            <TextEquiv>
               <Unicode>über die weitere Entwicklung der parlamentarischen Lage und mit</Unicode>
            </TextEquiv>
            <TextStyle fontFamily="Times New Roman" fontSize="5.0"/>
         </TextLine>
         <TextLine id="tl_36"
                   primaryLanguage="German"
                   custom="readingOrder {index:2;}">
            <Coords points="116,1834 1136,1834 1136,1870 116,1870"/>
            <Baseline points="116,1864 233,1863 294,1863 351,1863 504,1864 605,1864 662,1864 816,1864 880,1863 1029,1862 1137,1861"/>
            <TextEquiv>
               <Unicode>Rücksicht auf die Bedenken über die Situation in Albanien bereits</Unicode>
            </TextEquiv>
            <TextStyle fontFamily="Times New Roman" fontSize="5.0"/>
         </TextLine>
         <TextLine id="tl_37"
                   primaryLanguage="German"
                   custom="readingOrder {index:3;}">
            <Coords points="114,1869 1137,1869 1137,1906 114,1906"/>
            <Baseline points="114,1899 151,1899 291,1900 433,1899 633,1900 723,1899 812,1899 870,1898 929,1898 1085,1897 1137,1899"/>
            <TextEquiv>
               <Unicode>im gestrigen Verkehre vorgeherrscht hatte, hat sich an der heutigen</Unicode>
            </TextEquiv>
            <TextStyle fontFamily="Times New Roman" fontSize="5.0"/>
         </TextLine>
         <TextLine id="tl_38"
                   primaryLanguage="German"
                   custom="readingOrder {index:4;}">
            <Coords points="114,1903 1137,1903 1137,1940 114,1940"/>
            <Baseline points="113,1933 143,1934 158,1932 616,1934 797,1933 887,1934 950,1934 1008,1934 1140,1931"/>
            <TextEquiv>
               <Unicode>Vorbörse noch empfindlicher akzentuiert, da der starke Geld⸗</Unicode>
            </TextEquiv>
         </TextLine>
         <TextLine id="tl_39"
                   primaryLanguage="German"
                   custom="readingOrder {index:5;}">
            <Coords points="115,1939 1136,1939 1136,1976 115,1976"/>
            <Baseline points="115,1969 192,1969 277,1969 345,1968 708,1968 814,1968 910,1967 951,1967 984,1968 1134,1965"/>
            <TextEquiv>
               <Unicode>bedarf bei der Oesterreichisch=ungarischen Bank und die neuerliche</Unicode>
            </TextEquiv>
            <TextStyle fontFamily="Times New Roman" fontSize="5.0"/>
         </TextLine>
         <TextLine id="tl_40"
                   primaryLanguage="German"
                   custom="readingOrder {index:6;}">
            <Coords points="114,1974 1136,1974 1136,2010 114,2010"/>
            <Baseline points="116,2004 148,2004 419,2004 644,2003 735,2004 910,2003 1041,2002 1137,2001"/>
            <TextEquiv>
               <Unicode>Verschlechterung der Handelsbilanz die bestehende Reserve ver⸗</Unicode>
            </TextEquiv>
            <TextStyle fontFamily="Times New Roman" fontSize="5.0"/>
         </TextLine>
         <TextLine id="tl_41"
                   primaryLanguage="German"
                   custom="readingOrder {index:7;}">
            <Coords points="114,2006 1136,2006 1136,2045 114,2045"/>
            <Baseline points="112,2039 228,2039 332,2039 411,2039 470,2040 749,2039 879,2036 969,2038 1037,2038 1137,2036"/>
            <TextEquiv>
               <Unicode>schärften und auch die unbefriedigenderen Berichte von den Aus⸗</Unicode>
            </TextEquiv>
            <TextStyle fontFamily="Times New Roman" fontSize="5.0"/>
         </TextLine>
         <TextLine id="tl_42"
                   primaryLanguage="German"
                   custom="readingOrder {index:8;}">
            <Coords points="114,2044 1136,2044 1136,2081 114,2081"/>
            <Baseline points="114,2076 287,2075 351,2075 553,2074 724,2074 900,2074 965,2073 1079,2071 1135,2072"/>
            <TextEquiv>
               <Unicode>landsplätzen zur Zurückhaltung beitrugen. Allerdings hat das Kurs⸗</Unicode>
            </TextEquiv>
            <TextStyle fontFamily="Times New Roman" fontSize="5.0"/>
         </TextLine>
         <TextLine id="tl_43"
                   primaryLanguage="German"
                   custom="readingOrder {index:9;}">
            <Coords points="113,2076 1135,2076 1135,2116 113,2116"/>
            <Baseline points="113,2112 207,2110 280,2109 383,2110 538,2111 789,2109 921,2109 1013,2108 1135,2108"/>
            <TextEquiv>
               <Unicode>niveau nach den gestrigen Abschwächungen wieder eine größere</Unicode>
            </TextEquiv>
            <TextStyle fontFamily="Times New Roman" fontSize="5.0"/>
         </TextLine>
         <TextLine id="tl_44"
                   primaryLanguage="German"
                   custom="readingOrder {index:10;}">
            <Coords points="112,2115 1136,2115 1136,2150 112,2150"/>
            <Baseline points="112,2147 406,2144 553,2145 709,2146 891,2144 1046,2143 1136,2144"/>
            <TextEquiv>
               <Unicode>Widerstandsfähigkeit gegenüber dem drückenden Einflüsse der</Unicode>
            </TextEquiv>
            <TextStyle fontFamily="Times New Roman" fontSize="5.0"/>
         </TextLine>
         <TextLine id="tl_45"
                   primaryLanguage="German"
                   custom="readingOrder {index:11;}">
            <Coords points="111,2149 1136,2149 1136,2186 111,2186"/>
            <Baseline points="111,2181 229,2178 449,2179 520,2180 580,2181 724,2180 952,2179 1077,2178 1136,2177"/>
            <TextEquiv>
               <Unicode>Geschäftsstille bekundet, und die leitenden Coulissepapiere blieben, da</Unicode>
            </TextEquiv>
            <TextStyle fontFamily="Times New Roman" fontSize="5.0"/>
         </TextLine>
         <TextLine id="tl_46"
                   primaryLanguage="German"
                   custom="readingOrder {index:12;}">
            <Coords points="112,2185 1135,2185 1135,2221 112,2221"/>
            <Baseline points="110,2214 198,2214 250,2214 327,2214 488,2216 552,2215 759,2214 907,2212 1009,2213 1135,2212"/>
            <TextEquiv>
               <Unicode>sich auch die Abgaben des Budapester Platzes nicht wieder</Unicode>
            </TextEquiv>
            <TextStyle fontFamily="Times New Roman" fontSize="5.0"/>
         </TextLine>
         <TextLine id="tl_47"
                   primaryLanguage="German"
                   custom="readingOrder {index:13;}">
            <Coords points="112,2221 1134,2221 1134,2256 112,2256"/>
            <Baseline points="112,2252 265,2250 374,2249 497,2251 657,2251 736,2251 852,2251 1052,2249 1135,2247"/>
            <TextEquiv>
               <Unicode>erneuerten, zunächst relativ behauptet. Nur Alpine Montanaktien, auf</Unicode>
            </TextEquiv>
            <TextStyle fontFamily="Times New Roman" fontSize="5.0"/>
         </TextLine>
         <TextLine id="tl_48"
                   primaryLanguage="German"
                   custom="readingOrder {index:14;}">
            <Coords points="111,2255 1135,2255 1135,2292 111,2292"/>
            <Baseline points="111,2286 197,2282 268,2285 413,2285 653,2286 724,2285 878,2285 1054,2284 1135,2282"/>
            <TextEquiv>
               <Unicode>welch die weiteren Ermäßigungen der deutschen Eisenpreise ein⸗</Unicode>
            </TextEquiv>
            <TextStyle fontFamily="Times New Roman" fontSize="5.0"/>
         </TextLine>
         <TextLine id="tl_49"
                   primaryLanguage="German"
                   custom="readingOrder {index:15;}">
            <Coords points="101,2287 1132,2287 1132,2327 101,2327"/>
            <Baseline points="108,2322 153,2320 273,2320 363,2320 445,2322 657,2321 708,2321 817,2320 901,2320 980,2321 1136,2318"/>
            <TextEquiv>
               <Unicode>wirkten, hatten unter Realisationen zu leiden. Da aber schließlich</Unicode>
            </TextEquiv>
            <TextStyle fontFamily="Times New Roman" fontSize="5.0"/>
         </TextLine>
         <TextLine id="tl_50"
                   primaryLanguage="German"
                   custom="readingOrder {index:16;}">
            <Coords points="111,2326 1134,2326 1134,2362 111,2362"/>
            <Baseline points="111,2356 200,2356 359,2355 435,2357 735,2353 772,2356 862,2356 993,2356 1054,2355 1135,2354"/>
            <TextEquiv>
               <Unicode>auch Kreditaktien und Staatsbahnaktien, bei welch letzteren der rech⸗</Unicode>
            </TextEquiv>
            <TextStyle fontFamily="Times New Roman" fontSize="5.0"/>
         </TextLine>
         <TextLine id="tl_51"
                   primaryLanguage="German"
                   custom="readingOrder {index:17;}">
            <Coords points="110,2360 1133,2360 1133,2398 110,2398"/>
            <Baseline points="109,2393 143,2391 528,2389 621,2391 654,2391 708,2390 758,2390 811,2390 976,2388 1071,2390 1133,2389"/>
            <TextEquiv>
               <Unicode>nungsmäßige Couponabschlag von 8 K. 39 H. erfolgte, infolge der</Unicode>
            </TextEquiv>
            <TextStyle fontFamily="Times New Roman" fontSize="5.0"/>
         </TextLine>
         <TextLine id="tl_52"
                   primaryLanguage="German"
                   custom="readingOrder {index:18;}">
            <Coords points="110,2397 1134,2397 1134,2432 110,2432"/>
            <Baseline points="110,2427 291,2427 549,2426 670,2426 984,2423 1134,2425"/>
            <TextEquiv>
               <Unicode>andauernden Geschäftslosigkeit einem Abbröckelungsprozesse unter⸗</Unicode>
            </TextEquiv>
            <TextStyle fontFamily="Times New Roman" fontSize="5.0"/>
         </TextLine>
         <TextLine id="tl_53"
                   primaryLanguage="German"
                   custom="readingOrder {index:19;}">
            <Coords points="110,2432 1132,2432 1132,2468 110,2468"/>
            <Baseline points="109,2461 221,2461 296,2461 398,2460 447,2462 532,2460 603,2462 724,2460 811,2461 1044,2461 1134,2458"/>
            <TextEquiv>
               <Unicode>lagen, vollzog sich das Ende der Vorbörse bei ununterbrochen sehr</Unicode>
            </TextEquiv>
            <TextStyle fontFamily="Times New Roman" fontSize="5.0"/>
         </TextLine>
         <TextLine id="tl_54"
                   primaryLanguage="German"
                   custom="readingOrder {index:20;}">
            <Coords points="109,2466 1132,2466 1132,2504 109,2504"/>
            <Baseline points="109,2498 232,2497 374,2496 421,2496 583,2495 760,2495 904,2495 1132,2496"/>
            <TextEquiv>
               <Unicode>lustlosem Verkehre in durchwegs schwächerer Haltung. Südbahnwerte</Unicode>
            </TextEquiv>
            <TextStyle fontFamily="Times New Roman" fontSize="5.0"/>
         </TextLine>
         <TextLine id="tl_55"
                   primaryLanguage="German"
                   custom="readingOrder {index:21;}">
            <Coords points="101,2499 1132,2499 1132,2539 101,2539"/>
            <Baseline points="105,2533 185,2531 343,2532 445,2531 546,2532 728,2531 788,2531 923,2529 1062,2530 1134,2531"/>
            <TextEquiv>
               <Unicode>lagen gleichfalls ruhig, wobei Lombarden der matteren Richtung zu⸗</Unicode>
            </TextEquiv>
            <TextStyle fontFamily="Times New Roman" fontSize="5.0"/>
         </TextLine>
         <TextLine id="tl_56"
                   primaryLanguage="German"
                   custom="readingOrder {index:22;}">
            <Coords points="108,2536 1132,2536 1132,2573 108,2573"/>
            <Baseline points="108,2568 212,2566 360,2566 577,2564 878,2566 962,2566 1132,2566"/>
            <TextEquiv>
               <Unicode>neigten, während dreiprozentige Südbahnprioritäten ohne wesentliche</Unicode>
            </TextEquiv>
            <TextStyle fontFamily="Times New Roman" fontSize="5.0"/>
         </TextLine>
         <TextLine id="tl_57"
                   primaryLanguage="German"
                   custom="readingOrder {index:23;}">
            <Coords points="107,2572 1132,2572 1132,2607 107,2607"/>
            <Baseline points="107,2604 277,2600 434,2602 689,2600 820,2601 906,2602 981,2601 1132,2600"/>
            <TextEquiv>
               <Unicode>Veränderung blieben. Schrankenwerte blieben von der unfreund⸗</Unicode>
            </TextEquiv>
            <TextStyle fontFamily="Times New Roman" fontSize="5.0"/>
         </TextLine>
         <TextLine id="tl_58"
                   primaryLanguage="German"
                   custom="readingOrder {index:24;}">
            <Coords points="101,2607 1130,2607 1130,2643 101,2643"/>
            <Baseline points="105,2637 212,2636 429,2634 511,2636 673,2634 839,2636 984,2636 1130,2636"/>
            <TextEquiv>
               <Unicode>licheren Gesamttendenz bei allerdings geringen Umsätzen abermals</Unicode>
            </TextEquiv>
            <TextStyle fontFamily="Times New Roman" fontSize="5.0"/>
         </TextLine>
         <TextLine id="tl_59"
                   primaryLanguage="German"
                   custom="readingOrder {index:25;}">
            <Coords points="108,2636 1131,2636 1131,2677 108,2677"/>
            <Baseline points="108,2674 248,2672 321,2671 447,2671 586,2669 667,2671 890,2670 1002,2671 1077,2671 1131,2670"/>
            <TextEquiv>
               <Unicode>unberührt und einzelne derselben, wie Buschtiehrader Aktien Lit. B,</Unicode>
            </TextEquiv>
            <TextStyle fontFamily="Times New Roman" fontSize="5.0"/>
         </TextLine>
         <TextLine id="tl_60"
                   primaryLanguage="German"
                   custom="readingOrder {index:26;}">
            <Coords points="108,2677 1131,2677 1131,2714 108,2714"/>
            <Baseline points="108,2708 257,2706 432,2705 628,2704 702,2705 759,2705 867,2706 926,2705 1131,2706"/>
            <TextEquiv>
               <Unicode>Ungarische Allgemeine Kohlenaktien und die Aktien der Simmeringer</Unicode>
            </TextEquiv>
            <TextStyle fontFamily="Times New Roman" fontSize="5.0"/>
         </TextLine>
         <TextLine id="tl_61"
                   primaryLanguage="German"
                   custom="readingOrder {index:27;}">
            <Coords points="108,2711 1132,2711 1132,2747 108,2747"/>
            <Baseline points="108,2745 172,2740 443,2740 634,2741 704,2741 823,2741 895,2741 1029,2740 1132,2740"/>
            <TextEquiv>
               <Unicode>Maschinenfabrik wiesen Besserungen auf. Renten und Valuten waren</Unicode>
            </TextEquiv>
            <TextStyle fontFamily="Times New Roman" fontSize="5.0"/>
         </TextLine>
         <TextLine id="tl_62"
                   primaryLanguage="German"
                   custom="readingOrder {index:28;}">
            <Coords points="100,2748 251,2748 251,2785 100,2785"/>
            <Baseline points="108,2779 132,2779 251,2776"/>
            <TextEquiv>
               <Unicode>umsatzlos.</Unicode>
            </TextEquiv>
         </TextLine>
         <TextEquiv>
            <Unicode>Die allgemeine Lustlosigkeit, die im Hinblick auf die Unsicherheit
über die weitere Entwicklung der parlamentarischen Lage und mit
Rücksicht auf die Bedenken über die Situation in Albanien bereits
im gestrigen Verkehre vorgeherrscht hatte, hat sich an der heutigen
Vorbörse noch empfindlicher akzentuiert, da der starke Geld⸗
bedarf bei der Oesterreichisch=ungarischen Bank und die neuerliche
Verschlechterung der Handelsbilanz die bestehende Reserve ver⸗
schärften und auch die unbefriedigenderen Berichte von den Aus⸗
landsplätzen zur Zurückhaltung beitrugen. Allerdings hat das Kurs⸗
niveau nach den gestrigen Abschwächungen wieder eine größere
Widerstandsfähigkeit gegenüber dem drückenden Einflüsse der
Geschäftsstille bekundet, und die leitenden Coulissepapiere blieben, da
sich auch die Abgaben des Budapester Platzes nicht wieder
erneuerten, zunächst relativ behauptet. Nur Alpine Montanaktien, auf
welch die weiteren Ermäßigungen der deutschen Eisenpreise ein⸗
wirkten, hatten unter Realisationen zu leiden. Da aber schließlich
auch Kreditaktien und Staatsbahnaktien, bei welch letzteren der rech⸗
nungsmäßige Couponabschlag von 8 K. 39 H. erfolgte, infolge der
andauernden Geschäftslosigkeit einem Abbröckelungsprozesse unter⸗
lagen, vollzog sich das Ende der Vorbörse bei ununterbrochen sehr
lustlosem Verkehre in durchwegs schwächerer Haltung. Südbahnwerte
lagen gleichfalls ruhig, wobei Lombarden der matteren Richtung zu⸗
neigten, während dreiprozentige Südbahnprioritäten ohne wesentliche
Veränderung blieben. Schrankenwerte blieben von der unfreund⸗
licheren Gesamttendenz bei allerdings geringen Umsätzen abermals
unberührt und einzelne derselben, wie Buschtiehrader Aktien Lit. B,
Ungarische Allgemeine Kohlenaktien und die Aktien der Simmeringer
Maschinenfabrik wiesen Besserungen auf. Renten und Valuten waren
umsatzlos.</Unicode>
         </TextEquiv>
      </TextRegion>
      <TextRegion type="paragraph" id="r_6_3" custom="readingOrder {index:13;}">
         <Coords points="190,2780 1135,2780 1135,2817 190,2817"/>
         <TextLine id="tl_63"
                   primaryLanguage="German"
                   custom="readingOrder {index:0;}">
            <Coords points="191,2781 1134,2781 1134,2816 191,2816"/>
            <Baseline points="191,2813 238,2811 406,2808 632,2809 772,2809 850,2810 936,2810 1134,2809"/>
            <TextEquiv>
               <Unicode>Es notierten: Kreditaktien 657.75 bis 657, Ungarische</Unicode>
            </TextEquiv>
            <TextStyle fontFamily="Times New Roman" fontSize="5.0"/>
         </TextLine>
         <TextEquiv>
            <Unicode>Es notierten: Kreditaktien 657.75 bis 657, Ungarische</Unicode>
         </TextEquiv>
      </TextRegion>
      <TextRegion type="paragraph" id="r_6_4" custom="readingOrder {index:14;}">
         <Coords points="98,2814 1134,2814 1134,2953 98,2953"/>
         <TextLine id="tl_64"
                   primaryLanguage="German"
                   custom="readingOrder {index:0;}">
            <Coords points="102,2815 1131,2815 1131,2851 102,2851"/>
            <Baseline points="102,2848 256,2845 379,2843 548,2843 656,2842 855,2844 967,2844 1044,2844 1134,2843"/>
            <TextEquiv>
               <Unicode>Kreditbank 831.50, Anglobank 323.50, Unionbank 626.50 bis 625,</Unicode>
            </TextEquiv>
            <TextStyle fontFamily="Times New Roman" fontSize="5.0"/>
         </TextLine>
         <TextLine id="tl_65"
                   primaryLanguage="German"
                   custom="readingOrder {index:1;}">
            <Coords points="100,2849 1133,2849 1133,2884 100,2884"/>
            <Baseline points="100,2883 250,2882 345,2879 421,2878 556,2879 772,2879 912,2878 979,2879 1133,2878"/>
            <TextEquiv>
               <Unicode>Bankverein 548 bis 548.90, Länderbank 532.25 bis 531.60,</Unicode>
            </TextEquiv>
            <TextStyle fontFamily="Times New Roman" fontSize="5.0"/>
         </TextLine>
         <TextLine id="tl_66"
                   primaryLanguage="German"
                   custom="readingOrder {index:2;}">
            <Coords points="99,2884 1132,2884 1132,2920 99,2920"/>
            <Baseline points="99,2917 271,2915 351,2913 426,2913 549,2913 623,2910 883,2914 936,2914 980,2915 1046,2914 1132,2914"/>
            <TextEquiv>
               <Unicode>Staatsbahn 751 bis 749.50 (er Couponabschlag 8 K. 39 H.),</Unicode>
            </TextEquiv>
            <TextStyle fontFamily="Times New Roman" fontSize="5.0"/>
         </TextLine>
         <TextLine id="tl_67"
                   primaryLanguage="German"
                   custom="readingOrder {index:3;}">
            <Coords points="99,2913 1129,2913 1129,2952 99,2952"/>
            <Baseline points="99,2952 266,2949 392,2948 462,2948 508,2947 844,2948 876,2946 990,2948 1042,2947 1134,2948"/>
            <TextEquiv>
               <Unicode>Lombarden 123.50 bis 122.75, Buschtiehrader Lit. B 1019 bis</Unicode>
            </TextEquiv>
         </TextLine>
         <TextEquiv>
            <Unicode>Kreditbank 831.50, Anglobank 323.50, Unionbank 626.50 bis 625,
Bankverein 548 bis 548.90, Länderbank 532.25 bis 531.60,
Staatsbahn 751 bis 749.50 (er Couponabschlag 8 K. 39 H.),
Lombarden 123.50 bis 122.75, Buschtiehrader Lit. B 1019 bis</Unicode>
         </TextEquiv>
      </TextRegion>
      <TextRegion type="paragraph" id="r_6_5" custom="readingOrder {index:15;}">
         <Coords points="98,2952 1136,2952 1136,3234 98,3234"/>
         <TextLine id="tl_68"
                   primaryLanguage="German"
                   custom="readingOrder {index:0;}">
            <Coords points="99,2953 1135,2953 1135,2990 99,2990"/>
            <Baseline points="101,2986 218,2985 390,2983 531,2982 608,2982 721,2981 852,2982 970,2982 1041,2983 1134,2982"/>
            <TextEquiv>
               <Unicode>1019.50, Dampfschiff 1157 bis 1158, Alvine 811.75 bis 810.</Unicode>
            </TextEquiv>
            <TextStyle fontFamily="Times New Roman" fontSize="5.0"/>
         </TextLine>
         <TextLine id="tl_69"
                   primaryLanguage="German"
                   custom="readingOrder {index:1;}">
            <Coords points="100,2989 1134,2989 1134,3022 100,3022"/>
            <Baseline points="100,3021 183,3020 298,3017 369,3017 443,3015 551,3016 623,3017 819,3017 887,3016 1018,3018 1134,3018"/>
            <TextEquiv>
               <Unicode>Rima 677.50 bis 678, Berg= und Hüttenwerke 973, Skoda 652.50</Unicode>
            </TextEquiv>
            <TextStyle fontFamily="Times New Roman" fontSize="5.0"/>
         </TextLine>
         <TextLine id="tl_70"
                   primaryLanguage="German"
                   custom="readingOrder {index:2;}">
            <Coords points="99,3023 1132,3023 1132,3059 99,3059"/>
            <Baseline points="99,3057 143,3055 233,3056 448,3051 535,3051 612,3051 748,3051 941,3052 1132,3053"/>
            <TextEquiv>
               <Unicode>bis 651, Poldi=Hütte 628 bis 628.50, Ungarische allgemeine</Unicode>
            </TextEquiv>
            <TextStyle fontFamily="Times New Roman" fontSize="5.0"/>
         </TextLine>
         <TextLine id="tl_71"
                   primaryLanguage="German"
                   custom="readingOrder {index:3;}">
            <Coords points="99,3052 1131,3052 1131,3095 99,3095"/>
            <Baseline points="99,3091 202,3089 279,3086 532,3086 613,3085 783,3086 1051,3087 1131,3087"/>
            <TextEquiv>
               <Unicode>Kohlen 764, Salgo=Kohlen 673, Brünner Maschinenfabrik 614</Unicode>
            </TextEquiv>
            <TextStyle fontFamily="Times New Roman" fontSize="5.0"/>
         </TextLine>
         <TextLine id="tl_72"
                   primaryLanguage="German"
                   custom="readingOrder {index:4;}">
            <Coords points="102,3092 1133,3092 1133,3130 102,3130"/>
            <Baseline points="100,3123 146,3122 414,3121 482,3120 571,3120 720,3120 991,3121 1136,3122"/>
            <TextEquiv>
               <Unicode>(ex Couponabschlag 24 K.), Siglsche Lokomotivfabrik 324.50,</Unicode>
            </TextEquiv>
            <TextStyle fontFamily="Times New Roman" fontSize="5.0"/>
         </TextLine>
         <TextLine id="tl_73"
                   primaryLanguage="German"
                   custom="readingOrder {index:5;}">
            <Coords points="99,3126 1129,3126 1129,3164 99,3164"/>
            <Baseline points="98,3159 294,3157 375,3155 434,3156 504,3156 726,3154 835,3154 1034,3156 1129,3157"/>
            <TextEquiv>
               <Unicode>Simmeringer 385 bis 386, Waffenfabrik 760.50, Karpathen 783,</Unicode>
            </TextEquiv>
            <TextStyle fontFamily="Times New Roman" fontSize="5.0"/>
         </TextLine>
         <TextLine id="tl_74"
                   primaryLanguage="German"
                   custom="readingOrder {index:6;}">
            <Coords points="99,3162 1131,3162 1131,3198 99,3198"/>
            <Baseline points="99,3195 204,3191 397,3191 458,3190 542,3190 605,3190 670,3190 1131,3191"/>
            <TextEquiv>
               <Unicode>Wiener Waggonleih 183, A. E. G. Union=Elektrizitätsgesellschaft</Unicode>
            </TextEquiv>
            <TextStyle fontFamily="Times New Roman" fontSize="5.0"/>
         </TextLine>
         <TextLine id="tl_75"
                   primaryLanguage="German"
                   custom="readingOrder {index:7;}">
            <Coords points="99,3196 1131,3196 1131,3233 99,3233"/>
            <Baseline points="99,3228 152,3226 296,3226 350,3225 602,3224 718,3225 830,3224 893,3225 995,3227 1129,3226"/>
            <TextEquiv>
               <Unicode>609. Clotilde 293, Westböhmische Caolin 680.75 bis 681, Elbemühl</Unicode>
            </TextEquiv>
            <TextStyle fontFamily="Times New Roman" fontSize="5.0"/>
         </TextLine>
         <TextEquiv>
            <Unicode>1019.50, Dampfschiff 1157 bis 1158, Alvine 811.75 bis 810.
Rima 677.50 bis 678, Berg= und Hüttenwerke 973, Skoda 652.50
bis 651, Poldi=Hütte 628 bis 628.50, Ungarische allgemeine
Kohlen 764, Salgo=Kohlen 673, Brünner Maschinenfabrik 614
(ex Couponabschlag 24 K.), Siglsche Lokomotivfabrik 324.50,
Simmeringer 385 bis 386, Waffenfabrik 760.50, Karpathen 783,
Wiener Waggonleih 183, A. E. G. Union=Elektrizitätsgesellschaft
609. Clotilde 293, Westböhmische Caolin 680.75 bis 681, Elbemühl</Unicode>
         </TextEquiv>
      </TextRegion>
      <TextRegion type="paragraph" id="r_6_6" custom="readingOrder {index:16;}">
         <Coords points="97,3227 1127,3227 1127,3267 97,3267"/>
         <TextLine id="tl_76"
                   primaryLanguage="German"
                   custom="readingOrder {index:0;}">
            <Coords points="98,3228 1126,3228 1126,3266 98,3266"/>
            <Baseline points="98,3264 190,3261 533,3259 627,3258 945,3259 1006,3259 1128,3260"/>
            <TextEquiv>
               <Unicode>245.50, Unionbaumaterialien 267, Holzhandelsgesellschaft 251, Jung⸗</Unicode>
            </TextEquiv>
            <TextStyle fontFamily="Times New Roman" fontSize="5.0"/>
         </TextLine>
         <TextEquiv>
            <Unicode>245.50, Unionbaumaterialien 267, Holzhandelsgesellschaft 251, Jung⸗</Unicode>
         </TextEquiv>
      </TextRegion>
      <TextRegion type="paragraph" id="r_6_7" custom="readingOrder {index:17;}">
         <Coords points="98,3264 1127,3264 1127,3336 98,3336"/>
         <TextLine id="tl_77"
                   primaryLanguage="German"
                   custom="readingOrder {index:0;}">
            <Coords points="99,3265 1126,3265 1126,3304 99,3304"/>
            <Baseline points="99,3298 244,3297 391,3295 463,3294 521,3294 588,3293 817,3294 1126,3296"/>
            <TextEquiv>
               <Unicode>bunzlauer Spiritus 520 bis 523, dreiprozentige Südbahnprioritäten</Unicode>
            </TextEquiv>
            <TextStyle fontFamily="Times New Roman" fontSize="5.0"/>
         </TextLine>
         <TextLine id="tl_78"
                   primaryLanguage="German"
                   custom="readingOrder {index:1;}">
            <Coords points="99,3303 1066,3303 1066,3335 99,3335"/>
            <Baseline points="99,3333 196,3331 255,3330 381,3329"/>
            <TextEquiv>
               <Unicode>278.75 bis 279.50.</Unicode>
            </TextEquiv>
            <TextStyle fontFamily="Times New Roman" fontSize="5.0"/>
         </TextLine>
         <TextEquiv>
            <Unicode>bunzlauer Spiritus 520 bis 523, dreiprozentige Südbahnprioritäten
278.75 bis 279.50.</Unicode>
         </TextEquiv>
      </TextRegion>
      <TextRegion type="paragraph" id="r_6_8" custom="readingOrder {index:18;}">
         <Coords points="97,3334 1131,3334 1131,3441 97,3441"/>
         <TextLine id="tl_79"
                   primaryLanguage="German"
                   custom="readingOrder {index:0;}">
            <Coords points="187,3335 1126,3335 1126,3370 187,3370"/>
            <Baseline points="187,3367 239,3366 287,3364 377,3364 519,3364 720,3364 806,3363 996,3364 1129,3363"/>
            <TextEquiv>
               <Unicode>Um 11 Uhr blieben: Kreditaktien 657, Ungarische Kredit⸗</Unicode>
            </TextEquiv>
            <TextStyle fontFamily="Times New Roman" fontSize="5.0"/>
         </TextLine>
         <TextLine id="tl_80"
                   primaryLanguage="German"
                   custom="readingOrder {index:1;}">
            <Coords points="98,3366 1130,3366 1130,3408 98,3408"/>
            <Baseline points="98,3402 163,3401 311,3399 472,3399 587,3399 746,3397 862,3397 1007,3398 1129,3398"/>
            <TextEquiv>
               <Unicode>bank 801.50, Staatsbahn 750, Lombarden 122.75, Alpine 810.75,</Unicode>
            </TextEquiv>
            <TextStyle fontFamily="Times New Roman" fontSize="5.0"/>
         </TextLine>
         <TextLine id="tl_81"
                   primaryLanguage="German"
                   custom="readingOrder {index:2;}">
            <Coords points="99,3403 1080,3403 1080,3440 99,3440"/>
            <Baseline points="99,3438 182,3436 320,3434 412,3434 520,3432 662,3432 810,3432 959,3432 1080,3434"/>
            <TextEquiv>
               <Unicode>Rima 677.75, Skoda 652, Türkenlose 248.25, Marknoten 117.55.</Unicode>
            </TextEquiv>
            <TextStyle fontFamily="Times New Roman" fontSize="5.0"/>
         </TextLine>
         <TextEquiv>
            <Unicode>Um 11 Uhr blieben: Kreditaktien 657, Ungarische Kredit⸗
bank 801.50, Staatsbahn 750, Lombarden 122.75, Alpine 810.75,
Rima 677.75, Skoda 652, Türkenlose 248.25, Marknoten 117.55.</Unicode>
         </TextEquiv>
      </TextRegion>
      <TextRegion type="paragraph" id="r_6_9" custom="readingOrder {index:19;}">
         <Coords points="101,3434 1131,3434 1131,3545 101,3545"/>
         <TextLine id="tl_82"
                   primaryLanguage="German"
                   custom="readingOrder {index:0;}">
            <Coords points="190,3435 1130,3435 1130,3475 190,3475"/>
            <Baseline points="190,3471 218,3471 296,3470 685,3466 742,3467 910,3467 1050,3468 1131,3468"/>
            <TextEquiv>
               <Unicode>Die Mittagsbörse eröffnete bei andauernd lustlosem Ver⸗</Unicode>
            </TextEquiv>
         </TextLine>
         <TextLine id="tl_83"
                   primaryLanguage="German"
                   custom="readingOrder {index:1;}">
            <Coords points="102,3473 1130,3473 1130,3512 102,3512"/>
            <Baseline points="102,3507 160,3506 243,3505 360,3502 565,3502 708,3503 791,3502 846,3501 921,3501 983,3501 1130,3503"/>
            <TextEquiv>
               <Unicode>kehr mit wenig veränderten Kursen. Um 12 Uhr 45 Minuten</Unicode>
            </TextEquiv>
            <TextStyle fontFamily="Times New Roman" fontSize="5.0"/>
         </TextLine>
         <TextLine id="tl_84"
                   primaryLanguage="German"
                   custom="readingOrder {index:2;}">
            <Coords points="102,3508 1130,3508 1130,3544 102,3544"/>
            <Baseline points="102,3542 250,3536 468,3537 597,3535 805,3536 992,3536 1129,3536"/>
            <TextEquiv>
               <Unicode>notierten: Kreditaktien 657.25, Ungarische Kreditbank 831.50,</Unicode>
            </TextEquiv>
            <TextStyle fontFamily="Times New Roman" fontSize="5.0"/>
         </TextLine>
         <TextEquiv>
            <Unicode>Die Mittagsbörse eröffnete bei andauernd lustlosem Ver⸗
kehr mit wenig veränderten Kursen. Um 12 Uhr 45 Minuten
notierten: Kreditaktien 657.25, Ungarische Kreditbank 831.50,</Unicode>
         </TextEquiv>
      </TextRegion>
      <TextRegion type="paragraph" id="r_6_10" custom="readingOrder {index:20;}">
         <Coords points="102,3542 1129,3542 1129,3579 102,3579"/>
         <TextLine id="tl_85"
                   primaryLanguage="German"
                   custom="readingOrder {index:0;}">
            <Coords points="103,3543 1128,3543 1128,3578 103,3578"/>
            <Baseline points="103,3577 270,3573 389,3572 563,3571 677,3570 825,3570 932,3571 1128,3572"/>
            <TextEquiv>
               <Unicode>Länderbank 531.75, Unionbank 625, Anglobank 323.50, Bankverein</Unicode>
            </TextEquiv>
            <TextStyle fontFamily="Times New Roman" fontSize="5.0"/>
         </TextLine>
         <TextEquiv>
            <Unicode>Länderbank 531.75, Unionbank 625, Anglobank 323.50, Bankverein</Unicode>
         </TextEquiv>
      </TextRegion>
      <TextRegion type="paragraph" id="r_6_11" custom="readingOrder {index:21;}">
         <Coords points="99,3577 1130,3577 1130,3716 99,3716"/>
         <TextLine id="tl_86"
                   primaryLanguage="German"
                   custom="readingOrder {index:0;}">
            <Coords points="102,3578 1128,3578 1128,3616 102,3616"/>
            <Baseline points="102,3610 202,3607 414,3607 540,3605 726,3606 829,3604 979,3605 1129,3605"/>
            <TextEquiv>
               <Unicode>548.25, Staatsbahn 750.25, Lombarden 123.25, Alvine Montan⸗</Unicode>
            </TextEquiv>
            <TextStyle fontFamily="Times New Roman" fontSize="5.0"/>
         </TextLine>
         <TextLine id="tl_87"
                   primaryLanguage="German"
                   custom="readingOrder {index:1;}">
            <Coords points="102,3612 1128,3612 1128,3649 102,3649"/>
            <Baseline points="102,3645 183,3644 319,3641 604,3640 725,3639 920,3640 1021,3638 1130,3639"/>
            <TextEquiv>
               <Unicode>aktien 810.50, Rima=Muranyer 677.50, Mai=Rente 92.20, unga⸗</Unicode>
            </TextEquiv>
            <TextStyle fontFamily="Times New Roman" fontSize="5.0"/>
         </TextLine>
         <TextLine id="tl_88"
                   primaryLanguage="German"
                   custom="readingOrder {index:2;}">
            <Coords points="102,3647 1129,3647 1129,3684 102,3684"/>
            <Baseline points="102,3679 202,3678 373,3677 472,3675 682,3675 799,3674 1002,3675 1129,3675"/>
            <TextEquiv>
               <Unicode>rische Kronenrente 91.15, Türkenlose 248.50, Marknoten 117.55,</Unicode>
            </TextEquiv>
            <TextStyle fontFamily="Times New Roman" fontSize="5.0"/>
         </TextLine>
         <TextLine id="tl_89"
                   primaryLanguage="German"
                   custom="readingOrder {index:3;}">
            <Coords points="100,3685 370,3685 370,3715 100,3715"/>
            <Baseline points="100,3715 208,3712 369,3710"/>
            <TextEquiv>
               <Unicode>Skoda=Aktien 652.</Unicode>
            </TextEquiv>
            <TextStyle fontFamily="Times New Roman" fontSize="5.0"/>
         </TextLine>
         <TextEquiv>
            <Unicode>548.25, Staatsbahn 750.25, Lombarden 123.25, Alvine Montan⸗
aktien 810.50, Rima=Muranyer 677.50, Mai=Rente 92.20, unga⸗
rische Kronenrente 91.15, Türkenlose 248.50, Marknoten 117.55,
Skoda=Aktien 652.</Unicode>
         </TextEquiv>
      </TextRegion>
      <TextRegion type="paragraph" id="r_6_12" custom="readingOrder {index:22;}">
         <Coords points="100,3714 1130,3714 1130,3833 100,3833"/>
         <TextLine id="tl_90"
                   primaryLanguage="German"
                   custom="readingOrder {index:0;}">
            <Coords points="188,3715 1129,3715 1129,3756 188,3756"/>
            <Baseline points="188,3747 238,3747 391,3745 529,3745 683,3745 884,3745 1010,3745 1129,3746"/>
            <TextEquiv>
               <Unicode>Im weiteren Verlaufe erfuhren Kreditaktim infolge Buda⸗</Unicode>
            </TextEquiv>
            <TextStyle fontFamily="Times New Roman" fontSize="5.0"/>
         </TextLine>
         <TextLine id="tl_91"
                   primaryLanguage="German"
                   custom="readingOrder {index:1;}">
            <Coords points="104,3751 1127,3751 1127,3789 104,3789"/>
            <Baseline points="103,3784 185,3783 305,3782 398,3781 625,3780 717,3779 834,3779 941,3780 1024,3780 1128,3779"/>
            <TextEquiv>
               <Unicode>pester Abgaben eine Abschwächung. Der übrige Markt blieb ruhig.</Unicode>
            </TextEquiv>
            <TextStyle fontFamily="Times New Roman" fontSize="5.0"/>
         </TextLine>
         <TextLine id="tl_92"
                   primaryLanguage="German"
                   custom="readingOrder {index:2;}">
            <Coords points="101,3786 898,3786 898,3832 101,3832"/>
            <Baseline points="101,3820 179,3818 318,3817 444,3816 566,3815 677,3815 898,3815"/>
            <TextEquiv>
               <Unicode>Berlin meldete mattere Tendenz seiner Montanwerte.</Unicode>
            </TextEquiv>
            <TextStyle fontFamily="Times New Roman" fontSize="5.0"/>
         </TextLine>
         <TextEquiv>
            <Unicode>Im weiteren Verlaufe erfuhren Kreditaktim infolge Buda⸗
pester Abgaben eine Abschwächung. Der übrige Markt blieb ruhig.
Berlin meldete mattere Tendenz seiner Montanwerte.</Unicode>
         </TextEquiv>
      </TextRegion>
      <TextRegion id="region_1548745110473_1" custom="readingOrder {index:23;}">
         <Coords points="2584,3776 2786,3776 2786,3812 2584,3812"/>
         <TextLine id="line_1548745138395_5" custom="readingOrder {index:0;}">
            <Coords points="2586,3759 2779,3758 2779,3808 2586,3809"/>
            <Baseline points="2586,3804 2779,3803"/>
            <TextEquiv>
               <Unicode>Temper. Celsius</Unicode>
            </TextEquiv>
         </TextLine>
         <TextEquiv>
            <Unicode>Temper. Celsius</Unicode>
         </TextEquiv>
      </TextRegion>
      <TextRegion type="paragraph" id="r_6_13" custom="readingOrder {index:24;}">
         <Coords points="100,3828 1130,3828 1130,3908 100,3908"/>
         <TextLine id="tl_93"
                   primaryLanguage="German"
                   custom="readingOrder {index:0;}">
            <Coords points="179,3829 1124,3829 1124,3868 179,3868"/>
            <Baseline points="179,3864 207,3864 237,3862 262,3862 280,3862 307,3862 335,3861 358,3861 432,3861 454,3860 476,3860 506,3860 551,3860 594,3860 620,3860 646,3860 666,3860 690,3859 759,3859 788,3859 824,3859 841,3858 875,3858 903,3858 1124,3860"/>
            <TextEquiv>
               <Unicode>Kurse der Wiener Börse um 1 Uhr 15 Minuten:</Unicode>
            </TextEquiv>
         </TextLine>
         <TextLine id="tl_94"
                   primaryLanguage="German"
                   custom="readingOrder {index:1;}">
            <Coords points="101,3867 1129,3867 1129,3907 101,3907"/>
            <Baseline points="101,3902 282,3901 364,3900 619,3899 810,3897 982,3897 1128,3897"/>
            <TextEquiv>
               <Unicode>Kreditaktien 656.—, Ungarische Kreditbank 832.—, Anglobank</Unicode>
            </TextEquiv>
            <TextStyle fontFamily="Times New Roman" fontSize="5.0"/>
         </TextLine>
         <TextEquiv>
            <Unicode>Kurse der Wiener Börse um 1 Uhr 15 Minuten:
Kreditaktien 656.—, Ungarische Kreditbank 832.—, Anglobank</Unicode>
         </TextEquiv>
      </TextRegion>
      <TextRegion id="region_1548745708090_10" custom="readingOrder {index:25;}">
         <Coords points="2597,3896 2673,3896 2673,3984 2597,3984"/>
         <TextLine id="line_1548745715480_11" custom="readingOrder {index:0;}">
            <Coords points="2604,3879 2664,3880 2663,3930 2603,3929"/>
            <Baseline points="2603,3924 2663,3925"/>
            <TextEquiv>
               <Unicode>22°9</Unicode>
            </TextEquiv>
         </TextLine>
         <TextLine id="line_1548745720527_12" custom="readingOrder {index:1;}">
            <Coords points="2602,3906 2663,3905 2664,3955 2603,3956"/>
            <Baseline points="2603,3951 2664,3950"/>
            <TextEquiv>
               <Unicode>18 2</Unicode>
            </TextEquiv>
         </TextLine>
         <TextLine id="line_1548745725777_13" custom="readingOrder {index:2;}">
            <Coords points="2605,3932 2667,3932 2667,3982 2605,3982"/>
            <Baseline points="2605,3977 2667,3977"/>
            <TextEquiv>
               <Unicode>17°4</Unicode>
            </TextEquiv>
         </TextLine>
         <TextEquiv>
            <Unicode>22°9
18 2
17°4</Unicode>
         </TextEquiv>
      </TextRegion>
      <TextRegion type="paragraph" id="r_6_14" custom="readingOrder {index:26;}">
         <Coords points="98,3906 1129,3906 1129,4104 98,4104"/>
         <TextLine id="tl_95"
                   primaryLanguage="German"
                   custom="readingOrder {index:0;}">
            <Coords points="101,3907 1128,3907 1128,3948 101,3948"/>
            <Baseline points="101,3941 204,3941 419,3937 568,3937 881,3936 992,3937 1130,3937"/>
            <TextEquiv>
               <Unicode>323.50, Bankverein 548.25, Bodenkreditanstalt 1302, Länder⸗</Unicode>
            </TextEquiv>
            <TextStyle fontFamily="Times New Roman" fontSize="5.0"/>
         </TextLine>
         <TextLine id="tl_96"
                   primaryLanguage="German"
                   custom="readingOrder {index:1;}">
            <Coords points="101,3946 1127,3946 1127,3986 101,3986"/>
            <Baseline points="101,3980 164,3979 297,3979 506,3976 606,3976 856,3976 1127,3977"/>
            <TextEquiv>
               <Unicode>bank 531.75, Unionbank 625.—, Ungarische Hypothekenbank</Unicode>
            </TextEquiv>
            <TextStyle fontFamily="Times New Roman" fontSize="5.0"/>
         </TextLine>
         <TextLine id="tl_97"
                   primaryLanguage="German"
                   custom="readingOrder {index:2;}">
            <Coords points="103,3986 1126,3986 1126,4025 103,4025"/>
            <Baseline points="103,4020 267,4018 440,4017 654,4015 797,4015 893,4015 998,4016 1128,4016"/>
            <TextEquiv>
               <Unicode>488.—, Staatsbahn 750.—, Lombarden 123.—, Buschtie⸗</Unicode>
            </TextEquiv>
            <TextStyle fontFamily="Times New Roman" fontSize="5.0"/>
         </TextLine>
         <TextLine id="tl_98"
                   primaryLanguage="German"
                   custom="readingOrder {index:3;}">
            <Coords points="99,4025 1126,4025 1126,4066 99,4066"/>
            <Baseline points="98,4058 119,4059 271,4057 315,4055 498,4056 842,4054 1017,4054 1126,4055"/>
            <TextEquiv>
               <Unicode>hrader Lit. B 1018.—, Dampfschiffahrtsaktien 1157.—, Alpine</Unicode>
            </TextEquiv>
         </TextLine>
         <TextLine id="tl_99"
                   primaryLanguage="German"
                   custom="readingOrder {index:4;}">
            <Coords points="101,4063 1126,4063 1126,4103 101,4103"/>
            <Baseline points="101,4098 227,4096 358,4094 496,4092 724,4094 874,4093 1126,4094"/>
            <TextEquiv>
               <Unicode>Montan 810.25, Prager Eisenindustrie —.—, Rima=Muxanyer</Unicode>
            </TextEquiv>
            <TextStyle fontFamily="Times New Roman" fontSize="5.0"/>
         </TextLine>
         <TextEquiv>
            <Unicode>323.50, Bankverein 548.25, Bodenkreditanstalt 1302, Länder⸗
bank 531.75, Unionbank 625.—, Ungarische Hypothekenbank
488.—, Staatsbahn 750.—, Lombarden 123.—, Buschtie⸗
hrader Lit. B 1018.—, Dampfschiffahrtsaktien 1157.—, Alpine
Montan 810.25, Prager Eisenindustrie —.—, Rima=Muxanyer</Unicode>
         </TextEquiv>
      </TextRegion>
      <TextRegion id="region_1548746303766_14" custom="readingOrder {index:27;}">
         <Coords points="3069,3922 3231,3922 3231,3953 3069,3953"/>
         <TextLine id="line_1548746319863_15" custom="readingOrder {index:0;}">
            <Coords points="3069,3923 3229,3924 3231,3953 3071,3952"/>
            <Baseline points="3071,3947 3231,3948"/>
            <TextEquiv>
               <Unicode>halb bewölkt</Unicode>
            </TextEquiv>
         </TextLine>
         <TextEquiv>
            <Unicode>halb bewölkt</Unicode>
         </TextEquiv>
      </TextRegion>
      <TextRegion type="paragraph" id="r_6_15" custom="readingOrder {index:28;}">
         <Coords points="96,4095 1127,4095 1127,4225 96,4225"/>
         <TextLine id="tl_100"
                   primaryLanguage="German"
                   custom="readingOrder {index:0;}">
            <Coords points="101,4096 1124,4096 1124,4145 101,4145"/>
            <Baseline points="101,4137 201,4136 356,4134 581,4133 732,4133 863,4132 985,4132 1127,4133"/>
            <TextEquiv>
               <Unicode>677.50, Brüxer Kohlenaktien —.—, russische Rente 104.—,</Unicode>
            </TextEquiv>
            <TextStyle fontFamily="Times New Roman" fontSize="5.0"/>
         </TextLine>
         <TextLine id="tl_101"
                   primaryLanguage="German"
                   custom="readingOrder {index:1;}">
            <Coords points="101,4141 1126,4141 1126,4181 101,4181"/>
            <Baseline points="101,4176 261,4174 389,4173 633,4173 817,4172 1013,4172 1127,4171"/>
            <TextEquiv>
               <Unicode>Türkenlose 248.50, Skoda=Aktien 652.—, dreiprozentige Süd⸗</Unicode>
            </TextEquiv>
            <TextStyle fontFamily="Times New Roman" fontSize="5.0"/>
         </TextLine>
         <TextLine id="tl_102"
                   primaryLanguage="German"
                   custom="readingOrder {index:2;}">
            <Coords points="97,4183 467,4183 467,4224 97,4224"/>
            <Baseline points="97,4216 332,4214 467,4212"/>
            <TextEquiv>
               <Unicode>bahnprioritäten 279.25.</Unicode>
            </TextEquiv>
            <TextStyle fontFamily="Times New Roman" fontSize="5.0"/>
         </TextLine>
         <TextEquiv>
            <Unicode>677.50, Brüxer Kohlenaktien —.—, russische Rente 104.—,
Türkenlose 248.50, Skoda=Aktien 652.—, dreiprozentige Süd⸗
bahnprioritäten 279.25.</Unicode>
         </TextEquiv>
      </TextRegion>
      <TextRegion type="paragraph" id="r_6_16" custom="readingOrder {index:29;}">
         <Coords points="96,4228 1126,4228 1126,4348 96,4348"/>
         <TextLine id="tl_103"
                   primaryLanguage="German"
                   custom="readingOrder {index:0;}">
            <Coords points="178,4229 1125,4229 1125,4269 178,4269"/>
            <Baseline points="178,4264 405,4261 789,4259 1125,4260"/>
            <TextEquiv>
               <Unicode>Kurse der Wiener Börse um 1 Uhr 45 Minuten:</Unicode>
            </TextEquiv>
         </TextLine>
         <TextLine id="tl_104"
                   primaryLanguage="German"
                   custom="readingOrder {index:1;}">
            <Coords points="103,4268 1125,4268 1125,4308 103,4308"/>
            <Baseline points="102,4303 285,4301 488,4300 639,4300 839,4298 1030,4298 1125,4298"/>
            <TextEquiv>
               <Unicode>Kreditaktien 656.—, Ungarische Kreditbank 832.—, Anglo⸗</Unicode>
            </TextEquiv>
            <TextStyle fontFamily="Times New Roman" fontSize="5.0"/>
         </TextLine>
         <TextLine id="tl_105"
                   primaryLanguage="German"
                   custom="readingOrder {index:2;}">
            <Coords points="97,4307 1123,4307 1123,4347 97,4347"/>
            <Baseline points="97,4341 340,4339 479,4340 553,4339 656,4338 800,4337 876,4338 971,4338 1123,4338"/>
            <TextEquiv>
               <Unicode>bank 323.50, Unionbank 625.50, Länderbank 531 75. Bankverein</Unicode>
            </TextEquiv>
            <TextStyle fontFamily="Times New Roman" fontSize="5.0"/>
         </TextLine>
         <TextEquiv>
            <Unicode>Kurse der Wiener Börse um 1 Uhr 45 Minuten:
Kreditaktien 656.—, Ungarische Kreditbank 832.—, Anglo⸗
bank 323.50, Unionbank 625.50, Länderbank 531 75. Bankverein</Unicode>
         </TextEquiv>
      </TextRegion>
      <TextRegion type="paragraph" id="r_6_17" custom="readingOrder {index:30;}">
         <Coords points="97,4345 1126,4345 1126,4623 97,4623"/>
         <TextLine id="tl_106"
                   primaryLanguage="German"
                   custom="readingOrder {index:0;}">
            <Coords points="98,4346 1125,4346 1125,4386 98,4386"/>
            <Baseline points="98,4380 211,4379 436,4378 588,4378 819,4377 923,4376 1125,4378"/>
            <TextEquiv>
               <Unicode>548.25, Staatsbahn 749.75, Lombarden 123.—, Prager</Unicode>
            </TextEquiv>
            <TextStyle fontFamily="Times New Roman" fontSize="5.0"/>
         </TextLine>
         <TextLine id="tl_107"
                   primaryLanguage="German"
                   custom="readingOrder {index:1;}">
            <Coords points="101,4386 1124,4386 1124,4425 101,4425"/>
            <Baseline points="101,4420 312,4419 446,4417 543,4418 683,4416 808,4416 1010,4416 1124,4416"/>
            <TextEquiv>
               <Unicode>Eisenindustrie 2710, Alpine Montan 810.50, Mai=Rente 92.20,</Unicode>
            </TextEquiv>
            <TextStyle fontFamily="Times New Roman" fontSize="5.0"/>
         </TextLine>
         <TextLine id="tl_108"
                   primaryLanguage="German"
                   custom="readingOrder {index:2;}">
            <Coords points="102,4424 1125,4424 1125,4467 102,4467"/>
            <Baseline points="102,4458 299,4457 509,4457 653,4456 900,4455 1125,4455"/>
            <TextEquiv>
               <Unicode>österreichische Goldrente 116.20, österreichische Kronenrente</Unicode>
            </TextEquiv>
            <TextStyle fontFamily="Times New Roman" fontSize="5.0"/>
         </TextLine>
         <TextLine id="tl_109"
                   primaryLanguage="German"
                   custom="readingOrder {index:3;}">
            <Coords points="102,4464 1125,4464 1125,4504 102,4504"/>
            <Baseline points="102,4497 186,4497 392,4496 571,4495 704,4495 899,4494 1125,4495"/>
            <TextEquiv>
               <Unicode>92.10, ungarische Goldrente 111.25, ungarische Kronenrente</Unicode>
            </TextEquiv>
            <TextStyle fontFamily="Times New Roman" fontSize="5.0"/>
         </TextLine>
         <TextLine id="tl_110"
                   primaryLanguage="German"
                   custom="readingOrder {index:4;}">
            <Coords points="103,4503 1124,4503 1124,4543 103,4543"/>
            <Baseline points="103,4536 254,4535 380,4536 508,4535 717,4533 846,4532 990,4532 1124,4534"/>
            <TextEquiv>
               <Unicode>91.15, Türkenlose 248.50, Reichsmark 117.55, London 240.25,</Unicode>
            </TextEquiv>
            <TextStyle fontFamily="Times New Roman" fontSize="5.0"/>
         </TextLine>
         <TextLine id="tl_111"
                   primaryLanguage="German"
                   custom="readingOrder {index:5;}">
            <Coords points="106,4541 1124,4541 1124,4582 106,4582"/>
            <Baseline points="104,4574 194,4576 372,4574 696,4573 800,4572 995,4572 1123,4572"/>
            <TextEquiv>
               <Unicode>Paris 94.95, Zwanzigfrancsstücke 19.—, Rubel 2.54,</Unicode>
            </TextEquiv>
            <TextStyle fontFamily="Times New Roman" fontSize="5.0"/>
         </TextLine>
         <TextLine id="tl_112"
                   primaryLanguage="German"
                   custom="readingOrder {index:6;}">
            <Coords points="105,4580 753,4580 753,4622 105,4622"/>
            <Baseline points="105,4615 306,4614 440,4613 627,4613 753,4611"/>
            <TextEquiv>
               <Unicode>Skoda=Aktien 650.—. Andauernd lustlos.</Unicode>
            </TextEquiv>
            <TextStyle fontFamily="Times New Roman" fontSize="5.0"/>
         </TextLine>
         <TextEquiv>
            <Unicode>548.25, Staatsbahn 749.75, Lombarden 123.—, Prager
Eisenindustrie 2710, Alpine Montan 810.50, Mai=Rente 92.20,
österreichische Goldrente 116.20, österreichische Kronenrente
92.10, ungarische Goldrente 111.25, ungarische Kronenrente
91.15, Türkenlose 248.50, Reichsmark 117.55, London 240.25,
Paris 94.95, Zwanzigfrancsstücke 19.—, Rubel 2.54,
Skoda=Aktien 650.—. Andauernd lustlos.</Unicode>
         </TextEquiv>
      </TextRegion>
      <TextRegion type="paragraph" id="r_6_18" custom="readingOrder {index:31;}">
         <Coords points="101,4627 1127,4627 1127,4709 101,4709"/>
         <TextLine id="tl_113"
                   primaryLanguage="German"
                   custom="readingOrder {index:0;}">
            <Coords points="179,4628 1126,4628 1126,4670 179,4670"/>
            <Baseline points="179,4664 296,4661 387,4662 545,4662 673,4661 719,4661 793,4660 879,4661 942,4659 1104,4661 1124,4660"/>
            <TextEquiv>
               <Unicode>Schluß der Wiener Börse um 2 Uhr — Minuten:</Unicode>
            </TextEquiv>
         </TextLine>
         <TextLine id="tl_114"
                   primaryLanguage="German"
                   custom="readingOrder {index:1;}">
            <Coords points="102,4669 1125,4669 1125,4708 102,4708"/>
            <Baseline points="102,4703 285,4700 369,4700 620,4700 803,4699 886,4700 1125,4698"/>
            <TextEquiv>
               <Unicode>Kreditaktien 656.—, Ungarische Kreditbank 832.—, Anglobank</Unicode>
            </TextEquiv>
            <TextStyle fontFamily="Times New Roman" fontSize="5.0"/>
         </TextLine>
         <TextEquiv>
            <Unicode>Schluß der Wiener Börse um 2 Uhr — Minuten:
Kreditaktien 656.—, Ungarische Kreditbank 832.—, Anglobank</Unicode>
         </TextEquiv>
      </TextRegion>
      <TextRegion type="paragraph" id="r_6_19" custom="readingOrder {index:32;}">
         <Coords points="99,4706 1126,4706 1126,4748 99,4748"/>
         <TextLine id="tl_115"
                   primaryLanguage="German"
                   custom="readingOrder {index:0;}">
            <Coords points="100,4707 1125,4707 1125,4747 100,4747"/>
            <Baseline points="100,4740 252,4740 415,4739 554,4740 774,4739 912,4738 1125,4738"/>
            <TextEquiv>
               <Unicode>823.50, Unionbank 625.50, Länderbank 531.50, Bankverein</Unicode>
            </TextEquiv>
            <TextStyle fontFamily="Times New Roman" fontSize="5.0"/>
         </TextLine>
         <TextEquiv>
            <Unicode>823.50, Unionbank 625.50, Länderbank 531.50, Bankverein</Unicode>
         </TextEquiv>
      </TextRegion>
      <TextRegion type="paragraph" id="r_6_20" custom="readingOrder {index:33;}">
         <Coords points="94,4746 1131,4746 1131,5218 94,5218"/>
         <TextLine id="tl_116"
                   primaryLanguage="German"
                   custom="readingOrder {index:0;}">
            <Coords points="99,4747 1125,4747 1125,4788 99,4788"/>
            <Baseline points="99,4779 204,4778 546,4777 865,4778 1041,4776 1124,4776"/>
            <TextEquiv>
               <Unicode>548.25, Niederösterreichische Eskomptegesellschaft 775.—, Unga⸗</Unicode>
            </TextEquiv>
            <TextStyle fontFamily="Times New Roman" fontSize="5.0"/>
         </TextLine>
         <TextLine id="tl_117"
                   primaryLanguage="German"
                   custom="readingOrder {index:1;}">
            <Coords points="99,4787 1126,4787 1126,4827 99,4827"/>
            <Baseline points="99,4819 178,4819 453,4818 554,4818 843,4817 985,4816 1128,4815"/>
            <TextEquiv>
               <Unicode>rische Hypothekenbank 488.—, Staatsbahn 749.75, Lom⸗</Unicode>
            </TextEquiv>
            <TextStyle fontFamily="Times New Roman" fontSize="5.0"/>
         </TextLine>
         <TextLine id="tl_118"
                   primaryLanguage="German"
                   custom="readingOrder {index:2;}">
            <Coords points="100,4822 1126,4822 1126,4865 100,4865"/>
            <Baseline points="100,4859 196,4858 273,4859 588,4858 645,4857 757,4856 845,4855 956,4855 1127,4855"/>
            <TextEquiv>
               <Unicode>barden 123.—, Buschtiehrader Bahn Lit. B 1020, Ferdi⸗</Unicode>
            </TextEquiv>
         </TextLine>
         <TextLine id="tl_119"
                   primaryLanguage="German"
                   custom="readingOrder {index:3;}">
            <Coords points="99,4865 1127,4865 1127,4905 99,4905"/>
            <Baseline points="99,4898 186,4896 228,4896 372,4897 612,4895 945,4894 1125,4893"/>
            <TextEquiv>
               <Unicode>nands = Nordbahn 5080.—, Dampfschiffahrtsaktien 1160.—,</Unicode>
            </TextEquiv>
            <TextStyle fontFamily="Times New Roman" fontSize="5.0"/>
         </TextLine>
         <TextLine id="tl_120"
                   primaryLanguage="German"
                   custom="readingOrder {index:4;}">
            <Coords points="99,4903 1126,4903 1126,4944 99,4944"/>
            <Baseline points="99,4938 179,4936 318,4934 486,4935 818,4934 959,4933 1126,4932"/>
            <TextEquiv>
               <Unicode>Lloyd 580.50, Alpine Montangesellschaft 810.25, Rima=</Unicode>
            </TextEquiv>
            <TextStyle fontFamily="Times New Roman" fontSize="5.0"/>
         </TextLine>
         <TextLine id="tl_121"
                   primaryLanguage="German"
                   custom="readingOrder {index:5;}">
            <Coords points="99,4941 1127,4941 1127,4983 99,4983"/>
            <Baseline points="99,4977 258,4975 398,4975 556,4975 807,4973 1032,4972 1127,4972"/>
            <TextEquiv>
               <Unicode>Muranyer 677.50, Prager Eisenindustrie 2710.—, Brüxer</Unicode>
            </TextEquiv>
            <TextStyle fontFamily="Times New Roman" fontSize="5.0"/>
         </TextLine>
         <TextLine id="tl_122"
                   primaryLanguage="German"
                   custom="readingOrder {index:6;}">
            <Coords points="100,4981 1126,4981 1126,5023 100,5023"/>
            <Baseline points="100,5017 209,5014 288,5014 614,5014 744,5013 924,5011 1126,5011"/>
            <TextEquiv>
               <Unicode>Kohlen 768.—, Salgo=Tarjaner Kohlen 671.50, Westböhmische</Unicode>
            </TextEquiv>
            <TextStyle fontFamily="Times New Roman" fontSize="5.0"/>
         </TextLine>
         <TextLine id="tl_123"
                   primaryLanguage="German"
                   custom="readingOrder {index:7;}">
            <Coords points="102,5020 1127,5020 1127,5061 102,5061"/>
            <Baseline points="102,5055 210,5053 385,5052 533,5053 719,5052 846,5052 923,5051 1128,5050"/>
            <TextEquiv>
               <Unicode>Kohlen 683.—, Ungarische Allgemeine Kohlen 765.—, Skoda=</Unicode>
            </TextEquiv>
            <TextStyle fontFamily="Times New Roman" fontSize="5.0"/>
         </TextLine>
         <TextLine id="tl_124"
                   primaryLanguage="German"
                   custom="readingOrder {index:8;}">
            <Coords points="102,5058 1126,5058 1126,5101 102,5101"/>
            <Baseline points="102,5094 196,5093 351,5094 684,5092 833,5092 1010,5090 1069,5090 1126,5090"/>
            <TextEquiv>
               <Unicode>Aktien 650.—, Karpathen=Petroleum 784.—, Mai=Rente 92.20,</Unicode>
            </TextEquiv>
            <TextStyle fontFamily="Times New Roman" fontSize="5.0"/>
         </TextLine>
         <TextLine id="tl_125"
                   primaryLanguage="German"
                   custom="readingOrder {index:9;}">
            <Coords points="103,5095 1126,5095 1126,5140 103,5140"/>
            <Baseline points="103,5133 301,5133 502,5132 614,5131 792,5131 1011,5129 1127,5129"/>
            <TextEquiv>
               <Unicode>österreichische Kronenrente 92.10, ungarische Kronenrente 91.15,</Unicode>
            </TextEquiv>
            <TextStyle fontFamily="Times New Roman" fontSize="5.0"/>
         </TextLine>
         <TextLine id="tl_126"
                   primaryLanguage="German"
                   custom="readingOrder {index:10;}">
            <Coords points="102,5137 1128,5137 1128,5181 102,5181"/>
            <Baseline points="102,5172 307,5172 672,5170 835,5170 999,5169 1128,5168"/>
            <TextEquiv>
               <Unicode>dreiprozentige Südbahnprioritäten 279.25, russische Rente</Unicode>
            </TextEquiv>
            <TextStyle fontFamily="Times New Roman" fontSize="5.0"/>
         </TextLine>
         <TextLine id="tl_127"
                   primaryLanguage="German"
                   custom="readingOrder {index:11;}">
            <Coords points="95,5177 1130,5177 1130,5217 95,5217"/>
            <Baseline points="97,5212 185,5210 411,5211 478,5210 749,5210 937,5208 1130,5206"/>
            <TextEquiv>
               <Unicode>104.—, Türkenlose 248.50. Reichsmark 117.55, Depositenbank</Unicode>
            </TextEquiv>
            <TextStyle fontFamily="Times New Roman" fontSize="5.0"/>
         </TextLine>
         <TextEquiv>
            <Unicode>548.25, Niederösterreichische Eskomptegesellschaft 775.—, Unga⸗
rische Hypothekenbank 488.—, Staatsbahn 749.75, Lom⸗
barden 123.—, Buschtiehrader Bahn Lit. B 1020, Ferdi⸗
nands = Nordbahn 5080.—, Dampfschiffahrtsaktien 1160.—,
Lloyd 580.50, Alpine Montangesellschaft 810.25, Rima=
Muranyer 677.50, Prager Eisenindustrie 2710.—, Brüxer
Kohlen 768.—, Salgo=Tarjaner Kohlen 671.50, Westböhmische
Kohlen 683.—, Ungarische Allgemeine Kohlen 765.—, Skoda=
Aktien 650.—, Karpathen=Petroleum 784.—, Mai=Rente 92.20,
österreichische Kronenrente 92.10, ungarische Kronenrente 91.15,
dreiprozentige Südbahnprioritäten 279.25, russische Rente
104.—, Türkenlose 248.50. Reichsmark 117.55, Depositenbank</Unicode>
         </TextEquiv>
      </TextRegion>
      <TextRegion type="paragraph" id="r_7_1" custom="readingOrder {index:34;}">
         <Coords points="1431,205 2005,205 2005,246 1431,246"/>
         <TextLine id="tl_128"
                   primaryLanguage="German"
                   custom="readingOrder {index:0;}">
            <Coords points="1432,206 2004,206 2004,245 1432,245"/>
            <Baseline points="1432,241 1587,241 1769,241 2005,243"/>
            <TextEquiv>
               <Unicode>Neue Freie Presse.</Unicode>
            </TextEquiv>
            <TextStyle fontFamily="Times New Roman" fontSize="7.5" bold="true"/>
         </TextLine>
         <TextEquiv>
            <Unicode>Neue Freie Presse.</Unicode>
         </TextEquiv>
      </TextRegion>
      <TextRegion type="paragraph" id="r_8_1" custom="readingOrder {index:35;}">
         <Coords points="3121,208 3256,208 3256,243 3121,243"/>
         <TextLine id="tl_129"
                   primaryLanguage="German"
                   custom="readingOrder {index:0;}">
            <Coords points="3122,209 3255,209 3255,242 3122,242"/>
            <Baseline points="3122,241 3205,240 3255,239"/>
            <TextEquiv>
               <Unicode>Seite 5</Unicode>
            </TextEquiv>
            <TextStyle fontFamily="Times New Roman" fontSize="7.0" bold="true"/>
         </TextLine>
         <TextEquiv>
            <Unicode>Seite 5</Unicode>
         </TextEquiv>
      </TextRegion>
      <TextRegion type="paragraph" id="r_9_1" custom="readingOrder {index:36;}">
         <Coords points="1186,284 2213,284 2213,367 1186,367"/>
         <TextLine id="tl_130"
                   primaryLanguage="German"
                   custom="readingOrder {index:0;}">
            <Coords points="1187,285 2208,285 2208,327 1187,327"/>
            <Baseline points="1187,317 1321,317 1531,317 1664,318 1882,318 2043,318 2209,318"/>
            <TextEquiv>
               <Unicode>531.—, Orientbahnen 717.—. Unverändert schwächer. Budapest</Unicode>
            </TextEquiv>
            <TextStyle fontFamily="Times New Roman" fontSize="7.0"/>
         </TextLine>
         <TextLine id="tl_131"
                   primaryLanguage="German"
                   custom="readingOrder {index:1;}">
            <Coords points="1189,324 2212,324 2212,366 1189,366"/>
            <Baseline points="1187,356 1343,357 1466,356 1582,357 1747,356 1826,357 1936,358 2080,358 2212,356"/>
            <TextEquiv>
               <Unicode>andauernd lustlos. Paris schwächer. Rio 1765, Debeers 471.—.</Unicode>
            </TextEquiv>
            <TextStyle fontFamily="Times New Roman" fontSize="7.0"/>
         </TextLine>
         <TextEquiv>
            <Unicode>531.—, Orientbahnen 717.—. Unverändert schwächer. Budapest
andauernd lustlos. Paris schwächer. Rio 1765, Debeers 471.—.</Unicode>
         </TextEquiv>
      </TextRegion>
      <TextRegion type="paragraph" id="r_9_2" custom="readingOrder {index:37;}">
         <Coords points="1437,397 1957,397 1957,436 1437,436"/>
         <TextLine id="tl_132"
                   primaryLanguage="German"
                   custom="readingOrder {index:0;}">
            <Coords points="1438,398 1956,398 1956,435 1438,435"/>
            <Baseline points="1438,428 1499,428 1659,430 1770,429 1817,428 1956,431"/>
            <TextEquiv>
               <Unicode>Die heutigen Kurse in Berlin.</Unicode>
            </TextEquiv>
            <TextStyle fontFamily="Times New Roman" fontSize="6.0" bold="true"/>
         </TextLine>
         <TextEquiv>
            <Unicode>Die heutigen Kurse in Berlin.</Unicode>
         </TextEquiv>
      </TextRegion>
      <TextRegion type="paragraph" id="r_9_3" custom="readingOrder {index:38;}">
         <Coords points="1444,440 1966,440 1966,475 1444,475"/>
         <TextLine id="tl_133"
                   primaryLanguage="German"
                   custom="readingOrder {index:0;}">
            <Coords points="1445,441 1965,441 1965,474 1445,474"/>
            <Baseline points="1441,467 1587,466 1651,467 1751,468 1847,468 1965,466"/>
            <TextEquiv>
               <Unicode>(Telegramm der „Neuen Freien Presse“.)</Unicode>
            </TextEquiv>
            <TextStyle fontFamily="Times New Roman" fontSize="4.0"/>
         </TextLine>
         <TextEquiv>
            <Unicode>(Telegramm der „Neuen Freien Presse“.)</Unicode>
         </TextEquiv>
      </TextRegion>
      <TextRegion type="paragraph" id="r_9_4" custom="readingOrder {index:39;}">
         <Coords points="1899,478 2179,478 2179,515 1899,515"/>
         <TextLine id="tl_134"
                   primaryLanguage="German"
                   custom="readingOrder {index:0;}">
            <Coords points="1900,479 2178,479 2178,514 1900,514"/>
            <Baseline points="1899,507 1925,507 2085,509 2177,509"/>
            <TextEquiv>
               <Unicode>Berlin, 1. Juli.</Unicode>
            </TextEquiv>
         </TextLine>
         <TextEquiv>
            <Unicode>Berlin, 1. Juli.</Unicode>
         </TextEquiv>
      </TextRegion>
      <TextRegion type="paragraph" id="r_9_5" custom="readingOrder {index:40;}">
         <Coords points="1190,518 2213,518 2213,719 1190,719"/>
         <TextLine id="tl_135"
                   primaryLanguage="German"
                   custom="readingOrder {index:0;}">
            <Coords points="1265,519 2212,519 2212,566 1265,566"/>
            <Baseline points="1265,553 1318,553 1506,555 1704,553 1987,554 2042,555 2215,554"/>
            <TextEquiv>
               <Unicode>Die neuerlichen Eisenpreisermäßigungen und die Schwierig⸗</Unicode>
            </TextEquiv>
            <TextStyle fontFamily="Times New Roman" fontSize="7.0"/>
         </TextLine>
         <TextLine id="tl_136"
                   primaryLanguage="German"
                   custom="readingOrder {index:1;}">
            <Coords points="1194,559 2212,559 2212,601 1194,601"/>
            <Baseline points="1194,591 1275,591 1342,592 1641,593 1763,592 1827,593 1978,593 2212,594"/>
            <TextEquiv>
               <Unicode>keiten im Roheisenverbande gaben zu weiteren Realisationen</Unicode>
            </TextEquiv>
            <TextStyle fontFamily="Times New Roman" fontSize="7.0"/>
         </TextLine>
         <TextLine id="tl_137"
                   primaryLanguage="German"
                   custom="readingOrder {index:2;}">
            <Coords points="1192,598 2210,598 2210,645 1192,645"/>
            <Baseline points="1192,631 1222,630 1298,632 1552,631 1683,632 1855,631 2017,632 2096,631 2210,633"/>
            <TextEquiv>
               <Unicode>in den Montanwerten Anlaß. Hingegen bewahrte der übrige</Unicode>
            </TextEquiv>
            <TextStyle fontFamily="Times New Roman" fontSize="7.0"/>
         </TextLine>
         <TextLine id="tl_138"
                   primaryLanguage="German"
                   custom="readingOrder {index:3;}">
            <Coords points="1191,638 2209,638 2209,680 1191,680"/>
            <Baseline points="1191,670 1284,669 1369,671 1484,671 1617,669 1734,671 1861,671 2143,671 2211,670"/>
            <TextEquiv>
               <Unicode>Markt eine festere Haltung und speziell Elektrizitätswerte be⸗</Unicode>
            </TextEquiv>
            <TextStyle fontFamily="Times New Roman" fontSize="7.0"/>
         </TextLine>
         <TextLine id="tl_139"
                   primaryLanguage="German"
                   custom="readingOrder {index:4;}">
            <Coords points="1191,672 2209,672 2209,718 1191,718"/>
            <Baseline points="1188,708 1321,710 1507,709 1706,711 1788,710 1989,711 2209,710"/>
            <TextEquiv>
               <Unicode>gegneten neuerlicher Nachfrage. Es notierten: Laura=Hütte</Unicode>
            </TextEquiv>
            <TextStyle fontFamily="Times New Roman" fontSize="7.0"/>
         </TextLine>
         <TextEquiv>
            <Unicode>Die neuerlichen Eisenpreisermäßigungen und die Schwierig⸗
keiten im Roheisenverbande gaben zu weiteren Realisationen
in den Montanwerten Anlaß. Hingegen bewahrte der übrige
Markt eine festere Haltung und speziell Elektrizitätswerte be⸗
gegneten neuerlicher Nachfrage. Es notierten: Laura=Hütte</Unicode>
         </TextEquiv>
      </TextRegion>
      <TextRegion type="paragraph" id="r_9_6" custom="readingOrder {index:41;}">
         <Coords points="1190,714 2211,714 2211,758 1190,758"/>
         <TextLine id="tl_140"
                   primaryLanguage="German"
                   custom="readingOrder {index:0;}">
            <Coords points="1191,715 2210,715 2210,757 1191,757"/>
            <Baseline points="1191,748 1296,747 1486,749 1630,750 1882,749 2018,749 2210,748"/>
            <TextEquiv>
               <Unicode>175.50, Bochumer 236.62, Gelsenkirchener 198.75, Harpener</Unicode>
            </TextEquiv>
            <TextStyle fontFamily="Times New Roman" fontSize="7.0"/>
         </TextLine>
         <TextEquiv>
            <Unicode>175.50, Bochumer 236.62, Gelsenkirchener 198.75, Harpener</Unicode>
         </TextEquiv>
      </TextRegion>
      <TextRegion type="paragraph" id="r_9_7" custom="readingOrder {index:42;}">
         <Coords points="1187,754 2208,754 2208,836 1187,836"/>
         <TextLine id="tl_141"
                   primaryLanguage="German"
                   custom="readingOrder {index:0;}">
            <Coords points="1192,755 2207,755 2207,796 1192,796"/>
            <Baseline points="1192,787 1304,787 1439,787 1582,787 1730,787 1838,789 1933,789 2064,789 2209,789"/>
            <TextEquiv>
               <Unicode>187.25, Phönix 247.87, Deutsche Bank 266, Edison 277.25,</Unicode>
            </TextEquiv>
            <TextStyle fontFamily="Times New Roman" fontSize="7.0"/>
         </TextLine>
         <TextLine id="tl_142"
                   primaryLanguage="German"
                   custom="readingOrder {index:1;}">
            <Coords points="1188,794 1828,794 1828,835 1188,835"/>
            <Baseline points="1188,828 1321,828 1460,827 1691,828 1828,827"/>
            <TextEquiv>
               <Unicode>Siemens 253.75, Straßenbahn 203.25.</Unicode>
            </TextEquiv>
            <TextStyle fontFamily="Times New Roman" fontSize="7.0"/>
         </TextLine>
         <TextEquiv>
            <Unicode>187.25, Phönix 247.87, Deutsche Bank 266, Edison 277.25,
Siemens 253.75, Straßenbahn 203.25.</Unicode>
         </TextEquiv>
      </TextRegion>
      <TextRegion type="paragraph" id="r_10_1" custom="readingOrder {index:43;}">
         <Coords points="1552,883 1843,883 1843,927 1552,927"/>
         <TextLine id="tl_143"
                   primaryLanguage="German"
                   custom="readingOrder {index:0;}">
            <Coords points="1553,884 1842,884 1842,926 1553,926"/>
            <Baseline points="1553,918 1653,916 1725,917 1842,916"/>
            <TextEquiv>
               <Unicode>Wien, 1. Juli.</Unicode>
            </TextEquiv>
            <TextStyle fontFamily="Times New Roman" fontSize="7.0"/>
         </TextLine>
         <TextEquiv>
            <Unicode>Wien, 1. Juli.</Unicode>
         </TextEquiv>
      </TextRegion>
      <TextRegion type="paragraph" id="r_10_2" custom="readingOrder {index:44;}">
         <Coords points="1190,938 2213,938 2213,1024 1190,1024"/>
         <TextLine id="tl_144"
                   primaryLanguage="German"
                   custom="readingOrder {index:0;}">
            <Coords points="1270,939 2212,939 2212,982 1270,982"/>
            <Baseline points="1270,971 1646,972 1850,972 1985,973 2207,971"/>
            <TextEquiv>
               <Unicode>[Internationale Ernteschätzungen.] Aus</Unicode>
            </TextEquiv>
         </TextLine>
         <TextLine id="tl_145"
                   primaryLanguage="German"
                   custom="readingOrder {index:1;}">
            <Coords points="1191,979 2210,979 2210,1023 1191,1023"/>
            <Baseline points="1191,1012 1268,1012 1362,1012 1604,1012 1724,1013 1980,1013 2210,1011"/>
            <TextEquiv>
               <Unicode>Rom wird telegraphiert: Das Internationale wirtschaftliche</Unicode>
            </TextEquiv>
            <TextStyle fontFamily="Times New Roman" fontSize="7.0"/>
         </TextLine>
         <TextEquiv>
            <Unicode>[Internationale Ernteschätzungen.] Aus
Rom wird telegraphiert: Das Internationale wirtschaftliche</Unicode>
         </TextEquiv>
      </TextRegion>
      <TextRegion type="paragraph" id="r_10_3" custom="readingOrder {index:45;}">
         <Coords points="1189,1019 2210,1019 2210,1420 1189,1420"/>
         <TextLine id="tl_146"
                   primaryLanguage="German"
                   custom="readingOrder {index:0;}">
            <Coords points="1192,1020 2208,1020 2208,1061 1192,1061"/>
            <Baseline points="1192,1052 1312,1052 1527,1052 1630,1052 1787,1053 2041,1051 2106,1050 2209,1049"/>
            <TextEquiv>
               <Unicode>Institut veröffentlicht heute folgende Einheitsziffern in Pro⸗</Unicode>
            </TextEquiv>
            <TextStyle fontFamily="Times New Roman" fontSize="7.0"/>
         </TextLine>
         <TextLine id="tl_147"
                   primaryLanguage="German"
                   custom="readingOrder {index:1;}">
            <Coords points="1191,1060 2209,1060 2209,1101 1191,1101"/>
            <Baseline points="1189,1091 1285,1092 1380,1092 1420,1093 1499,1092 1839,1093 2020,1093 2108,1090 2211,1091"/>
            <TextEquiv>
               <Unicode>zenten über die Ernteflächen im Vergleiche zum Vor⸗</Unicode>
            </TextEquiv>
         </TextLine>
         <TextLine id="tl_148"
                   primaryLanguage="German"
                   custom="readingOrder {index:2;}">
            <Coords points="1190,1100 2207,1100 2207,1141 1190,1141"/>
            <Baseline points="1189,1131 1288,1131 1510,1132 1631,1133 1768,1132 1882,1133 1994,1133 2096,1131 2207,1131"/>
            <TextEquiv>
               <Unicode>jahre: Frankreich: Weizen 95°9, Roggen 90°8, Gerste 103°7</Unicode>
            </TextEquiv>
            <TextStyle fontFamily="Times New Roman" fontSize="7.0"/>
         </TextLine>
         <TextLine id="tl_149"
                   primaryLanguage="German"
                   custom="readingOrder {index:3;}">
            <Coords points="1191,1139 2208,1139 2208,1181 1191,1181"/>
            <Baseline points="1191,1171 1249,1171 1363,1172 1473,1172 1590,1171 1664,1170 1835,1171 1990,1171 2071,1171 2208,1169"/>
            <TextEquiv>
               <Unicode>und Hafer 101°9 Prozent; Kanada: Weizen 113, Hafer</Unicode>
            </TextEquiv>
         </TextLine>
         <TextLine id="tl_150"
                   primaryLanguage="German"
                   custom="readingOrder {index:4;}">
            <Coords points="1193,1178 2208,1178 2208,1219 1193,1219"/>
            <Baseline points="1193,1210 1277,1211 1436,1211 1492,1211 1576,1211 1729,1208 1772,1210 1887,1210 1951,1211 2121,1208 2208,1209"/>
            <TextEquiv>
               <Unicode>104°2 Prozent. Der Saatenstand ist in Frankreich be⸗</Unicode>
            </TextEquiv>
         </TextLine>
         <TextLine id="tl_151"
                   primaryLanguage="German"
                   custom="readingOrder {index:5;}">
            <Coords points="1191,1218 2208,1218 2208,1260 1191,1260"/>
            <Baseline points="1190,1249 1330,1250 1427,1251 1572,1250 1764,1249 1883,1250 1959,1250 2100,1249 2208,1251"/>
            <TextEquiv>
               <Unicode>friedigend, in Ungarn mittelmäßig und in Italien, den</Unicode>
            </TextEquiv>
            <TextStyle fontFamily="Times New Roman" fontSize="7.0"/>
         </TextLine>
         <TextLine id="tl_152"
                   primaryLanguage="German"
                   custom="readingOrder {index:6;}">
            <Coords points="1191,1258 2208,1258 2208,1298 1191,1298"/>
            <Baseline points="1190,1291 1391,1289 1599,1290 1692,1289 1855,1289 1949,1290 2059,1289 2210,1287"/>
            <TextEquiv>
               <Unicode>Niederlanden, Schweden und Serbien gut. Die Weizen⸗</Unicode>
            </TextEquiv>
            <TextStyle fontFamily="Times New Roman" fontSize="7.0"/>
         </TextLine>
         <TextLine id="tl_153"
                   primaryLanguage="German"
                   custom="readingOrder {index:7;}">
            <Coords points="1190,1297 2207,1297 2207,1339 1190,1339"/>
            <Baseline points="1187,1328 1356,1329 1425,1329 1623,1328 1768,1329 1862,1328 1930,1327 2042,1327 2207,1326"/>
            <TextEquiv>
               <Unicode>produktion der Vereinigten Staaten wird auf 109°9 Prozent,</Unicode>
            </TextEquiv>
            <TextStyle fontFamily="Times New Roman" fontSize="7.0"/>
         </TextLine>
         <TextLine id="tl_154"
                   primaryLanguage="German"
                   custom="readingOrder {index:8;}">
            <Coords points="1190,1337 2205,1337 2205,1379 1190,1379"/>
            <Baseline points="1190,1371 1232,1369 1446,1370 1513,1368 1604,1370 1761,1368 1853,1369 1950,1369 2205,1368"/>
            <TextEquiv>
               <Unicode>die Gerstenernte auf 108 Prozent und das Hafererträgnis</Unicode>
            </TextEquiv>
            <TextStyle fontFamily="Times New Roman" fontSize="7.0"/>
         </TextLine>
         <TextLine id="tl_155"
                   primaryLanguage="German"
                   custom="readingOrder {index:9;}">
            <Coords points="1191,1375 1637,1375 1637,1419 1191,1419"/>
            <Baseline points="1191,1408 1207,1408 1307,1409 1475,1409 1552,1408 1632,1409"/>
            <TextEquiv>
               <Unicode>auf 86°7 Prozent geschätzt.</Unicode>
            </TextEquiv>
         </TextLine>
         <TextEquiv>
            <Unicode>Institut veröffentlicht heute folgende Einheitsziffern in Pro⸗
zenten über die Ernteflächen im Vergleiche zum Vor⸗
jahre: Frankreich: Weizen 95°9, Roggen 90°8, Gerste 103°7
und Hafer 101°9 Prozent; Kanada: Weizen 113, Hafer
104°2 Prozent. Der Saatenstand ist in Frankreich be⸗
friedigend, in Ungarn mittelmäßig und in Italien, den
Niederlanden, Schweden und Serbien gut. Die Weizen⸗
produktion der Vereinigten Staaten wird auf 109°9 Prozent,
die Gerstenernte auf 108 Prozent und das Hafererträgnis
auf 86°7 Prozent geschätzt.</Unicode>
         </TextEquiv>
      </TextRegion>
      <TextRegion type="paragraph" id="r_10_4" custom="readingOrder {index:46;}">
         <Coords points="1182,1424 2208,1424 2208,1818 1182,1818"/>
         <TextLine id="tl_156"
                   primaryLanguage="German"
                   custom="readingOrder {index:0;}">
            <Coords points="1263,1425 2207,1425 2207,1466 1263,1466"/>
            <Baseline points="1262,1457 1353,1456 1561,1457 1612,1455 1687,1457 1731,1457 1816,1457 2008,1456 2207,1456"/>
            <TextEquiv>
               <Unicode>[Der Saatenstand in Amerika.] Man tele⸗</Unicode>
            </TextEquiv>
         </TextLine>
         <TextLine id="tl_157"
                   primaryLanguage="German"
                   custom="readingOrder {index:1;}">
            <Coords points="1187,1463 2206,1463 2206,1504 1187,1504"/>
            <Baseline points="1183,1494 1323,1496 1407,1496 1457,1496 1555,1495 1827,1495 1937,1496 2083,1495 2207,1496"/>
            <TextEquiv>
               <Unicode>graphiert uns aus Newyork: Nach dem offiziellen Be⸗</Unicode>
            </TextEquiv>
         </TextLine>
         <TextLine id="tl_158"
                   primaryLanguage="German"
                   custom="readingOrder {index:2;}">
            <Coords points="1185,1503 2202,1503 2202,1544 1185,1544"/>
            <Baseline points="1185,1535 1258,1536 1329,1535 1472,1536 1670,1534 1818,1535 1902,1535 2205,1534"/>
            <TextEquiv>
               <Unicode>richte des Staates Oklahoma beträgt der Durchschnittsstand</Unicode>
            </TextEquiv>
            <TextStyle fontFamily="Times New Roman" fontSize="7.0"/>
         </TextLine>
         <TextLine id="tl_159"
                   primaryLanguage="German"
                   custom="readingOrder {index:3;}">
            <Coords points="1185,1539 2205,1539 2205,1582 1185,1582"/>
            <Baseline points="1182,1573 1220,1574 1302,1574 1646,1574 1779,1573 1877,1574 2208,1572"/>
            <TextEquiv>
               <Unicode>von Winterweizen 45 Prozent, das Durchschnittserträg⸗</Unicode>
            </TextEquiv>
         </TextLine>
         <TextLine id="tl_160"
                   primaryLanguage="German"
                   custom="readingOrder {index:4;}">
            <Coords points="1183,1581 2203,1581 2203,1623 1183,1623"/>
            <Baseline points="1183,1614 1231,1613 1301,1613 1392,1613 1464,1614 1616,1613 1696,1614 1809,1613 1919,1613 2177,1611 2203,1614"/>
            <TextEquiv>
               <Unicode>nis per Acre 8°6 Prozent. Der Statistiker Snow schätzt den</Unicode>
            </TextEquiv>
         </TextLine>
         <TextLine id="tl_161"
                   primaryLanguage="German"
                   custom="readingOrder {index:5;}">
            <Coords points="1185,1620 2204,1620 2204,1660 1185,1660"/>
            <Baseline points="1185,1652 1461,1652 1540,1652 1794,1652 1853,1652 2034,1651 2105,1651 2204,1652"/>
            <TextEquiv>
               <Unicode>Durchschnittsstand des Winterweizens in Oklahoma auf 50°9</Unicode>
            </TextEquiv>
            <TextStyle fontFamily="Times New Roman" fontSize="7.0"/>
         </TextLine>
         <TextLine id="tl_162"
                   primaryLanguage="German"
                   custom="readingOrder {index:6;}">
            <Coords points="1184,1658 2202,1658 2202,1700 1184,1700"/>
            <Baseline points="1183,1690 1315,1690 1395,1691 1499,1691 1662,1692 1805,1691 1877,1691 2019,1691 2202,1690"/>
            <TextEquiv>
               <Unicode>Prozent. Nach dem offiziellen Berichte des Staates Oklahoma</Unicode>
            </TextEquiv>
            <TextStyle fontFamily="Times New Roman" fontSize="7.0"/>
         </TextLine>
         <TextLine id="tl_163"
                   primaryLanguage="German"
                   custom="readingOrder {index:7;}">
            <Coords points="1186,1698 2204,1698 2204,1741 1186,1741"/>
            <Baseline points="1186,1730 1289,1730 1386,1730 1713,1729 1773,1730 1983,1730 2204,1730"/>
            <TextEquiv>
               <Unicode>beträgt der Durchschnittsstand von Baumwolle 78°9</Unicode>
            </TextEquiv>
         </TextLine>
         <TextLine id="tl_164"
                   primaryLanguage="German"
                   custom="readingOrder {index:8;}">
            <Coords points="1186,1736 2203,1736 2203,1778 1186,1778"/>
            <Baseline points="1185,1768 1314,1770 1391,1770 1518,1770 1692,1769 1823,1770 1902,1770 2203,1767"/>
            <TextEquiv>
               <Unicode>Prozent. Miß Giles (Newyork) schätzt den Durchschnittsstand</Unicode>
            </TextEquiv>
            <TextStyle fontFamily="Times New Roman" fontSize="7.0"/>
         </TextLine>
         <TextLine id="tl_165"
                   primaryLanguage="German"
                   custom="readingOrder {index:9;}">
            <Coords points="1185,1777 1742,1777 1742,1817 1185,1817"/>
            <Baseline points="1185,1808 1241,1809 1444,1809 1509,1808 1583,1808 1742,1809"/>
            <TextEquiv>
               <Unicode>von Baumwolle auf 89 Prozent.</Unicode>
            </TextEquiv>
            <TextStyle fontFamily="Times New Roman" fontSize="7.0"/>
         </TextLine>
         <TextEquiv>
            <Unicode>[Der Saatenstand in Amerika.] Man tele⸗
graphiert uns aus Newyork: Nach dem offiziellen Be⸗
richte des Staates Oklahoma beträgt der Durchschnittsstand
von Winterweizen 45 Prozent, das Durchschnittserträg⸗
nis per Acre 8°6 Prozent. Der Statistiker Snow schätzt den
Durchschnittsstand des Winterweizens in Oklahoma auf 50°9
Prozent. Nach dem offiziellen Berichte des Staates Oklahoma
beträgt der Durchschnittsstand von Baumwolle 78°9
Prozent. Miß Giles (Newyork) schätzt den Durchschnittsstand
von Baumwolle auf 89 Prozent.</Unicode>
         </TextEquiv>
      </TextRegion>
      <TextRegion type="paragraph" id="r_10_5" custom="readingOrder {index:47;}">
         <Coords points="1175,1819 2208,1819 2208,2839 1175,2839"/>
         <TextLine id="tl_166"
                   primaryLanguage="German"
                   custom="readingOrder {index:0;}">
            <Coords points="1258,1820 2207,1820 2207,1863 1258,1863"/>
            <Baseline points="1258,1853 1297,1854 1322,1853 1354,1852 1378,1853 1432,1854 1455,1854 1477,1851 1497,1853 1521,1853 1554,1854 1579,1853 1607,1853 1623,1852 1651,1853 1673,1853 1694,1854 1727,1851 1749,1854 1777,1853 1799,1853 1823,1853 1846,1854 1924,1853 1991,1854 2208,1853"/>
            <TextEquiv>
               <Unicode>[Neue Aktiengesellschaften.] Das Ministerium</Unicode>
            </TextEquiv>
            <TextStyle fontFamily="Times New Roman" fontSize="7.0"/>
         </TextLine>
         <TextLine id="tl_167"
                   primaryLanguage="German"
                   custom="readingOrder {index:1;}">
            <Coords points="1186,1861 2204,1861 2204,1902 1186,1902"/>
            <Baseline points="1186,1892 1234,1893 1385,1893 1478,1892 1519,1891 1575,1892 1846,1894 1924,1893 2020,1894 2206,1891"/>
            <TextEquiv>
               <Unicode>des Innern hat im Einvernehmen mit dem Handels⸗</Unicode>
            </TextEquiv>
         </TextLine>
         <TextLine id="tl_168"
                   primaryLanguage="German"
                   custom="readingOrder {index:2;}">
            <Coords points="1184,1895 2204,1895 2204,1940 1184,1940"/>
            <Baseline points="1184,1931 1362,1932 1430,1932 1652,1931 1776,1931 1832,1933 1911,1931 1997,1931 2133,1933 2204,1932"/>
            <TextEquiv>
               <Unicode>ministerium der Zivnostenska Banka in Prag im Vereine mit</Unicode>
            </TextEquiv>
            <TextStyle fontFamily="Times New Roman" fontSize="7.0"/>
         </TextLine>
         <TextLine id="tl_169"
                   primaryLanguage="German"
                   custom="readingOrder {index:3;}">
            <Coords points="1185,1939 2201,1939 2201,1987 1185,1987"/>
            <Baseline points="1185,1972 1230,1971 1349,1972 1449,1972 1560,1972 1684,1971 1736,1973 1790,1971 1886,1972 1987,1971 2203,1970"/>
            <TextEquiv>
               <Unicode>der Firma Novak &amp; Jahn in Prag VII die Bewilligung</Unicode>
            </TextEquiv>
         </TextLine>
         <TextLine id="tl_170"
                   primaryLanguage="German"
                   custom="readingOrder {index:4;}">
            <Coords points="1183,1973 2203,1973 2203,2018 1183,2018"/>
            <Baseline points="1182,2008 1232,2010 1425,2010 1568,2010 1859,2010 1988,2010 2058,2010 2203,2009"/>
            <TextEquiv>
               <Unicode>zur Errichtung einer Aktiengesellschaft unter der Firma</Unicode>
            </TextEquiv>
            <TextStyle fontFamily="Times New Roman" fontSize="7.0"/>
         </TextLine>
         <TextLine id="tl_171"
                   primaryLanguage="German"
                   custom="readingOrder {index:5;}">
            <Coords points="1185,2017 2199,2017 2199,2057 1185,2057"/>
            <Baseline points="1184,2048 1284,2048 1362,2050 1457,2049 1747,2049 2041,2049 2084,2049 2204,2046"/>
            <TextEquiv>
               <Unicode>„Novak &amp; Jahn, Maschinenfabrik, Aktiengesellschaft in Prag“,</Unicode>
            </TextEquiv>
         </TextLine>
         <TextLine id="tl_172"
                   primaryLanguage="German"
                   custom="readingOrder {index:6;}">
            <Coords points="1184,2050 2200,2050 2200,2096 1184,2096"/>
            <Baseline points="1184,2088 1232,2087 1318,2089 1407,2089 1468,2090 1559,2087 1672,2088 1753,2088 1859,2090 2012,2086 2200,2087"/>
            <TextEquiv>
               <Unicode>mit dem Sitze in Prag erteilt und deren Statuten genehmigt.</Unicode>
            </TextEquiv>
            <TextStyle fontFamily="Times New Roman" fontSize="7.0"/>
         </TextLine>
         <TextLine id="tl_173"
                   primaryLanguage="German"
                   custom="readingOrder {index:7;}">
            <Coords points="1182,2093 2202,2093 2202,2136 1182,2136"/>
            <Baseline points="1182,2128 1247,2128 1461,2128 1608,2128 1650,2127 1833,2127 1976,2127 2117,2127 2202,2128"/>
            <TextEquiv>
               <Unicode>Das Aktienkapital beträgt 2 Millionen Kronen, zerlegt in</Unicode>
            </TextEquiv>
            <TextStyle fontFamily="Times New Roman" fontSize="7.0"/>
         </TextLine>
         <TextLine id="tl_174"
                   primaryLanguage="German"
                   custom="readingOrder {index:8;}">
            <Coords points="1181,2133 2199,2133 2199,2174 1181,2174"/>
            <Baseline points="1181,2166 1255,2167 1358,2167 1479,2167 1562,2168 1642,2167 1698,2167 1880,2165 2022,2165 2130,2166 2199,2165"/>
            <TextEquiv>
               <Unicode>5000 Stück Aktien von 400 K. Nominale. Hievon wurde eine</Unicode>
            </TextEquiv>
            <TextStyle fontFamily="Times New Roman" fontSize="7.0"/>
         </TextLine>
         <TextLine id="tl_175"
                   primaryLanguage="German"
                   custom="readingOrder {index:9;}">
            <Coords points="1182,2172 2198,2172 2198,2213 1182,2213"/>
            <Baseline points="1182,2205 1300,2205 1443,2205 1522,2204 1609,2205 1689,2204 1779,2203 1838,2204 1988,2203 2198,2204"/>
            <TextEquiv>
               <Unicode>Million Kronen bar und der Rest in Apports eingebracht.</Unicode>
            </TextEquiv>
            <TextStyle fontFamily="Times New Roman" fontSize="7.0"/>
         </TextLine>
         <TextLine id="tl_176"
                   primaryLanguage="German"
                   custom="readingOrder {index:10;}">
            <Coords points="1181,2210 2202,2210 2202,2253 1181,2253"/>
            <Baseline points="1181,2245 1245,2244 1386,2245 1441,2245 1585,2243 1718,2244 1849,2244 2096,2243 2201,2242"/>
            <TextEquiv>
               <Unicode>Das Kapital ist ohne besondere statliche Genehmigung auf</Unicode>
            </TextEquiv>
            <TextStyle fontFamily="Times New Roman" fontSize="7.0"/>
         </TextLine>
         <TextLine id="tl_177"
                   primaryLanguage="German"
                   custom="readingOrder {index:11;}">
            <Coords points="1181,2248 2199,2248 2199,2299 1181,2299"/>
            <Baseline points="1181,2284 1198,2284 1374,2284 1533,2284 1715,2283 1900,2283 2110,2284 2199,2282"/>
            <TextEquiv>
               <Unicode>5 Millionen Kronen erhöhbar. — Das Ministerium des</Unicode>
            </TextEquiv>
            <TextStyle fontFamily="Times New Roman" fontSize="7.0"/>
         </TextLine>
         <TextLine id="tl_178"
                   primaryLanguage="German"
                   custom="readingOrder {index:12;}">
            <Coords points="1182,2290 2201,2290 2201,2331 1182,2331"/>
            <Baseline points="1182,2325 1298,2324 1369,2323 1477,2322 1540,2324 1789,2323 1860,2323 1936,2323 2133,2325 2201,2322"/>
            <TextEquiv>
               <Unicode>Innern hat ferner im Einvernehmen mit den Ministerien für</Unicode>
            </TextEquiv>
            <TextStyle fontFamily="Times New Roman" fontSize="7.0"/>
         </TextLine>
         <TextLine id="tl_179"
                   primaryLanguage="German"
                   custom="readingOrder {index:13;}">
            <Coords points="1181,2329 2200,2329 2200,2376 1181,2376"/>
            <Baseline points="1181,2361 1326,2362 1486,2361 1607,2361 1833,2359 1930,2362 2092,2360 2200,2361"/>
            <TextEquiv>
               <Unicode>öffentliche Arbeiten, der Eisenbahnen, der Finanzen, des</Unicode>
            </TextEquiv>
            <TextStyle fontFamily="Times New Roman" fontSize="7.0"/>
         </TextLine>
         <TextLine id="tl_180"
                   primaryLanguage="German"
                   custom="readingOrder {index:14;}">
            <Coords points="1178,2368 2198,2368 2198,2410 1178,2410"/>
            <Baseline points="1176,2400 1307,2401 1390,2400 1448,2399 1551,2401 1624,2401 1744,2401 1924,2401 1986,2402 2200,2399"/>
            <TextEquiv>
               <Unicode>Handels und der Justiz der Firma „Sokolnicki &amp; Wisniewski,</Unicode>
            </TextEquiv>
         </TextLine>
         <TextLine id="tl_181"
                   primaryLanguage="German"
                   custom="readingOrder {index:15;}">
            <Coords points="1184,2406 2202,2406 2202,2448 1184,2448"/>
            <Baseline points="1184,2440 1425,2441 1549,2441 1631,2441 1963,2441 2009,2440 2202,2439"/>
            <TextEquiv>
               <Unicode>Elektrotechnische Fabrik und Installationsanstalt in Lemberg,“</Unicode>
            </TextEquiv>
            <TextStyle fontFamily="Times New Roman" fontSize="7.0"/>
         </TextLine>
         <TextLine id="tl_182"
                   primaryLanguage="German"
                   custom="readingOrder {index:16;}">
            <Coords points="1181,2446 2198,2446 2198,2487 1181,2487"/>
            <Baseline points="1181,2479 1217,2480 1355,2481 1428,2479 1497,2479 1762,2479 1834,2479 1986,2480 2042,2480 2198,2478"/>
            <TextEquiv>
               <Unicode>im Vereine mit der Industriebank für Galizien in Lemberg</Unicode>
            </TextEquiv>
            <TextStyle fontFamily="Times New Roman" fontSize="7.0"/>
         </TextLine>
         <TextLine id="tl_183"
                   primaryLanguage="German"
                   custom="readingOrder {index:17;}">
            <Coords points="1181,2483 2201,2483 2201,2526 1181,2526"/>
            <Baseline points="1181,2516 1238,2517 1309,2517 1574,2516 1923,2517 1984,2518 2052,2518 2108,2517 2202,2517"/>
            <TextEquiv>
               <Unicode>und der Oesterreichischen Brown=Boveri=Werke A. G. in Wien</Unicode>
            </TextEquiv>
            <TextStyle fontFamily="Times New Roman" fontSize="7.0"/>
         </TextLine>
         <TextLine id="tl_184"
                   primaryLanguage="German"
                   custom="readingOrder {index:18;}">
            <Coords points="1181,2523 2200,2523 2200,2565 1181,2565"/>
            <Baseline points="1181,2557 1236,2555 1423,2556 1516,2554 1681,2554 1798,2556 2078,2555 2200,2556"/>
            <TextEquiv>
               <Unicode>die Bewilligung zur Errichtung einer Aktiengesellschaft unter</Unicode>
            </TextEquiv>
            <TextStyle fontFamily="Times New Roman" fontSize="7.0"/>
         </TextLine>
         <TextLine id="tl_185"
                   primaryLanguage="German"
                   custom="readingOrder {index:19;}">
            <Coords points="1180,2556 2201,2556 2201,2611 1180,2611"/>
            <Baseline points="1180,2595 1225,2595 1346,2595 1825,2595 1981,2596 2136,2595 2201,2597"/>
            <TextEquiv>
               <Unicode>der Firma „Elektrizitäts=Aktiengesellschaft vormals Sokolnicki &amp;</Unicode>
            </TextEquiv>
         </TextLine>
         <TextLine id="tl_186"
                   primaryLanguage="German"
                   custom="readingOrder {index:20;}">
            <Coords points="1180,2599 2200,2599 2200,2642 1180,2642"/>
            <Baseline points="1180,2634 1268,2634 1431,2635 1639,2634 1702,2634 1856,2632 1974,2634 2079,2633 2200,2635"/>
            <TextEquiv>
               <Unicode>Wisniewski“ mit dem Sitze im Lemaerg erteilt und deren</Unicode>
            </TextEquiv>
         </TextLine>
         <TextLine id="tl_187"
                   primaryLanguage="German"
                   custom="readingOrder {index:21;}">
            <Coords points="1179,2641 2198,2641 2198,2684 1179,2684"/>
            <Baseline points="1179,2674 1313,2673 1499,2674 1606,2674 1857,2672 1984,2673 2129,2674 2198,2673"/>
            <TextEquiv>
               <Unicode>Statuten genehmigt. Das Aktienkapital beträgt 600.000 K.</Unicode>
            </TextEquiv>
            <TextStyle fontFamily="Times New Roman" fontSize="7.0"/>
         </TextLine>
         <TextLine id="tl_188"
                   primaryLanguage="German"
                   custom="readingOrder {index:22;}">
            <Coords points="1178,2678 2197,2678 2197,2719 1178,2719"/>
            <Baseline points="1178,2713 1208,2712 1312,2712 1416,2712 1536,2713 1617,2712 1701,2713 1760,2712 1936,2711 2029,2711 2105,2710 2196,2710"/>
            <TextEquiv>
               <Unicode>in 3000 Stück Aktien von 200 K. Nominale und ist auf</Unicode>
            </TextEquiv>
            <TextStyle fontFamily="Times New Roman" fontSize="7.0"/>
         </TextLine>
         <TextLine id="tl_189"
                   primaryLanguage="German"
                   custom="readingOrder {index:23;}">
            <Coords points="1179,2714 2198,2714 2198,2759 1179,2759"/>
            <Baseline points="1179,2751 1226,2750 1406,2751 1546,2750 1716,2749 1793,2750 1971,2748 2119,2749 2198,2749"/>
            <TextEquiv>
               <Unicode>1°2 Millionen Kronen erhöhbar. Die Gesellschaft erwirbt die</Unicode>
            </TextEquiv>
            <TextStyle fontFamily="Times New Roman" fontSize="7.0"/>
         </TextLine>
         <TextLine id="tl_190"
                   primaryLanguage="German"
                   custom="readingOrder {index:24;}">
            <Coords points="1179,2757 2199,2757 2199,2799 1179,2799"/>
            <Baseline points="1179,2790 1382,2788 1531,2791 1602,2790 1720,2789 1930,2791 2010,2792 2199,2791"/>
            <TextEquiv>
               <Unicode>elektrotechnische Fabrik der Firma Sokolnicki &amp; Wisniewski</Unicode>
            </TextEquiv>
            <TextStyle fontFamily="Times New Roman" fontSize="7.0"/>
         </TextLine>
         <TextLine id="tl_191"
                   primaryLanguage="German"
                   custom="readingOrder {index:25;}">
            <Coords points="1176,2797 1370,2797 1370,2838 1176,2838"/>
            <Baseline points="1176,2830 1207,2829 1369,2829"/>
            <TextEquiv>
               <Unicode>in Lemberg.</Unicode>
            </TextEquiv>
            <TextStyle fontFamily="Times New Roman" fontSize="7.0"/>
         </TextLine>
         <TextEquiv>
            <Unicode>[Neue Aktiengesellschaften.] Das Ministerium
des Innern hat im Einvernehmen mit dem Handels⸗
ministerium der Zivnostenska Banka in Prag im Vereine mit
der Firma Novak &amp; Jahn in Prag VII die Bewilligung
zur Errichtung einer Aktiengesellschaft unter der Firma
„Novak &amp; Jahn, Maschinenfabrik, Aktiengesellschaft in Prag“,
mit dem Sitze in Prag erteilt und deren Statuten genehmigt.
Das Aktienkapital beträgt 2 Millionen Kronen, zerlegt in
5000 Stück Aktien von 400 K. Nominale. Hievon wurde eine
Million Kronen bar und der Rest in Apports eingebracht.
Das Kapital ist ohne besondere statliche Genehmigung auf
5 Millionen Kronen erhöhbar. — Das Ministerium des
Innern hat ferner im Einvernehmen mit den Ministerien für
öffentliche Arbeiten, der Eisenbahnen, der Finanzen, des
Handels und der Justiz der Firma „Sokolnicki &amp; Wisniewski,
Elektrotechnische Fabrik und Installationsanstalt in Lemberg,“
im Vereine mit der Industriebank für Galizien in Lemberg
und der Oesterreichischen Brown=Boveri=Werke A. G. in Wien
die Bewilligung zur Errichtung einer Aktiengesellschaft unter
der Firma „Elektrizitäts=Aktiengesellschaft vormals Sokolnicki &amp;
Wisniewski“ mit dem Sitze im Lemaerg erteilt und deren
Statuten genehmigt. Das Aktienkapital beträgt 600.000 K.
in 3000 Stück Aktien von 200 K. Nominale und ist auf
1°2 Millionen Kronen erhöhbar. Die Gesellschaft erwirbt die
elektrotechnische Fabrik der Firma Sokolnicki &amp; Wisniewski
in Lemberg.</Unicode>
         </TextEquiv>
      </TextRegion>
      <TextRegion type="paragraph" id="r_10_6" custom="readingOrder {index:48;}">
         <Coords points="1176,2841 2201,2841 2201,3042 1176,3042"/>
         <TextLine id="tl_192"
                   primaryLanguage="German"
                   custom="readingOrder {index:0;}">
            <Coords points="1250,2842 2200,2842 2200,2885 1250,2885"/>
            <Baseline points="1250,2875 1478,2877 1643,2876 2201,2877"/>
            <TextEquiv>
               <Unicode>[Harpener Bergbaugesellschaft. Aus Dort⸗</Unicode>
            </TextEquiv>
            <TextStyle fontFamily="Times New Roman" fontSize="7.0"/>
         </TextLine>
         <TextLine id="tl_193"
                   primaryLanguage="German"
                   custom="readingOrder {index:1;}">
            <Coords points="1178,2881 2197,2881 2197,2927 1178,2927"/>
            <Baseline points="1178,2917 1206,2917 1236,2916 1268,2916 1296,2916 1389,2917 1627,2916 1724,2918 1909,2915 2197,2915"/>
            <TextEquiv>
               <Unicode>mund wird telegraphiert: Die Harpener Bergbau=Aktien⸗</Unicode>
            </TextEquiv>
            <TextStyle fontFamily="Times New Roman" fontSize="7.0"/>
         </TextLine>
         <TextLine id="tl_194"
                   primaryLanguage="German"
                   custom="readingOrder {index:2;}">
            <Coords points="1179,2920 2197,2920 2197,2964 1179,2964"/>
            <Baseline points="1174,2953 1332,2955 1410,2956 1489,2956 1582,2956 1701,2955 1793,2957 1964,2954 2064,2955 2198,2955"/>
            <TextEquiv>
               <Unicode>gesellschaft teilt mit, daß nach dem Ergebnisse des abge⸗</Unicode>
            </TextEquiv>
            <TextStyle fontFamily="Times New Roman" fontSize="7.0"/>
         </TextLine>
         <TextLine id="tl_195"
                   primaryLanguage="German"
                   custom="readingOrder {index:3;}">
            <Coords points="1178,2962 2196,2962 2196,3003 1178,3003"/>
            <Baseline points="1178,2994 1308,2995 1546,2995 1646,2996 1847,2997 1925,2995 1976,2996 2054,2993 2196,2994"/>
            <TextEquiv>
               <Unicode>laufenen Geschäftsjahres die Dividende auf 8 Prozent zu</Unicode>
            </TextEquiv>
            <TextStyle fontFamily="Times New Roman" fontSize="7.0"/>
         </TextLine>
         <TextLine id="tl_196"
                   primaryLanguage="German"
                   custom="readingOrder {index:4;}">
            <Coords points="1177,3001 1488,3001 1488,3041 1177,3041"/>
            <Baseline points="1175,3031 1289,3034 1364,3033 1428,3034 1486,3034"/>
            <TextEquiv>
               <Unicode>schätzen sein dürfte.</Unicode>
            </TextEquiv>
            <TextStyle fontFamily="Times New Roman" fontSize="7.0"/>
         </TextLine>
         <TextEquiv>
            <Unicode>[Harpener Bergbaugesellschaft. Aus Dort⸗
mund wird telegraphiert: Die Harpener Bergbau=Aktien⸗
gesellschaft teilt mit, daß nach dem Ergebnisse des abge⸗
laufenen Geschäftsjahres die Dividende auf 8 Prozent zu
schätzen sein dürfte.</Unicode>
         </TextEquiv>
      </TextRegion>
      <TextRegion type="paragraph" id="r_10_7" custom="readingOrder {index:49;}">
         <Coords points="1167,3055 2217,3055 2217,4095 1167,4095"/>
         <TextLine id="tl_197"
                   primaryLanguage="German"
                   custom="readingOrder {index:0;}">
            <Coords points="1258,3056 2195,3056 2195,3095 1258,3095"/>
            <Baseline points="1256,3082 1512,3083 1918,3085 2041,3086 2195,3082"/>
            <TextEquiv>
               <Unicode>[Allgemeine Pensionsanstalt für Ange⸗</Unicode>
            </TextEquiv>
            <TextStyle fontFamily="Times New Roman" fontSize="5.0"/>
         </TextLine>
         <TextLine id="tl_198"
                   primaryLanguage="German"
                   custom="readingOrder {index:1;}">
            <Coords points="1173,3089 2199,3089 2199,3132 1173,3132"/>
            <Baseline points="1172,3117 1194,3117 1213,3117 1233,3117 1253,3117 1273,3116 1342,3117 1390,3119 1452,3120 1499,3120 1579,3120 1670,3121 1739,3120 1835,3121 1926,3121 2108,3121 2198,3119"/>
            <TextEquiv>
               <Unicode>stellte!] Am 28. d. fand unter dem Vorsitze des Präsidenten Leo⸗</Unicode>
            </TextEquiv>
            <TextStyle fontFamily="Times New Roman" fontSize="5.0"/>
         </TextLine>
         <TextLine id="tl_199"
                   primaryLanguage="German"
                   custom="readingOrder {index:2;}">
            <Coords points="1173,3125 2196,3125 2196,3163 1173,3163"/>
            <Baseline points="1172,3151 1229,3151 1280,3153 1353,3152 1568,3152 1767,3155 1925,3154 2196,3155"/>
            <TextEquiv>
               <Unicode>pold Grafen Auersperg die dritte ordentliche Generalversamm⸗</Unicode>
            </TextEquiv>
         </TextLine>
         <TextLine id="tl_200"
                   primaryLanguage="German"
                   custom="readingOrder {index:3;}">
            <Coords points="1175,3160 2198,3160 2198,3202 1175,3202"/>
            <Baseline points="1175,3186 1227,3185 1299,3187 1491,3188 1728,3189 1786,3189 1946,3190 2029,3189 2114,3188 2197,3189"/>
            <TextEquiv>
               <Unicode>lung der Allgemeinen Pensionsanstalt für Angestellte statt, bei der</Unicode>
            </TextEquiv>
            <TextStyle fontFamily="Times New Roman" fontSize="5.0"/>
         </TextLine>
         <TextLine id="tl_201"
                   primaryLanguage="German"
                   custom="readingOrder {index:4;}">
            <Coords points="1176,3190 2199,3190 2199,3231 1176,3231"/>
            <Baseline points="1176,3221 1217,3221 1512,3222 1619,3224 1704,3225 1809,3225 2094,3225 2199,3224"/>
            <TextEquiv>
               <Unicode>der Rechenschaftsbericht über die zweite Gebarungsperiode vom</Unicode>
            </TextEquiv>
            <TextStyle fontFamily="Times New Roman" fontSize="5.0"/>
         </TextLine>
         <TextLine id="tl_202"
                   primaryLanguage="German"
                   custom="readingOrder {index:5;}">
            <Coords points="1172,3229 2196,3229 2196,3267 1172,3267"/>
            <Baseline points="1172,3255 1197,3257 1329,3257 1394,3257 1422,3256 1462,3257 1606,3258 1708,3259 1795,3259 1923,3260 1993,3260 2197,3259"/>
            <TextEquiv>
               <Unicode>1. Januar bis 31. Dezember 1910 und anderes m Verhandlung</Unicode>
            </TextEquiv>
            <TextStyle fontFamily="Times New Roman" fontSize="5.0"/>
         </TextLine>
         <TextLine id="tl_203"
                   primaryLanguage="German"
                   custom="readingOrder {index:6;}">
            <Coords points="1171,3260 2195,3260 2195,3301 1171,3301"/>
            <Baseline points="1173,3290 1248,3290 1338,3292 1485,3292 1636,3293 1828,3295 1881,3293 2166,3293 2195,3295"/>
            <TextEquiv>
               <Unicode>stand. An Prämien wurden 21,271.250 K. vorgeschrieben, an</Unicode>
            </TextEquiv>
            <TextStyle fontFamily="Times New Roman" fontSize="5.0"/>
         </TextLine>
         <TextLine id="tl_204"
                   primaryLanguage="German"
                   custom="readingOrder {index:7;}">
            <Coords points="1173,3295 2201,3295 2201,3336 1173,3336"/>
            <Baseline points="1173,3324 1496,3326 1558,3328 1628,3328 1745,3326 1856,3329 2053,3328 2199,3330"/>
            <TextEquiv>
               <Unicode>Prämienreserveanteilen für den Einkauf von Dienstjahren wurden</Unicode>
            </TextEquiv>
            <TextStyle fontFamily="Times New Roman" fontSize="5.0"/>
         </TextLine>
         <TextLine id="tl_205"
                   primaryLanguage="German"
                   custom="readingOrder {index:8;}">
            <Coords points="1171,3329 2193,3329 2193,3370 1171,3370"/>
            <Baseline points="1171,3359 1264,3359 1448,3361 1527,3361 1630,3362 1830,3362 1962,3363 2018,3363 2193,3364"/>
            <TextEquiv>
               <Unicode>infolge Uebertrittes aus einem Ersatzinstitut 245.570 K. eingezahlt.</Unicode>
            </TextEquiv>
            <TextStyle fontFamily="Times New Roman" fontSize="5.0"/>
         </TextLine>
         <TextLine id="tl_206"
                   primaryLanguage="German"
                   custom="readingOrder {index:9;}">
            <Coords points="1172,3367 2193,3367 2193,3404 1172,3404"/>
            <Baseline points="1172,3394 1231,3395 1388,3396 1462,3396 1698,3395 1777,3396 1875,3396 1944,3397 2045,3398 2149,3398 2193,3400"/>
            <TextEquiv>
               <Unicode>Das Erträgnis der Kapitalsanlage belief sich auf 747.880 K., das</Unicode>
            </TextEquiv>
            <TextStyle fontFamily="Times New Roman" fontSize="5.0"/>
         </TextLine>
         <TextLine id="tl_207"
                   primaryLanguage="German"
                   custom="readingOrder {index:10;}">
            <Coords points="1171,3398 2195,3398 2195,3439 1171,3439"/>
            <Baseline points="1171,3427 1222,3427 1271,3429 1503,3429 1659,3430 1752,3431 1835,3431 1909,3430 2034,3429 2194,3431"/>
            <TextEquiv>
               <Unicode>ist eine durchschnittliche Verzinsung von 4·35 Prozent der gesamten</Unicode>
            </TextEquiv>
            <TextStyle fontFamily="Times New Roman" fontSize="5.0"/>
         </TextLine>
         <TextLine id="tl_208"
                   primaryLanguage="German"
                   custom="readingOrder {index:11;}">
            <Coords points="1174,3436 2197,3436 2197,3475 1174,3475"/>
            <Baseline points="1174,3463 1326,3461 1397,3463 1619,3465 1677,3465 1855,3465 1926,3466 2197,3465"/>
            <TextEquiv>
               <Unicode>Kapitalien. Die Auszahlungen für Invaliden= und Witwenpensionen,</Unicode>
            </TextEquiv>
            <TextStyle fontFamily="Times New Roman" fontSize="5.0"/>
         </TextLine>
         <TextLine id="tl_209"
                   primaryLanguage="German"
                   custom="readingOrder {index:12;}">
            <Coords points="1173,3469 2197,3469 2197,3508 1173,3508"/>
            <Baseline points="1172,3495 1212,3497 1508,3498 1580,3499 1805,3499 1906,3500 1989,3501 2059,3501 2197,3502"/>
            <TextEquiv>
               <Unicode>für Erziehungsbeiträge und Abfertigungen beliefen sich auf 364.936</Unicode>
            </TextEquiv>
            <TextStyle fontFamily="Times New Roman" fontSize="5.0"/>
         </TextLine>
         <TextLine id="tl_210"
                   primaryLanguage="German"
                   custom="readingOrder {index:13;}">
            <Coords points="1169,3505 2194,3505 2194,3542 1169,3542"/>
            <Baseline points="1169,3532 1268,3530 1356,3531 1415,3532 1576,3532 1651,3534 1969,3534 2058,3536 2194,3536"/>
            <TextEquiv>
               <Unicode>Kronen, jene für Prämien= und Reserverückerstattungen auf 289.775</Unicode>
            </TextEquiv>
            <TextStyle fontFamily="Times New Roman" fontSize="5.0"/>
         </TextLine>
         <TextLine id="tl_211"
                   primaryLanguage="German"
                   custom="readingOrder {index:14;}">
            <Coords points="1170,3539 2195,3539 2195,3577 1170,3577"/>
            <Baseline points="1170,3566 1297,3565 1352,3567 1466,3567 1591,3568 1722,3568 1784,3568 1862,3569 1968,3571 2031,3571 2195,3570"/>
            <TextEquiv>
               <Unicode>Kronen; im ganzen wurden während der zwei Jahre des Bestandes</Unicode>
            </TextEquiv>
            <TextStyle fontFamily="Times New Roman" fontSize="5.0"/>
         </TextLine>
         <TextLine id="tl_212"
                   primaryLanguage="German"
                   custom="readingOrder {index:15;}">
            <Coords points="1171,3574 2193,3574 2193,3611 1171,3611"/>
            <Baseline points="1171,3601 1212,3600 1336,3602 1405,3603 1588,3603 1745,3604 1789,3604 2050,3603 2194,3605"/>
            <TextEquiv>
               <Unicode>der Anstalt den Versicherten 901.355 K. ausbezahlt. Außerdem</Unicode>
            </TextEquiv>
            <TextStyle fontFamily="Times New Roman" fontSize="5.0"/>
         </TextLine>
         <TextLine id="tl_213"
                   primaryLanguage="German"
                   custom="readingOrder {index:16;}">
            <Coords points="1169,3606 2194,3606 2194,3646 1169,3646"/>
            <Baseline points="1169,3635 1269,3634 1335,3634 1509,3636 1652,3637 1911,3638 1987,3638 2102,3639 2194,3638"/>
            <TextEquiv>
               <Unicode>mußten für schwebende Schäden, Rückerstattungen und liquide Pen⸗</Unicode>
            </TextEquiv>
            <TextStyle fontFamily="Times New Roman" fontSize="5.0"/>
         </TextLine>
         <TextLine id="tl_214"
                   primaryLanguage="German"
                   custom="readingOrder {index:17;}">
            <Coords points="1168,3644 2192,3644 2192,3680 1168,3680"/>
            <Baseline points="1167,3667 1252,3671 1382,3672 1435,3671 1581,3672 1711,3671 1806,3673 2012,3673 2119,3673 2191,3673"/>
            <TextEquiv>
               <Unicode>sionen 144.209 K. reserviert werden; die Prämienreserve stieg von</Unicode>
            </TextEquiv>
            <TextStyle fontFamily="Times New Roman" fontSize="5.0"/>
         </TextLine>
         <TextLine id="tl_215"
                   primaryLanguage="German"
                   custom="readingOrder {index:18;}">
            <Coords points="1171,3678 2193,3678 2193,3716 1171,3716"/>
            <Baseline points="1171,3705 1326,3706 1377,3706 1440,3705 1619,3707 1734,3705 1799,3708 1864,3707 1944,3708 2193,3710"/>
            <TextEquiv>
               <Unicode>16,504.594 K. aus 34,886.343 K., wozu noch ein Sicherheitsfonds</Unicode>
            </TextEquiv>
            <TextStyle fontFamily="Times New Roman" fontSize="5.0"/>
         </TextLine>
         <TextLine id="tl_216"
                   primaryLanguage="German"
                   custom="readingOrder {index:19;}">
            <Coords points="1170,3711 2199,3711 2199,3750 1170,3750"/>
            <Baseline points="1168,3739 1213,3738 1367,3740 1468,3740 1593,3741 1681,3741 1762,3741 1847,3742 1916,3743 2067,3743 2116,3744 2176,3742 2193,3740"/>
            <TextEquiv>
               <Unicode>zur Dotierung dieser Reserve für im Laufe der Wartezeit zu ge⸗</Unicode>
            </TextEquiv>
            <TextStyle fontFamily="Times New Roman" fontSize="5.0"/>
         </TextLine>
         <TextLine id="tl_217"
                   primaryLanguage="German"
                   custom="readingOrder {index:20;}">
            <Coords points="1169,3747 2194,3747 2194,3783 1169,3783"/>
            <Baseline points="1169,3774 1341,3774 1641,3776 1711,3776 1844,3777 1896,3778 2018,3778 2103,3779 2196,3779"/>
            <TextEquiv>
               <Unicode>wärtigenden Gehaltssteigerungen von 945.677 K. kommt. Die Ver⸗</Unicode>
            </TextEquiv>
            <TextStyle fontFamily="Times New Roman" fontSize="5.0"/>
         </TextLine>
         <TextLine id="tl_218"
                   primaryLanguage="German"
                   custom="readingOrder {index:21;}">
            <Coords points="1168,3779 2197,3780 2197,3821 1168,3820"/>
            <Baseline points="1168,3809 1379,3809 1500,3810 1551,3810 1620,3810 1787,3811 1839,3812 1920,3813 2002,3812 2072,3812 2196,3813"/>
            <TextEquiv>
               <Unicode>waltungskosten beliefen sich auf 1,093.729 K. oder 5·14 Prozent der</Unicode>
            </TextEquiv>
            <TextStyle fontFamily="Times New Roman" fontSize="5.0"/>
         </TextLine>
         <TextLine id="tl_219"
                   primaryLanguage="German"
                   custom="readingOrder {index:22;}">
            <Coords points="1170,3817 2196,3817 2196,3853 1170,3853"/>
            <Baseline points="1170,3844 1396,3845 1552,3845 1693,3845 1859,3846 1972,3846 2076,3847 2196,3847"/>
            <TextEquiv>
               <Unicode>vorgeschriebenen Prämien. Das Berichtsjahr schloß mit einem</Unicode>
            </TextEquiv>
            <TextStyle fontFamily="Times New Roman" fontSize="5.0"/>
         </TextLine>
         <TextLine id="tl_220"
                   primaryLanguage="German"
                   custom="readingOrder {index:23;}">
            <Coords points="1169,3852 2192,3852 2192,3888 1169,3888"/>
            <Baseline points="1169,3879 1299,3878 1393,3879 1529,3880 1584,3880 1680,3880 1974,3881 2148,3881 2192,3884"/>
            <TextEquiv>
               <Unicode>Ueberschuß von 239.730 K. Die Generalversammlung nahm den</Unicode>
            </TextEquiv>
            <TextStyle fontFamily="Times New Roman" fontSize="5.0"/>
         </TextLine>
         <TextLine id="tl_221"
                   primaryLanguage="German"
                   custom="readingOrder {index:24;}">
            <Coords points="1171,3886 2194,3886 2194,3921 1171,3921"/>
            <Baseline points="1171,3914 1237,3913 1334,3914 1509,3914 1574,3915 1723,3914 1820,3915 1935,3915 2009,3917 2100,3917 2194,3918"/>
            <TextEquiv>
               <Unicode>Bericht des Vorstandes zur Kenntnis und erteilte ihm und dem</Unicode>
            </TextEquiv>
            <TextStyle fontFamily="Times New Roman" fontSize="5.0"/>
         </TextLine>
         <TextLine id="tl_222"
                   primaryLanguage="German"
                   custom="readingOrder {index:25;}">
            <Coords points="1170,3919 2193,3919 2193,3958 1170,3958"/>
            <Baseline points="1170,3948 1490,3948 1647,3947 1715,3949 1894,3950 2052,3949 2108,3950 2192,3950"/>
            <TextEquiv>
               <Unicode>Verwaltungsausschusse einstimmig die Entlastung. Schließlich sei noch</Unicode>
            </TextEquiv>
            <TextStyle fontFamily="Times New Roman" fontSize="5.0"/>
         </TextLine>
         <TextLine id="tl_223"
                   primaryLanguage="German"
                   custom="readingOrder {index:26;}">
            <Coords points="1172,3956 2195,3956 2195,3991 1172,3991"/>
            <Baseline points="1172,3983 1261,3981 1454,3982 1516,3982 1626,3982 1666,3983 1898,3984 1977,3985 2194,3986"/>
            <TextEquiv>
               <Unicode>darauf hingewiesen, daß sich die Anstaltsleitung im abgelaufenen</Unicode>
            </TextEquiv>
            <TextStyle fontFamily="Times New Roman" fontSize="5.0"/>
         </TextLine>
         <TextLine id="tl_224"
                   primaryLanguage="German"
                   custom="readingOrder {index:27;}">
            <Coords points="1171,3989 2194,3989 2194,4028 1171,4028"/>
            <Baseline points="1170,4016 1254,4017 1430,4017 1520,4017 1582,4017 1682,4017 1773,4018 1963,4019 2196,4020"/>
            <TextEquiv>
               <Unicode>Jahre eingehend mit der Frage der Novellierung des Pensions⸗</Unicode>
            </TextEquiv>
            <TextStyle fontFamily="Times New Roman" fontSize="5.0"/>
         </TextLine>
         <TextLine id="tl_225"
                   primaryLanguage="German"
                   custom="readingOrder {index:28;}">
            <Coords points="1169,4024 2194,4024 2194,4061 1169,4061"/>
            <Baseline points="1169,4053 1452,4053 1594,4053 1692,4053 1766,4053 1911,4055 1972,4055 2094,4055 2196,4054"/>
            <TextEquiv>
               <Unicode>versicherungsgesetzes befaßte und die Resultate der Studien ver⸗</Unicode>
            </TextEquiv>
            <TextStyle fontFamily="Times New Roman" fontSize="5.0"/>
         </TextLine>
         <TextLine id="tl_226"
                   primaryLanguage="German"
                   custom="readingOrder {index:29;}">
            <Coords points="1170,4060 1321,4060 1321,4094 1170,4094"/>
            <Baseline points="1170,4087 1319,4085"/>
            <TextEquiv>
               <Unicode>öffentlichte.</Unicode>
            </TextEquiv>
            <TextStyle fontFamily="Times New Roman" fontSize="5.0"/>
         </TextLine>
         <TextEquiv>
            <Unicode>[Allgemeine Pensionsanstalt für Ange⸗
stellte!] Am 28. d. fand unter dem Vorsitze des Präsidenten Leo⸗
pold Grafen Auersperg die dritte ordentliche Generalversamm⸗
lung der Allgemeinen Pensionsanstalt für Angestellte statt, bei der
der Rechenschaftsbericht über die zweite Gebarungsperiode vom
1. Januar bis 31. Dezember 1910 und anderes m Verhandlung
stand. An Prämien wurden 21,271.250 K. vorgeschrieben, an
Prämienreserveanteilen für den Einkauf von Dienstjahren wurden
infolge Uebertrittes aus einem Ersatzinstitut 245.570 K. eingezahlt.
Das Erträgnis der Kapitalsanlage belief sich auf 747.880 K., das
ist eine durchschnittliche Verzinsung von 4·35 Prozent der gesamten
Kapitalien. Die Auszahlungen für Invaliden= und Witwenpensionen,
für Erziehungsbeiträge und Abfertigungen beliefen sich auf 364.936
Kronen, jene für Prämien= und Reserverückerstattungen auf 289.775
Kronen; im ganzen wurden während der zwei Jahre des Bestandes
der Anstalt den Versicherten 901.355 K. ausbezahlt. Außerdem
mußten für schwebende Schäden, Rückerstattungen und liquide Pen⸗
sionen 144.209 K. reserviert werden; die Prämienreserve stieg von
16,504.594 K. aus 34,886.343 K., wozu noch ein Sicherheitsfonds
zur Dotierung dieser Reserve für im Laufe der Wartezeit zu ge⸗
wärtigenden Gehaltssteigerungen von 945.677 K. kommt. Die Ver⸗
waltungskosten beliefen sich auf 1,093.729 K. oder 5·14 Prozent der
vorgeschriebenen Prämien. Das Berichtsjahr schloß mit einem
Ueberschuß von 239.730 K. Die Generalversammlung nahm den
Bericht des Vorstandes zur Kenntnis und erteilte ihm und dem
Verwaltungsausschusse einstimmig die Entlastung. Schließlich sei noch
darauf hingewiesen, daß sich die Anstaltsleitung im abgelaufenen
Jahre eingehend mit der Frage der Novellierung des Pensions⸗
versicherungsgesetzes befaßte und die Resultate der Studien ver⸗
öffentlichte.</Unicode>
         </TextEquiv>
      </TextRegion>
      <TextRegion type="paragraph" id="r_10_8" custom="readingOrder {index:50;}">
         <Coords points="1173,4100 2215,4100 2215,4460 1173,4460"/>
         <TextLine id="tl_227"
                   primaryLanguage="German"
                   custom="readingOrder {index:0;}">
            <Coords points="1259,4101 2192,4101 2192,4138 1259,4138"/>
            <Baseline points="1259,4133 1309,4131 1637,4132 1757,4132 2011,4133 2121,4133 2192,4135"/>
            <TextEquiv>
               <Unicode>[Insolvenzen.] Der Wiener Kreditorenverein meldet die</Unicode>
            </TextEquiv>
         </TextLine>
         <TextLine id="tl_228"
                   primaryLanguage="German"
                   custom="readingOrder {index:1;}">
            <Coords points="1175,4136 2192,4136 2192,4176 1175,4176"/>
            <Baseline points="1174,4167 1308,4168 1499,4167 1626,4166 1667,4167 1690,4167 1718,4166 1743,4166 1782,4165 1913,4165 1960,4167 2062,4167 2194,4168"/>
            <TextEquiv>
               <Unicode>folgenden Fallimente: Angela Krahl, Modistin in Teplitz, Bahn⸗</Unicode>
            </TextEquiv>
            <TextStyle fontFamily="Times New Roman" fontSize="5.0"/>
         </TextLine>
         <TextLine id="tl_229"
                   primaryLanguage="German"
                   custom="readingOrder {index:2;}">
            <Coords points="1174,4172 2197,4172 2197,4211 1174,4211"/>
            <Baseline points="1173,4204 1292,4203 1350,4204 1494,4201 1592,4202 1855,4202 1961,4203 1998,4203 2028,4203 2047,4204 2072,4204 2111,4205 2133,4204 2161,4204 2179,4205 2197,4205"/>
            <TextEquiv>
               <Unicode>hofstraße 23; Wasserlueger Holzpappenfabrik Alfred Feldmann</Unicode>
            </TextEquiv>
            <TextStyle fontFamily="Times New Roman" fontSize="5.0"/>
         </TextLine>
         <TextLine id="tl_230"
                   primaryLanguage="German"
                   custom="readingOrder {index:3;}">
            <Coords points="1176,4208 2192,4208 2192,4245 1176,4245"/>
            <Baseline points="1176,4240 1203,4240 1343,4239 1421,4239 1556,4237 1656,4237 1775,4237 2191,4239"/>
            <TextEquiv>
               <Unicode>in Kleinzell bei Hainfeld; Jonas Singer, nichtprotokollierter</Unicode>
            </TextEquiv>
         </TextLine>
         <TextLine id="tl_231"
                   primaryLanguage="German"
                   custom="readingOrder {index:4;}">
            <Coords points="1175,4238 2193,4238 2193,4281 1175,4281"/>
            <Baseline points="1175,4276 1446,4274 1492,4274 1549,4273 1802,4273 1875,4272 1921,4274 2148,4274 2193,4275"/>
            <TextEquiv>
               <Unicode>Modewarenhändler in Przemysl; Ehrler &amp; Kouba, Firma in</Unicode>
            </TextEquiv>
         </TextLine>
         <TextLine id="tl_232"
                   primaryLanguage="German"
                   custom="readingOrder {index:5;}">
            <Coords points="1175,4274 2192,4274 2192,4317 1175,4317"/>
            <Baseline points="1175,4310 1288,4308 1430,4309 1594,4309 1739,4308 1784,4309 1921,4307 1955,4307 2006,4308 2192,4307"/>
            <TextEquiv>
               <Unicode>Prag=Smichow; Maximilian Zecchi in Rovigno; Michael Hoff⸗</Unicode>
            </TextEquiv>
         </TextLine>
         <TextLine id="tl_233"
                   primaryLanguage="German"
                   custom="readingOrder {index:6;}">
            <Coords points="1176,4315 2192,4315 2192,4352 1176,4352"/>
            <Baseline points="1176,4346 1202,4346 1331,4345 1385,4346 1506,4345 1751,4343 1797,4345 1913,4343 2128,4345 2191,4344"/>
            <TextEquiv>
               <Unicode>mann &amp; Markus Scherer, Firma in Krakau, Florianigasse 32;</Unicode>
            </TextEquiv>
         </TextLine>
         <TextLine id="tl_234"
                   primaryLanguage="German"
                   custom="readingOrder {index:7;}">
            <Coords points="1175,4350 2190,4350 2190,4388 1175,4388"/>
            <Baseline points="1173,4382 1236,4381 1355,4380 1756,4379 1835,4380 1923,4379 2130,4381 2192,4381"/>
            <TextEquiv>
               <Unicode>Josefine Doppelmayer, Modistin in, Graz, Sporgasse 8;</Unicode>
            </TextEquiv>
         </TextLine>
         <TextLine id="tl_235"
                   primaryLanguage="German"
                   custom="readingOrder {index:8;}">
            <Coords points="1174,4385 2205,4385 2205,4425 1174,4425"/>
            <Baseline points="1175,4418 1251,4416 1303,4415 1449,4415 1885,4415 1929,4417 2093,4416 2195,4415"/>
            <TextEquiv>
               <Unicode>Hugo Friedrich Schatten, Maschinenfabrikant in Nieder=Hanichen;</Unicode>
            </TextEquiv>
         </TextLine>
         <TextLine id="tl_236"
                   primaryLanguage="German"
                   custom="readingOrder {index:9;}">
            <Coords points="1177,4421 1905,4421 1905,4459 1177,4459"/>
            <Baseline points="1176,4452 1216,4451 1307,4452 1468,4448 1689,4449 1826,4449 1905,4450"/>
            <TextEquiv>
               <Unicode>Franz Kilian, Handelsmann in Hwozdan 11.</Unicode>
            </TextEquiv>
         </TextLine>
         <TextEquiv>
            <Unicode>[Insolvenzen.] Der Wiener Kreditorenverein meldet die
folgenden Fallimente: Angela Krahl, Modistin in Teplitz, Bahn⸗
hofstraße 23; Wasserlueger Holzpappenfabrik Alfred Feldmann
in Kleinzell bei Hainfeld; Jonas Singer, nichtprotokollierter
Modewarenhändler in Przemysl; Ehrler &amp; Kouba, Firma in
Prag=Smichow; Maximilian Zecchi in Rovigno; Michael Hoff⸗
mann &amp; Markus Scherer, Firma in Krakau, Florianigasse 32;
Josefine Doppelmayer, Modistin in, Graz, Sporgasse 8;
Hugo Friedrich Schatten, Maschinenfabrikant in Nieder=Hanichen;
Franz Kilian, Handelsmann in Hwozdan 11.</Unicode>
         </TextEquiv>
      </TextRegion>
      <TextRegion type="paragraph" id="r_11_1" custom="readingOrder {index:51;}">
         <Coords points="1429,4508 1933,4508 1933,4566 1429,4566"/>
         <TextLine id="tl_237"
                   primaryLanguage="German"
                   custom="readingOrder {index:0;}">
            <Coords points="1430,4509 1932,4509 1932,4565 1430,4565"/>
            <Baseline points="1429,4554 1588,4553 1722,4556 1932,4556"/>
            <TextEquiv>
               <Unicode>Warenberichte.</Unicode>
            </TextEquiv>
            <TextStyle fontFamily="Times New Roman" fontSize="11.0" bold="true"/>
         </TextLine>
         <TextEquiv>
            <Unicode>Warenberichte.</Unicode>
         </TextEquiv>
      </TextRegion>
      <TextRegion type="paragraph" id="r_11_2" custom="readingOrder {index:52;}">
         <Coords points="1166,4574 2199,4574 2199,4970 1166,4970"/>
         <TextLine id="tl_238"
                   primaryLanguage="German"
                   custom="readingOrder {index:0;}">
            <Coords points="1248,4575 2198,4575 2198,4616 1248,4616"/>
            <Baseline points="1248,4609 1296,4609 1439,4607 1515,4609 1883,4607 2199,4608"/>
            <TextEquiv>
               <Unicode>Wien, 1. Juli. [Orig.=Ber.] (Spiritus.)</Unicode>
            </TextEquiv>
         </TextLine>
         <TextLine id="tl_239"
                   primaryLanguage="German"
                   custom="readingOrder {index:1;}">
            <Coords points="1168,4615 2194,4615 2194,4657 1168,4657"/>
            <Baseline points="1168,4648 1222,4648 1425,4647 1564,4646 1622,4647 1790,4647 1878,4647 2061,4648 2194,4648"/>
            <TextEquiv>
               <Unicode>Bei fortgesetztem Mangel an Ausgebot und Nachfrage notiert</Unicode>
            </TextEquiv>
            <TextStyle fontFamily="Times New Roman" fontSize="7.0"/>
         </TextLine>
         <TextLine id="tl_240"
                   primaryLanguage="German"
                   custom="readingOrder {index:2;}">
            <Coords points="1168,4653 2192,4653 2192,4695 1168,4695"/>
            <Baseline points="1166,4686 1305,4686 1604,4685 1654,4686 1792,4686 1896,4686 1968,4687 2046,4687 2192,4687"/>
            <TextEquiv>
               <Unicode>prompter Kontingentspiritus in gleicher Höhe mit dem Schlusse</Unicode>
            </TextEquiv>
            <TextStyle fontFamily="Times New Roman" fontSize="7.0"/>
         </TextLine>
         <TextLine id="tl_241"
                   primaryLanguage="German"
                   custom="readingOrder {index:3;}">
            <Coords points="1169,4694 2198,4694 2198,4736 1169,4736"/>
            <Baseline points="1169,4726 1213,4726 1377,4725 1436,4724 1496,4725 1560,4725 1616,4724 1722,4723 1878,4725 2010,4726 2076,4726 2199,4725"/>
            <TextEquiv>
               <Unicode>der Vorwoche K. 50 bis K. 50.50; dagegen herrscht für Triplo=</Unicode>
            </TextEquiv>
            <TextStyle fontFamily="Times New Roman" fontSize="7.0"/>
         </TextLine>
         <TextLine id="tl_242"
                   primaryLanguage="German"
                   custom="readingOrder {index:4;}">
            <Coords points="1170,4733 2195,4733 2195,4774 1170,4774"/>
            <Baseline points="1170,4765 1223,4765 1455,4764 1627,4763 1769,4764 1954,4763 2107,4766 2195,4765"/>
            <TextEquiv>
               <Unicode>und denaturierten Spiritus lebhafte Nachfrage, welcher nur</Unicode>
            </TextEquiv>
            <TextStyle fontFamily="Times New Roman" fontSize="7.0"/>
         </TextLine>
         <TextLine id="tl_243"
                   primaryLanguage="German"
                   custom="readingOrder {index:5;}">
            <Coords points="1169,4772 2197,4772 2197,4813 1169,4813"/>
            <Baseline points="1168,4802 1292,4804 1455,4803 1702,4802 1801,4803 2120,4804 2197,4804"/>
            <TextEquiv>
               <Unicode>geringes Ausgebot gegenübersteht. Die Durchschnittspreise der</Unicode>
            </TextEquiv>
            <TextStyle fontFamily="Times New Roman" fontSize="7.0"/>
         </TextLine>
         <TextLine id="tl_244"
                   primaryLanguage="German"
                   custom="readingOrder {index:6;}">
            <Coords points="1167,4812 2190,4812 2190,4851 1167,4851"/>
            <Baseline points="1167,4844 1264,4844 1357,4843 1459,4842 1603,4841 1687,4842 1971,4844 2032,4843 2114,4843 2190,4844"/>
            <TextEquiv>
               <Unicode>Woche sind: Für Frucht= und Kartoffelspiritus K 50 bis</Unicode>
            </TextEquiv>
            <TextStyle fontFamily="Times New Roman" fontSize="7.0"/>
         </TextLine>
         <TextLine id="tl_245"
                   primaryLanguage="German"
                   custom="readingOrder {index:7;}">
            <Coords points="1174,4851 2196,4851 2196,4890 1174,4890"/>
            <Baseline points="1174,4884 1211,4882 1314,4882 1438,4882 1649,4882 1715,4882 1834,4882 1891,4881 1961,4881 2024,4882 2070,4881 2196,4881"/>
            <TextEquiv>
               <Unicode>K. 50.50, ferner caissonsweise für Triplo K. 144 bis K. 144.50.</Unicode>
            </TextEquiv>
            <TextStyle fontFamily="Times New Roman" fontSize="7.0"/>
         </TextLine>
         <TextLine id="tl_246"
                   primaryLanguage="German"
                   custom="readingOrder {index:8;}">
            <Coords points="1176,4889 2198,4889 2198,4930 1176,4930"/>
            <Baseline points="1176,4921 1223,4922 1441,4921 1606,4921 1662,4919 1770,4920 1832,4921 1891,4920 2017,4920 2120,4919 2198,4922"/>
            <TextEquiv>
               <Unicode>für denaturierten Spiritus K. 39.50 bis K. 40, faßweise um</Unicode>
            </TextEquiv>
            <TextStyle fontFamily="Times New Roman" fontSize="7.0"/>
         </TextLine>
         <TextLine id="tl_247"
                   primaryLanguage="German"
                   custom="readingOrder {index:9;}">
            <Coords points="1170,4929 2109,4929 2109,4969 1170,4969"/>
            <Baseline points="1170,4962 1206,4960 1246,4960 1309,4960 1366,4960 1402,4959 1672,4960 1741,4960 1797,4959 1836,4959 1901,4960 1956,4959 1998,4959 2109,4960"/>
            <TextEquiv>
               <Unicode>K. 3 bis K. 4, beziehungsweise um K. 2 bis K. 3 höher.</Unicode>
            </TextEquiv>
            <TextStyle fontFamily="Times New Roman" fontSize="7.0"/>
         </TextLine>
         <TextEquiv>
            <Unicode>Wien, 1. Juli. [Orig.=Ber.] (Spiritus.)
Bei fortgesetztem Mangel an Ausgebot und Nachfrage notiert
prompter Kontingentspiritus in gleicher Höhe mit dem Schlusse
der Vorwoche K. 50 bis K. 50.50; dagegen herrscht für Triplo=
und denaturierten Spiritus lebhafte Nachfrage, welcher nur
geringes Ausgebot gegenübersteht. Die Durchschnittspreise der
Woche sind: Für Frucht= und Kartoffelspiritus K 50 bis
K. 50.50, ferner caissonsweise für Triplo K. 144 bis K. 144.50.
für denaturierten Spiritus K. 39.50 bis K. 40, faßweise um
K. 3 bis K. 4, beziehungsweise um K. 2 bis K. 3 höher.</Unicode>
         </TextEquiv>
      </TextRegion>
      <TextRegion type="paragraph" id="r_11_3" custom="readingOrder {index:53;}">
         <Coords points="1174,4975 2200,4975 2200,5217 1174,5217"/>
         <TextLine id="tl_248"
                   primaryLanguage="German"
                   custom="readingOrder {index:0;}">
            <Coords points="1248,4976 2194,4976 2194,5017 1248,5017"/>
            <Baseline points="1246,5005 1328,5007 1470,5008 1576,5007 2056,5007 2193,5006"/>
            <TextEquiv>
               <Unicode>— (Börse für landwirtschaftliche Pro⸗</Unicode>
            </TextEquiv>
         </TextLine>
         <TextLine id="tl_249"
                   primaryLanguage="German"
                   custom="readingOrder {index:1;}">
            <Coords points="1177,5013 2194,5013 2194,5057 1177,5057"/>
            <Baseline points="1177,5049 1193,5049 1400,5049 1471,5048 1626,5049 1848,5048 2139,5047 2163,5051 2195,5050"/>
            <TextEquiv>
               <Unicode>dukte.) An der heutigen Wochenbörse behält die Tendenz</Unicode>
            </TextEquiv>
         </TextLine>
         <TextLine id="tl_250"
                   primaryLanguage="German"
                   custom="readingOrder {index:2;}">
            <Coords points="1175,5056 2191,5056 2191,5096 1175,5096"/>
            <Baseline points="1175,5089 1253,5088 1408,5088 1495,5087 1626,5087 1805,5085 1926,5088 2010,5086 2191,5087"/>
            <TextEquiv>
               <Unicode>ihren lustlosen und matten Charakter, denn das anhaltend</Unicode>
            </TextEquiv>
            <TextStyle fontFamily="Times New Roman" fontSize="7.0"/>
         </TextLine>
         <TextLine id="tl_251"
                   primaryLanguage="German"
                   custom="readingOrder {index:3;}">
            <Coords points="1175,5092 2193,5092 2193,5136 1175,5136"/>
            <Baseline points="1175,5126 1236,5128 1442,5127 1535,5126 1601,5127 1745,5125 1872,5127 1994,5127 2193,5127"/>
            <TextEquiv>
               <Unicode>gute Erntewetter hält die Kauflust unter Druck. Verkäufer</Unicode>
            </TextEquiv>
            <TextStyle fontFamily="Times New Roman" fontSize="7.0"/>
         </TextLine>
         <TextLine id="tl_252"
                   primaryLanguage="German"
                   custom="readingOrder {index:4;}">
            <Coords points="1180,5135 2198,5135 2198,5177 1180,5177"/>
            <Baseline points="1179,5167 1275,5167 1406,5167 1671,5165 1765,5165 2005,5165 2074,5165 2199,5164"/>
            <TextEquiv>
               <Unicode>sind entschieden abgabswilliger, die Anerbietungen in Unter⸗</Unicode>
            </TextEquiv>
            <TextStyle fontFamily="Times New Roman" fontSize="7.0"/>
         </TextLine>
         <TextLine id="tl_253"
                   primaryLanguage="German"
                   custom="readingOrder {index:5;}">
            <Coords points="1177,5175 2199,5175 2199,5216 1177,5216"/>
            <Baseline points="1177,5205 1395,5208 1498,5208 1564,5208 1669,5207 1804,5207 1855,5208 1952,5206 2071,5205 2201,5205"/>
            <TextEquiv>
               <Unicode>länder=Weizen besser als sonst. Soweit es sich vorerst eruieren</Unicode>
            </TextEquiv>
            <TextStyle fontFamily="Times New Roman" fontSize="7.0"/>
         </TextLine>
         <TextEquiv>
            <Unicode>— (Börse für landwirtschaftliche Pro⸗
dukte.) An der heutigen Wochenbörse behält die Tendenz
ihren lustlosen und matten Charakter, denn das anhaltend
gute Erntewetter hält die Kauflust unter Druck. Verkäufer
sind entschieden abgabswilliger, die Anerbietungen in Unter⸗
länder=Weizen besser als sonst. Soweit es sich vorerst eruieren</Unicode>
         </TextEquiv>
      </TextRegion>
      <TextRegion type="paragraph" id="r_12_1" custom="readingOrder {index:54;}">
         <Coords points="2264,281 3292,281 3292,446 2264,446"/>
         <TextLine id="tl_254"
                   primaryLanguage="German"
                   custom="readingOrder {index:0;}">
            <Coords points="2265,282 3285,282 3285,327 2265,327"/>
            <Baseline points="2265,319 2328,316 2396,317 2529,315 2621,316 2683,316 2758,315 2825,316 2901,315 3073,316 3153,317 3221,317 3285,318"/>
            <TextEquiv>
               <Unicode>läßt, ist Weizen um 30 bis 35 H., Roggen um 10 H.</Unicode>
            </TextEquiv>
            <TextStyle fontFamily="Times New Roman" fontSize="7.0"/>
         </TextLine>
         <TextLine id="tl_255"
                   primaryLanguage="German"
                   custom="readingOrder {index:1;}">
            <Coords points="2269,320 3291,320 3291,367 2269,367"/>
            <Baseline points="2269,356 2375,356 2448,356 2528,356 2610,355 2725,355 2913,355 3134,357 3291,356"/>
            <TextEquiv>
               <Unicode>billiger als vor acht Tagen, während Prompthafer ziemlich</Unicode>
            </TextEquiv>
            <TextStyle fontFamily="Times New Roman" fontSize="7.0"/>
         </TextLine>
         <TextLine id="tl_256"
                   primaryLanguage="German"
                   custom="readingOrder {index:2;}">
            <Coords points="2267,362 3291,362 3291,405 2267,405"/>
            <Baseline points="2267,397 2453,396 2521,397 2654,395 2770,396 2828,395 2936,395 3019,395 3120,395 3291,398"/>
            <TextEquiv>
               <Unicode>unverändert ist. Mais spricht sich fester aus, doch resultiert</Unicode>
            </TextEquiv>
            <TextStyle fontFamily="Times New Roman" fontSize="7.0"/>
         </TextLine>
         <TextLine id="tl_257"
                   primaryLanguage="German"
                   custom="readingOrder {index:3;}">
            <Coords points="2269,401 3132,401 3132,445 2269,445"/>
            <Baseline points="2269,439 2332,436 2453,436 2522,436 2780,435 2876,435 2940,435 3006,436 3070,436 3132,437"/>
            <TextEquiv>
               <Unicode>noch immer ein Wochenrückgang von 10 bis 15 H.</Unicode>
            </TextEquiv>
            <TextStyle fontFamily="Times New Roman" fontSize="7.0"/>
         </TextLine>
         <TextEquiv>
            <Unicode>läßt, ist Weizen um 30 bis 35 H., Roggen um 10 H.
billiger als vor acht Tagen, während Prompthafer ziemlich
unverändert ist. Mais spricht sich fester aus, doch resultiert
noch immer ein Wochenrückgang von 10 bis 15 H.</Unicode>
         </TextEquiv>
      </TextRegion>
      <TextRegion type="paragraph" id="r_13_1" custom="readingOrder {index:55;}">
         <Coords points="2321,482 3224,482 3224,534 2321,534"/>
         <TextLine id="tl_258"
                   primaryLanguage="German"
                   custom="readingOrder {index:0;}">
            <Coords points="2322,483 3223,483 3223,533 2322,533"/>
            <Baseline points="2322,525 2584,524 2674,524 2861,523 3024,524 3223,526"/>
            <TextEquiv>
               <Unicode>Telegramme der „Neuen Freien Presse“.</Unicode>
            </TextEquiv>
            <TextStyle fontFamily="Times New Roman" fontSize="7.0" bold="true"/>
         </TextLine>
         <TextEquiv>
            <Unicode>Telegramme der „Neuen Freien Presse“.</Unicode>
         </TextEquiv>
      </TextRegion>
      <TextRegion type="paragraph" id="r_13_2" custom="readingOrder {index:56;}">
         <Coords points="2672,547 2882,547 2882,579 2672,579"/>
         <TextLine id="tl_259"
                   primaryLanguage="German"
                   custom="readingOrder {index:0;}">
            <Coords points="2673,548 2881,548 2881,578 2673,578"/>
            <Baseline points="2673,576 2881,577"/>
            <TextEquiv>
               <Unicode>Baumwolle.</Unicode>
            </TextEquiv>
            <TextStyle fontFamily="Times New Roman" fontSize="6.0" bold="true"/>
         </TextLine>
         <TextEquiv>
            <Unicode>Baumwolle.</Unicode>
         </TextEquiv>
      </TextRegion>
      <TextRegion type="paragraph" id="r_13_3" custom="readingOrder {index:57;}">
         <Coords points="2258,589 3290,589 3290,709 2258,709"/>
         <TextLine id="tl_260"
                   primaryLanguage="German"
                   custom="readingOrder {index:0;}">
            <Coords points="2333,590 3289,590 3289,632 2333,632"/>
            <Baseline points="2333,623 2358,623 2613,620 2732,620 2946,622 3159,623 3291,623"/>
            <TextEquiv>
               <Unicode>Liverpool, 30. Juni. Aegyptische Baumwolle (Fully</Unicode>
            </TextEquiv>
         </TextLine>
         <TextLine id="tl_261"
                   primaryLanguage="German"
                   custom="readingOrder {index:1;}">
            <Coords points="2261,624 3288,624 3288,672 2261,672"/>
            <Baseline points="2261,664 2342,662 2431,660 2534,661 2634,660 2741,661 2813,659 2902,662 3074,662 3123,662 3170,663 3253,661 3287,662"/>
            <TextEquiv>
               <Unicode>Good Fair) per Juli 10·06 d., per November 10·05 d., per</Unicode>
            </TextEquiv>
            <TextStyle fontFamily="Times New Roman" fontSize="7.0"/>
         </TextLine>
         <TextLine id="tl_262"
                   primaryLanguage="German"
                   custom="readingOrder {index:2;}">
            <Coords points="2259,668 2854,668 2854,708 2259,708"/>
            <Baseline points="2258,701 2372,701 2477,699 2526,699 2625,699 2726,700 2854,698"/>
            <TextEquiv>
               <Unicode>Januar 10·01 d. Umsatz 300 Ballen.</Unicode>
            </TextEquiv>
            <TextStyle fontFamily="Times New Roman" fontSize="7.0"/>
         </TextLine>
         <TextEquiv>
            <Unicode>Liverpool, 30. Juni. Aegyptische Baumwolle (Fully
Good Fair) per Juli 10·06 d., per November 10·05 d., per
Januar 10·01 d. Umsatz 300 Ballen.</Unicode>
         </TextEquiv>
      </TextRegion>
      <TextRegion type="paragraph" id="r_13_4" custom="readingOrder {index:58;}">
         <Coords points="2678,715 2880,713 2880,749 2678,751"/>
         <TextLine id="tl_263"
                   primaryLanguage="German"
                   custom="readingOrder {index:0;}">
            <Coords points="2679,716 2876,713 2876,747 2679,750"/>
            <Baseline points="2679,746 2875,746"/>
            <TextEquiv>
               <Unicode>Fettwaren.</Unicode>
            </TextEquiv>
            <TextStyle fontFamily="Times New Roman" fontSize="7.0"/>
         </TextLine>
         <TextEquiv>
            <Unicode>Fettwaren.</Unicode>
         </TextEquiv>
      </TextRegion>
      <TextRegion type="paragraph" id="r_13_5" custom="readingOrder {index:59;}">
         <Coords points="2255,756 3313,756 3313,1106 2255,1106"/>
         <TextLine id="tl_264"
                   primaryLanguage="German"
                   custom="readingOrder {index:0;}">
            <Coords points="2334,757 3284,757 3284,799 2334,799"/>
            <Baseline points="2333,791 2475,790 2547,789 2647,790 2793,789 2908,790 3073,790 3153,791 3218,791 3283,791"/>
            <TextEquiv>
               <Unicode>London, 30. Juni. Butter ruhig, dänische 115 sh. bis</Unicode>
            </TextEquiv>
            <TextStyle fontFamily="Times New Roman" fontSize="7.0"/>
         </TextLine>
         <TextLine id="tl_265"
                   primaryLanguage="German"
                   custom="readingOrder {index:1;}">
            <Coords points="2259,798 3284,798 3284,840 2259,840"/>
            <Baseline points="2259,832 2316,830 2365,831 2546,830 2684,829 2767,829 2829,830 2895,830 2953,829 3018,829 3154,828 3285,831"/>
            <TextEquiv>
               <Unicode>116 sh., Friesland Dairies 110 sh. bis 12 sh. Schmalz ruhig,</Unicode>
            </TextEquiv>
            <TextStyle fontFamily="Times New Roman" fontSize="7.0"/>
         </TextLine>
         <TextLine id="tl_266"
                   primaryLanguage="German"
                   custom="readingOrder {index:2;}">
            <Coords points="2258,838 3285,838 3285,879 2258,879"/>
            <Baseline points="2258,870 2472,869 2548,869 2606,868 2671,868 2711,869 2758,868 2915,869 3063,868 3121,869 3200,870 3231,870 3284,870"/>
            <TextEquiv>
               <Unicode>amerikanisches loko 42 sh. 9 d., prompte Abladung 43 sh. 9 d.,</Unicode>
            </TextEquiv>
         </TextLine>
         <TextLine id="tl_267"
                   primaryLanguage="German"
                   custom="readingOrder {index:3;}">
            <Coords points="2258,877 3288,877 3288,918 2258,918"/>
            <Baseline points="2258,909 2426,907 2584,908 2800,906 2857,907 2992,907 3076,907 3138,909 3198,908 3232,910 3286,908"/>
            <TextEquiv>
               <Unicode>raffiniertes Londoner Baumwollöl in Fässern loko 28 sh. 6 d.,</Unicode>
            </TextEquiv>
            <TextStyle fontFamily="Times New Roman" fontSize="7.0"/>
         </TextLine>
         <TextLine id="tl_268"
                   primaryLanguage="German"
                   custom="readingOrder {index:4;}">
            <Coords points="2258,915 3312,915 3312,956 2258,956"/>
            <Baseline points="2258,948 2395,946 2489,946 2595,947 2697,946 2728,947 2779,947 2863,948 2958,947 3153,948 3239,948 3291,949"/>
            <TextEquiv>
               <Unicode>Londoner helles Leinöl 40 sh. 6 d., Talg ruhig, australischer Mutton</Unicode>
            </TextEquiv>
            <TextStyle fontFamily="Times New Roman" fontSize="7.0"/>
         </TextLine>
         <TextLine id="tl_269"
                   primaryLanguage="German"
                   custom="readingOrder {index:5;}">
            <Coords points="2257,955 3284,955 3284,994 2257,994"/>
            <Baseline points="2256,987 2328,987 2405,986 2492,985 2586,986 2663,986 2764,985 3001,986 3162,987 3284,988"/>
            <TextEquiv>
               <Unicode>Dull 31 sh. bis 33 sh., australischer Mutton Good</Unicode>
            </TextEquiv>
            <TextStyle fontFamily="Times New Roman" fontSize="7.0"/>
         </TextLine>
         <TextLine id="tl_270"
                   primaryLanguage="German"
                   custom="readingOrder {index:6;}">
            <Coords points="2256,994 3301,994 3301,1035 2256,1035"/>
            <Baseline points="2256,1026 2290,1025 2368,1024 2443,1024 2511,1025 2577,1023 2817,1025 2906,1025 3048,1025 3110,1025 3193,1026 3233,1027 3290,1025"/>
            <TextEquiv>
               <Unicode>35 sh. bis 36 sh., australischer Beef Dull. 29 sh. 6 d.</Unicode>
            </TextEquiv>
            <TextStyle fontFamily="Times New Roman" fontSize="7.0"/>
         </TextLine>
         <TextLine id="tl_271"
                   primaryLanguage="German"
                   custom="readingOrder {index:7;}">
            <Coords points="2258,1030 3289,1030 3289,1072 2258,1072"/>
            <Baseline points="2256,1062 2300,1063 2358,1064 2425,1063 2475,1064 2532,1062 2754,1064 2855,1065 2973,1064 3044,1063 3110,1064 3161,1065 3209,1064 3288,1066"/>
            <TextEquiv>
               <Unicode>bis 31 sh. 6 d., australischer Beef Good 33 sh. 6 d. bis</Unicode>
            </TextEquiv>
            <TextStyle fontFamily="Times New Roman" fontSize="7.0"/>
         </TextLine>
         <TextLine id="tl_272"
                   primaryLanguage="German"
                   custom="readingOrder {index:8;}">
            <Coords points="2260,1071 2453,1071 2453,1105 2260,1105"/>
            <Baseline points="2260,1105 2299,1104 2366,1103 2453,1102"/>
            <TextEquiv>
               <Unicode>34 sh. 6·d.</Unicode>
            </TextEquiv>
            <TextStyle fontFamily="Times New Roman" fontSize="7.0"/>
         </TextLine>
         <TextEquiv>
            <Unicode>London, 30. Juni. Butter ruhig, dänische 115 sh. bis
116 sh., Friesland Dairies 110 sh. bis 12 sh. Schmalz ruhig,
amerikanisches loko 42 sh. 9 d., prompte Abladung 43 sh. 9 d.,
raffiniertes Londoner Baumwollöl in Fässern loko 28 sh. 6 d.,
Londoner helles Leinöl 40 sh. 6 d., Talg ruhig, australischer Mutton
Dull 31 sh. bis 33 sh., australischer Mutton Good
35 sh. bis 36 sh., australischer Beef Dull. 29 sh. 6 d.
bis 31 sh. 6 d., australischer Beef Good 33 sh. 6 d. bis
34 sh. 6·d.</Unicode>
         </TextEquiv>
      </TextRegion>
      <TextRegion type="paragraph" id="r_13_6" custom="readingOrder {index:60;}">
         <Coords points="2254,1118 3284,1118 3284,1279 2254,1279"/>
         <TextLine id="tl_273"
                   primaryLanguage="German"
                   custom="readingOrder {index:0;}">
            <Coords points="2330,1119 3283,1119 3283,1159 2330,1159"/>
            <Baseline points="2330,1151 2518,1149 2606,1149 2723,1149 2888,1149 3149,1151 3284,1152"/>
            <TextEquiv>
               <Unicode>Liverpool, 30. Juni. Schmalz, amerikanisches Prime</Unicode>
            </TextEquiv>
            <TextStyle fontFamily="Times New Roman" fontSize="7.0"/>
         </TextLine>
         <TextLine id="tl_274"
                   primaryLanguage="German"
                   custom="readingOrder {index:1;}">
            <Coords points="2261,1158 3282,1158 3282,1199 2261,1199"/>
            <Baseline points="2261,1190 2380,1189 2504,1189 2580,1189 2637,1190 2702,1189 2743,1189 2792,1189 2859,1189 2917,1189 2970,1188 3181,1191 3284,1191"/>
            <TextEquiv>
               <Unicode>Western Steam loko 41 sh. 6 d. bis 42 sh., raffiniertes Liver,</Unicode>
            </TextEquiv>
            <TextStyle fontFamily="Times New Roman" fontSize="7.0"/>
         </TextLine>
         <TextLine id="tl_275"
                   primaryLanguage="German"
                   custom="readingOrder {index:2;}">
            <Coords points="2257,1197 3280,1197 3280,1238 2257,1238"/>
            <Baseline points="2255,1229 2347,1227 2559,1228 2714,1229 2768,1229 2827,1228 2860,1228 2922,1227 3054,1229 3165,1229 3280,1231"/>
            <TextEquiv>
               <Unicode>pooler Baumwollöl Lokopreis 28 sh. 9 d., Palmöl, Lagos, transit</Unicode>
            </TextEquiv>
            <TextStyle fontFamily="Times New Roman" fontSize="7.0"/>
         </TextLine>
         <TextLine id="tl_276"
                   primaryLanguage="German"
                   custom="readingOrder {index:3;}">
            <Coords points="2255,1234 3283,1234 3283,1278 2255,1278"/>
            <Baseline points="2255,1268 2294,1269 2377,1267 2450,1267 2499,1267 2553,1266 2680,1265 2755,1266 2900,1268 3077,1269 3140,1270 3215,1270 3283,1270"/>
            <TextEquiv>
               <Unicode>30 Pfd. St. 15 sh., Bonny old Calabar Cameroon 30 Pfd. St.</Unicode>
            </TextEquiv>
            <TextStyle fontFamily="Times New Roman" fontSize="7.0"/>
         </TextLine>
         <TextEquiv>
            <Unicode>Liverpool, 30. Juni. Schmalz, amerikanisches Prime
Western Steam loko 41 sh. 6 d. bis 42 sh., raffiniertes Liver,
pooler Baumwollöl Lokopreis 28 sh. 9 d., Palmöl, Lagos, transit
30 Pfd. St. 15 sh., Bonny old Calabar Cameroon 30 Pfd. St.</Unicode>
         </TextEquiv>
      </TextRegion>
      <TextRegion type="paragraph" id="r_13_7" custom="readingOrder {index:61;}">
         <Coords points="2259,1274 2863,1274 2863,1316 2259,1316"/>
         <TextLine id="tl_277"
                   primaryLanguage="German"
                   custom="readingOrder {index:0;}">
            <Coords points="2260,1275 2862,1275 2862,1315 2260,1315"/>
            <Baseline points="2260,1308 2279,1308 2443,1307 2554,1306 2614,1308 2699,1306 2772,1306 2812,1306 2862,1306"/>
            <TextEquiv>
               <Unicode>5 sh., Accra Adday 29 Pfd. St. 5 d.</Unicode>
            </TextEquiv>
            <TextStyle fontFamily="Times New Roman" fontSize="7.0"/>
         </TextLine>
         <TextEquiv>
            <Unicode>5 sh., Accra Adday 29 Pfd. St. 5 d.</Unicode>
         </TextEquiv>
      </TextRegion>
      <TextRegion type="paragraph" id="r_13_8" custom="readingOrder {index:62;}">
         <Coords points="2681,1322 2839,1322 2839,1354 2681,1354"/>
         <TextLine id="tl_278"
                   primaryLanguage="German"
                   custom="readingOrder {index:0;}">
            <Coords points="2682,1323 2838,1323 2838,1353 2682,1353"/>
            <Baseline points="2682,1353 2838,1353"/>
            <TextEquiv>
               <Unicode>Getreide,</Unicode>
            </TextEquiv>
            <TextStyle fontFamily="Times New Roman" fontSize="6.0" bold="true"/>
         </TextLine>
         <TextEquiv>
            <Unicode>Getreide,</Unicode>
         </TextEquiv>
      </TextRegion>
      <TextRegion type="paragraph" id="r_13_9" custom="readingOrder {index:63;}">
         <Coords points="2250,1365 3291,1365 3291,1603 2250,1603"/>
         <TextLine id="tl_279"
                   primaryLanguage="German"
                   custom="readingOrder {index:0;}">
            <Coords points="2331,1366 3278,1366 3278,1409 2331,1409"/>
            <Baseline points="2331,1398 2504,1397 2589,1397 2706,1395 2913,1398 3052,1399 3132,1399 3278,1401"/>
            <TextEquiv>
               <Unicode>Budapest, 1. Juli. Effektiver Weizen bei einigen</Unicode>
            </TextEquiv>
            <TextStyle fontFamily="Times New Roman" fontSize="7.0"/>
         </TextLine>
         <TextLine id="tl_280"
                   primaryLanguage="German"
                   custom="readingOrder {index:1;}">
            <Coords points="2252,1404 3278,1404 3278,1445 2252,1445"/>
            <Baseline points="2252,1437 2360,1437 2621,1436 2742,1435 2848,1436 2907,1436 3012,1437 3122,1438 3279,1438"/>
            <TextEquiv>
               <Unicode>tausend Meterzentnern Umsatz um 5 H billiger. Oktober=</Unicode>
            </TextEquiv>
            <TextStyle fontFamily="Times New Roman" fontSize="7.0"/>
         </TextLine>
         <TextLine id="tl_281"
                   primaryLanguage="German"
                   custom="readingOrder {index:2;}">
            <Coords points="2254,1445 3279,1445 3279,1485 2254,1485"/>
            <Baseline points="2254,1478 2360,1475 2424,1475 2538,1475 2841,1475 2900,1475 3009,1476 3279,1478"/>
            <TextEquiv>
               <Unicode>Weizen K. 11.63, Oktober=Roggen K. 9.33, Oktober=Hafer</Unicode>
            </TextEquiv>
            <TextStyle fontFamily="Times New Roman" fontSize="7.0"/>
         </TextLine>
         <TextLine id="tl_282"
                   primaryLanguage="German"
                   custom="readingOrder {index:3;}">
            <Coords points="2252,1483 3279,1483 3279,1523 2252,1523"/>
            <Baseline points="2252,1516 2287,1513 2365,1513 2581,1514 2649,1513 2732,1514 2991,1515 3057,1516 3157,1515 3278,1516"/>
            <TextEquiv>
               <Unicode>K. 8.01, Juli=Mais K. 7.28, August=Mais K. 7.44. Mai=</Unicode>
            </TextEquiv>
            <TextStyle fontFamily="Times New Roman" fontSize="7.0"/>
         </TextLine>
         <TextLine id="tl_283"
                   primaryLanguage="German"
                   custom="readingOrder {index:4;}">
            <Coords points="2251,1522 3279,1522 3279,1565 2251,1565"/>
            <Baseline points="2251,1554 2338,1554 2398,1552 2494,1551 2651,1553 2732,1551 2853,1553 2980,1554 3091,1554 3279,1555"/>
            <TextEquiv>
               <Unicode>Mais K. 6.68. Roggen und Mais fest, übriges behauptet.</Unicode>
            </TextEquiv>
            <TextStyle fontFamily="Times New Roman" fontSize="7.0"/>
         </TextLine>
         <TextLine id="tl_284"
                   primaryLanguage="German"
                   custom="readingOrder {index:5;}">
            <Coords points="2252,1559 3004,1559 3004,1602 2252,1602"/>
            <Baseline points="2252,1595 2383,1592 2451,1592 2573,1592 2880,1593 2922,1593 2999,1593"/>
            <TextEquiv>
               <Unicode>Gekündigt wurden 87.000 Meterzentner Mais.</Unicode>
            </TextEquiv>
         </TextLine>
         <TextEquiv>
            <Unicode>Budapest, 1. Juli. Effektiver Weizen bei einigen
tausend Meterzentnern Umsatz um 5 H billiger. Oktober=
Weizen K. 11.63, Oktober=Roggen K. 9.33, Oktober=Hafer
K. 8.01, Juli=Mais K. 7.28, August=Mais K. 7.44. Mai=
Mais K. 6.68. Roggen und Mais fest, übriges behauptet.
Gekündigt wurden 87.000 Meterzentner Mais.</Unicode>
         </TextEquiv>
      </TextRegion>
      <TextRegion type="paragraph" id="r_13_10" custom="readingOrder {index:64;}">
         <Coords points="2250,1608 3284,1608 3284,1767 2250,1767"/>
         <TextLine id="tl_285"
                   primaryLanguage="German"
                   custom="readingOrder {index:0;}">
            <Coords points="2334,1609 3283,1609 3283,1651 2334,1651"/>
            <Baseline points="2334,1641 2460,1641 2537,1639 2648,1640 2812,1640 2920,1641 2986,1640 3034,1642 3136,1643 3283,1643"/>
            <TextEquiv>
               <Unicode>Berlin, 1. Juli. Weizen ruhig, per Juli 208.50,</Unicode>
            </TextEquiv>
            <TextStyle fontFamily="Times New Roman" fontSize="7.0"/>
         </TextLine>
         <TextLine id="tl_286"
                   primaryLanguage="German"
                   custom="readingOrder {index:1;}">
            <Coords points="2252,1647 3282,1647 3282,1690 2252,1690"/>
            <Baseline points="2249,1680 2298,1681 2481,1680 2599,1679 2696,1680 2849,1680 2985,1680 3106,1680 3282,1681"/>
            <TextEquiv>
               <Unicode>per September 198.75, per Oktober 198.75 Mark. Roggen</Unicode>
            </TextEquiv>
            <TextStyle fontFamily="Times New Roman" fontSize="7.0"/>
         </TextLine>
         <TextLine id="tl_287"
                   primaryLanguage="German"
                   custom="readingOrder {index:2;}">
            <Coords points="2251,1687 3283,1687 3283,1731 2251,1731"/>
            <Baseline points="2251,1719 2336,1719 2417,1719 2504,1717 2648,1717 3013,1720 3029,1725 3063,1728 3096,1719 3283,1722"/>
            <TextEquiv>
               <Unicode>ruhig, per Juli 171.50, per September 167½ per Oktober</Unicode>
            </TextEquiv>
         </TextLine>
         <TextLine id="tl_288"
                   primaryLanguage="German"
                   custom="readingOrder {index:3;}">
            <Coords points="2256,1725 2713,1724 2713,1765 2256,1766"/>
            <Baseline points="2256,1758 2325,1756 2329,1764 2351,1766 2375,1757 2650,1757 2709,1756"/>
            <TextEquiv>
               <Unicode>I67½ Mark. Regendrohend.</Unicode>
            </TextEquiv>
         </TextLine>
         <TextEquiv>
            <Unicode>Berlin, 1. Juli. Weizen ruhig, per Juli 208.50,
per September 198.75, per Oktober 198.75 Mark. Roggen
ruhig, per Juli 171.50, per September 167½ per Oktober
I67½ Mark. Regendrohend.</Unicode>
         </TextEquiv>
      </TextRegion>
      <TextRegion type="paragraph" id="r_13_11" custom="readingOrder {index:65;}">
         <Coords points="2713,1765 2830,1765 2830,1801 2713,1801"/>
         <TextLine id="tl_289"
                   primaryLanguage="German"
                   custom="readingOrder {index:0;}">
            <Coords points="2714,1766 2829,1766 2829,1800 2714,1800"/>
            <Baseline points="2714,1796 2828,1796"/>
            <TextEquiv>
               <Unicode>Kaffee.</Unicode>
            </TextEquiv>
            <TextStyle fontFamily="Times New Roman" fontSize="6.0" bold="true"/>
         </TextLine>
         <TextEquiv>
            <Unicode>Kaffee.</Unicode>
         </TextEquiv>
      </TextRegion>
      <TextRegion type="paragraph" id="r_13_12" custom="readingOrder {index:66;}">
         <Coords points="2250,1808 3289,1808 3289,2007 2250,2007"/>
         <TextLine id="tl_290"
                   primaryLanguage="German"
                   custom="readingOrder {index:0;}">
            <Coords points="2327,1809 3280,1809 3280,1848 2327,1848"/>
            <Baseline points="2327,1842 2357,1842 2525,1840 2642,1839 2731,1840 3127,1841 3280,1844"/>
            <TextEquiv>
               <Unicode>Triest, 1. Juli. (Eröffnung.) Santos Good</Unicode>
            </TextEquiv>
         </TextLine>
         <TextLine id="tl_291"
                   primaryLanguage="German"
                   custom="readingOrder {index:1;}">
            <Coords points="2252,1846 3276,1846 3276,1890 2252,1890"/>
            <Baseline points="2252,1879 2277,1879 2303,1880 2327,1880 2352,1880 2379,1879 2399,1879 2424,1880 2484,1879 2559,1879 2733,1879 2782,1878 2872,1879 2953,1880 3116,1881 3164,1881 3277,1882"/>
            <TextEquiv>
               <Unicode>Average fest, per September K. 69.25, per Dezember K. 68.75,</Unicode>
            </TextEquiv>
            <TextStyle fontFamily="Times New Roman" fontSize="7.0"/>
         </TextLine>
         <TextLine id="tl_292"
                   primaryLanguage="German"
                   custom="readingOrder {index:2;}">
            <Coords points="2251,1885 3278,1885 3278,1926 2251,1926"/>
            <Baseline points="2249,1919 2297,1918 2402,1918 2471,1917 2582,1918 2673,1918 2774,1919 2842,1919 2963,1918 3030,1919 3093,1920 3278,1922"/>
            <TextEquiv>
               <Unicode>per März K. 68.75, per Mai K. 68.75. — Nio Good</Unicode>
            </TextEquiv>
         </TextLine>
         <TextLine id="tl_293"
                   primaryLanguage="German"
                   custom="readingOrder {index:3;}">
            <Coords points="2252,1926 3288,1926 3288,1968 2252,1968"/>
            <Baseline points="2252,1956 2304,1957 2382,1957 2574,1958 2631,1957 2776,1957 2830,1957 3002,1959 3078,1959 3186,1959 3284,1961"/>
            <TextEquiv>
               <Unicode>fest, per September K. —.—, per Dezember K. 68.25, per</Unicode>
            </TextEquiv>
            <TextStyle fontFamily="Times New Roman" fontSize="7.0"/>
         </TextLine>
         <TextLine id="tl_294"
                   primaryLanguage="German"
                   custom="readingOrder {index:4;}">
            <Coords points="2251,1965 2837,1965 2837,2006 2251,2006"/>
            <Baseline points="2251,1998 2324,1996 2391,1995 2502,1996 2575,1998 2664,1997 2720,1997 2837,1997"/>
            <TextEquiv>
               <Unicode>März K. 68.25, per Mai K. 68.25.</Unicode>
            </TextEquiv>
            <TextStyle fontFamily="Times New Roman" fontSize="7.0"/>
         </TextLine>
         <TextEquiv>
            <Unicode>Triest, 1. Juli. (Eröffnung.) Santos Good
Average fest, per September K. 69.25, per Dezember K. 68.75,
per März K. 68.75, per Mai K. 68.75. — Nio Good
fest, per September K. —.—, per Dezember K. 68.25, per
März K. 68.25, per Mai K. 68.25.</Unicode>
         </TextEquiv>
      </TextRegion>
      <TextRegion type="paragraph" id="r_13_13" custom="readingOrder {index:67;}">
         <Coords points="2247,2012 3289,2012 3289,2132 2247,2132"/>
         <TextLine id="tl_295"
                   primaryLanguage="German"
                   custom="readingOrder {index:0;}">
            <Coords points="2327,2013 3287,2013 3287,2056 2327,2056"/>
            <Baseline points="2325,2046 2369,2044 2587,2044 2697,2045 2796,2044 2982,2046 3064,2046 3115,2046 3285,2048"/>
            <TextEquiv>
               <Unicode>Hamburg, 1. Juli. Per September 57, per Dezember</Unicode>
            </TextEquiv>
         </TextLine>
         <TextLine id="tl_296"
                   primaryLanguage="German"
                   custom="readingOrder {index:1;}">
            <Coords points="2248,2046 3280,2046 3280,2097 2248,2097"/>
            <Baseline points="2248,2084 2293,2084 2560,2085 2578,2092 2606,2091 2648,2084 2834,2085 2852,2094 2885,2094 2906,2085 3213,2088 3280,2088"/>
            <TextEquiv>
               <Unicode>56, per März 55¾, per Mai 55¾, Wert in Pfennigen per</Unicode>
            </TextEquiv>
            <TextStyle fontFamily="Times New Roman" fontSize="7.0"/>
         </TextLine>
         <TextLine id="tl_297"
                   primaryLanguage="German"
                   custom="readingOrder {index:2;}">
            <Coords points="2249,2091 2362,2091 2362,2131 2249,2131"/>
            <Baseline points="2247,2121 2358,2123"/>
            <TextEquiv>
               <Unicode>Pfund.</Unicode>
            </TextEquiv>
            <TextStyle fontFamily="Times New Roman" fontSize="7.0"/>
         </TextLine>
         <TextEquiv>
            <Unicode>Hamburg, 1. Juli. Per September 57, per Dezember
56, per März 55¾, per Mai 55¾, Wert in Pfennigen per
Pfund.</Unicode>
         </TextEquiv>
      </TextRegion>
      <TextRegion type="paragraph" id="r_13_14" custom="readingOrder {index:68;}">
         <Coords points="2681,2131 2851,2131 2851,2165 2681,2165"/>
         <TextLine id="tl_298"
                   primaryLanguage="German"
                   custom="readingOrder {index:0;}">
            <Coords points="2682,2132 2850,2132 2850,2164 2682,2164"/>
            <Baseline points="2682,2161 2850,2163"/>
            <TextEquiv>
               <Unicode>Schweine.</Unicode>
            </TextEquiv>
            <TextStyle fontFamily="Times New Roman" fontSize="7.0"/>
         </TextLine>
         <TextEquiv>
            <Unicode>Schweine.</Unicode>
         </TextEquiv>
      </TextRegion>
      <TextRegion type="paragraph" id="r_13_15" custom="readingOrder {index:69;}">
         <Coords points="2249,2173 3291,2173 3291,2258 2249,2258"/>
         <TextLine id="tl_299"
                   primaryLanguage="German"
                   custom="readingOrder {index:0;}">
            <Coords points="2318,2174 3289,2174 3289,2214 2318,2214"/>
            <Baseline points="2315,2205 2351,2207 2558,2204 2665,2206 2788,2206 2956,2207 3120,2208 3196,2208 3278,2208"/>
            <TextEquiv>
               <Unicode>Chicago, 30. Juni. Leichte Schweine notierten Dollars</Unicode>
            </TextEquiv>
         </TextLine>
         <TextLine id="tl_300"
                   primaryLanguage="German"
                   custom="readingOrder {index:1;}">
            <Coords points="2250,2213 3290,2213 3290,2257 2250,2257"/>
            <Baseline points="2250,2246 2311,2246 2370,2245 2499,2245 2566,2246 2713,2245 2846,2246 2929,2246 2994,2247 3219,2249 3233,2256 3271,2255"/>
            <TextEquiv>
               <Unicode>6.20 bis Dollars 6.65, schwere Dollars 6.15 bis Dollars 6.62½.</Unicode>
            </TextEquiv>
            <TextStyle fontFamily="Times New Roman" fontSize="7.0"/>
         </TextLine>
         <TextEquiv>
            <Unicode>Chicago, 30. Juni. Leichte Schweine notierten Dollars
6.20 bis Dollars 6.65, schwere Dollars 6.15 bis Dollars 6.62½.</Unicode>
         </TextEquiv>
      </TextRegion>
      <TextRegion type="paragraph" id="r_13_16" custom="readingOrder {index:70;}">
         <Coords points="2698,2262 2818,2262 2818,2297 2698,2297"/>
         <TextLine id="tl_301"
                   primaryLanguage="German"
                   custom="readingOrder {index:0;}">
            <Coords points="2699,2263 2817,2263 2817,2296 2699,2296"/>
            <Baseline points="2699,2292 2816,2291"/>
            <TextEquiv>
               <Unicode>Zucker.</Unicode>
            </TextEquiv>
            <TextStyle fontFamily="Times New Roman" fontSize="6.0" bold="true"/>
         </TextLine>
         <TextEquiv>
            <Unicode>Zucker.</Unicode>
         </TextEquiv>
      </TextRegion>
      <TextRegion type="paragraph" id="r_13_17" custom="readingOrder {index:71;}">
         <Coords points="2244,2304 3308,2304 3308,2934 2244,2934"/>
         <TextLine id="tl_302"
                   primaryLanguage="German"
                   custom="readingOrder {index:0;}">
            <Coords points="2324,2305 3290,2305 3290,2345 2324,2345"/>
            <Baseline points="2323,2336 2375,2337 2494,2336 2591,2337 2797,2335 2883,2336 3120,2339 3163,2339 3290,2341"/>
            <TextEquiv>
               <Unicode>Wien, 1. Juli. (Mitgeteilt von Friedrich Schönau in</Unicode>
            </TextEquiv>
         </TextLine>
         <TextLine id="tl_303"
                   primaryLanguage="German"
                   custom="readingOrder {index:1;}">
            <Coords points="2249,2345 3288,2345 3288,2387 2249,2387"/>
            <Baseline points="2248,2377 2347,2376 2452,2376 2567,2375 2641,2376 2743,2376 2818,2376 2920,2378 3049,2378 3283,2379"/>
            <TextEquiv>
               <Unicode>Wien.) Der Markt hat sich heute etwas ruhiger gestaltet, und</Unicode>
            </TextEquiv>
            <TextStyle fontFamily="Times New Roman" fontSize="7.0"/>
         </TextLine>
         <TextLine id="tl_304"
                   primaryLanguage="German"
                   custom="readingOrder {index:2;}">
            <Coords points="2249,2384 3280,2384 3280,2427 2249,2427"/>
            <Baseline points="2247,2416 2332,2415 2390,2417 2497,2416 2563,2416 2649,2416 2756,2416 3078,2417 3093,2424 3121,2426 3142,2417 3279,2418"/>
            <TextEquiv>
               <Unicode>gaben die Kurse für neue Ernte 5 Pfennige bis 7½ Pfennige</Unicode>
            </TextEquiv>
            <TextStyle fontFamily="Times New Roman" fontSize="7.0"/>
         </TextLine>
         <TextLine id="tl_305"
                   primaryLanguage="German"
                   custom="readingOrder {index:3;}">
            <Coords points="2249,2420 3275,2420 3275,2468 2249,2468"/>
            <Baseline points="2249,2455 2323,2455 2454,2455 2522,2455 2691,2455 2808,2455 2877,2455 3014,2456 3160,2457 3277,2457"/>
            <TextEquiv>
               <Unicode>ab, während sich prompter Zucker auf seinem früheren Kurs⸗</Unicode>
            </TextEquiv>
            <TextStyle fontFamily="Times New Roman" fontSize="7.0"/>
         </TextLine>
         <TextLine id="tl_306"
                   primaryLanguage="German"
                   custom="readingOrder {index:4;}">
            <Coords points="2248,2463 3274,2463 3274,2505 2248,2505"/>
            <Baseline points="2248,2494 2346,2494 2513,2494 2636,2493 2751,2494 2915,2494 3044,2495 3181,2496 3274,2498"/>
            <TextEquiv>
               <Unicode>niveau behaupten konnte. Dem Lichtschen Bericht zufolge war</Unicode>
            </TextEquiv>
            <TextStyle fontFamily="Times New Roman" fontSize="7.0"/>
         </TextLine>
         <TextLine id="tl_307"
                   primaryLanguage="German"
                   custom="readingOrder {index:5;}">
            <Coords points="2248,2502 3273,2502 3273,2546 2248,2546"/>
            <Baseline points="2248,2533 2297,2533 2414,2532 2471,2532 2534,2533 2750,2531 2860,2533 2941,2533 3135,2535 3273,2535"/>
            <TextEquiv>
               <Unicode>das Wetter in der abgelaufenen Woche im allgemeinen günstig.</Unicode>
            </TextEquiv>
            <TextStyle fontFamily="Times New Roman" fontSize="7.0"/>
         </TextLine>
         <TextLine id="tl_308"
                   primaryLanguage="German"
                   custom="readingOrder {index:6;}">
            <Coords points="2247,2540 3272,2540 3272,2583 2247,2583"/>
            <Baseline points="2247,2572 2309,2573 2604,2572 2669,2572 2785,2572 2840,2570 2922,2572 3153,2574 3271,2575"/>
            <TextEquiv>
               <Unicode>Der Durchschnittsstand der Felder ist ein befriedigender, doch</Unicode>
            </TextEquiv>
            <TextStyle fontFamily="Times New Roman" fontSize="7.0"/>
         </TextLine>
         <TextLine id="tl_309"
                   primaryLanguage="German"
                   custom="readingOrder {index:7;}">
            <Coords points="2248,2579 3274,2579 3274,2622 2248,2622"/>
            <Baseline points="2248,2612 2319,2612 2431,2611 2536,2610 2641,2610 2743,2611 2817,2611 2961,2612 3048,2612 3203,2614 3274,2615"/>
            <TextEquiv>
               <Unicode>wäre Regen nötig. Das Blatt ist gegenüber dem Vorjahre um</Unicode>
            </TextEquiv>
            <TextStyle fontFamily="Times New Roman" fontSize="7.0"/>
         </TextLine>
         <TextLine id="tl_310"
                   primaryLanguage="German"
                   custom="readingOrder {index:8;}">
            <Coords points="2247,2618 3274,2618 3274,2660 2247,2660"/>
            <Baseline points="2245,2649 2310,2651 2373,2650 2449,2651 2578,2651 2672,2650 2802,2650 2874,2651 2961,2651 3037,2650 3132,2650 3193,2652 3274,2654"/>
            <TextEquiv>
               <Unicode>zwei bis drei Wochen, die Wurzel um zirka acht Tage in der</Unicode>
            </TextEquiv>
            <TextStyle fontFamily="Times New Roman" fontSize="7.0"/>
         </TextLine>
         <TextLine id="tl_311"
                   primaryLanguage="German"
                   custom="readingOrder {index:9;}">
            <Coords points="2247,2658 3307,2658 3307,2700 2247,2700"/>
            <Baseline points="2247,2691 2425,2689 2541,2689 2676,2690 2754,2690 2809,2689 2953,2689 3014,2689 3075,2690 3191,2690 3273,2692"/>
            <TextEquiv>
               <Unicode>Entwicklung zurück. Gestern fand die Freigabe für den inländischen</Unicode>
            </TextEquiv>
            <TextStyle fontFamily="Times New Roman" fontSize="7.0"/>
         </TextLine>
         <TextLine id="tl_312"
                   primaryLanguage="German"
                   custom="readingOrder {index:10;}">
            <Coords points="2245,2697 3272,2697 3272,2739 2245,2739"/>
            <Baseline points="2245,2730 2371,2729 2440,2728 2528,2729 2609,2728 2705,2729 2807,2730 2917,2728 2955,2727 3095,2729 3148,2729 3216,2730 3272,2731"/>
            <TextEquiv>
               <Unicode>Konsum pro Juli statt, und zwar wurde 5 Prozent zu 50 H.</Unicode>
            </TextEquiv>
            <TextStyle fontFamily="Times New Roman" fontSize="7.0"/>
         </TextLine>
         <TextLine id="tl_313"
                   primaryLanguage="German"
                   custom="readingOrder {index:11;}">
            <Coords points="2247,2730 3271,2730 3271,2777 2247,2777"/>
            <Baseline points="2247,2768 2370,2768 2579,2768 2768,2766 2889,2767 2962,2768 3104,2769 3272,2769"/>
            <TextEquiv>
               <Unicode>erhöhten Notierungen freigegeben. Trotz des höheren Verkaufs⸗</Unicode>
            </TextEquiv>
            <TextStyle fontFamily="Times New Roman" fontSize="7.0"/>
         </TextLine>
         <TextLine id="tl_314"
                   primaryLanguage="German"
                   custom="readingOrder {index:12;}">
            <Coords points="2246,2774 3270,2774 3270,2816 2246,2816"/>
            <Baseline points="2244,2808 2343,2807 2456,2807 2532,2807 2714,2807 2804,2806 2912,2806 3150,2807 3270,2809"/>
            <TextEquiv>
               <Unicode>preises bleibt die Nachfrage eine recht befriedigende. Man</Unicode>
            </TextEquiv>
            <TextStyle fontFamily="Times New Roman" fontSize="7.0"/>
         </TextLine>
         <TextLine id="tl_315"
                   primaryLanguage="German"
                   custom="readingOrder {index:13;}">
            <Coords points="2246,2813 3266,2813 3266,2857 2246,2857"/>
            <Baseline points="2246,2847 2345,2847 2473,2846 2538,2845 2653,2846 2745,2845 3053,2845 3266,2848"/>
            <TextEquiv>
               <Unicode>notiert derzeit K. 77.50 für Prima=Großbrote Frachtbasis</Unicode>
            </TextEquiv>
            <TextStyle fontFamily="Times New Roman" fontSize="7.0"/>
         </TextLine>
         <TextLine id="tl_316"
                   primaryLanguage="German"
                   custom="readingOrder {index:14;}">
            <Coords points="2246,2852 3269,2852 3269,2896 2246,2896"/>
            <Baseline points="2245,2886 2367,2886 2458,2884 2624,2885 2747,2885 2846,2885 3063,2885 3145,2887 3269,2888"/>
            <TextEquiv>
               <Unicode>Chropin, K. 79.— frachtfrei Wien, Würfelzucker in Kisten</Unicode>
            </TextEquiv>
            <TextStyle fontFamily="Times New Roman" fontSize="7.0"/>
         </TextLine>
         <TextLine id="tl_317"
                   primaryLanguage="German"
                   custom="readingOrder {index:15;}">
            <Coords points="2245,2893 2476,2893 2476,2933 2245,2933"/>
            <Baseline points="2244,2926 2281,2924 2370,2925 2476,2924"/>
            <TextEquiv>
               <Unicode>K. 3.50 höher.</Unicode>
            </TextEquiv>
            <TextStyle fontFamily="Times New Roman" fontSize="7.0"/>
         </TextLine>
         <TextEquiv>
            <Unicode>Wien, 1. Juli. (Mitgeteilt von Friedrich Schönau in
Wien.) Der Markt hat sich heute etwas ruhiger gestaltet, und
gaben die Kurse für neue Ernte 5 Pfennige bis 7½ Pfennige
ab, während sich prompter Zucker auf seinem früheren Kurs⸗
niveau behaupten konnte. Dem Lichtschen Bericht zufolge war
das Wetter in der abgelaufenen Woche im allgemeinen günstig.
Der Durchschnittsstand der Felder ist ein befriedigender, doch
wäre Regen nötig. Das Blatt ist gegenüber dem Vorjahre um
zwei bis drei Wochen, die Wurzel um zirka acht Tage in der
Entwicklung zurück. Gestern fand die Freigabe für den inländischen
Konsum pro Juli statt, und zwar wurde 5 Prozent zu 50 H.
erhöhten Notierungen freigegeben. Trotz des höheren Verkaufs⸗
preises bleibt die Nachfrage eine recht befriedigende. Man
notiert derzeit K. 77.50 für Prima=Großbrote Frachtbasis
Chropin, K. 79.— frachtfrei Wien, Würfelzucker in Kisten
K. 3.50 höher.</Unicode>
         </TextEquiv>
      </TextRegion>
      <TextRegion type="paragraph" id="r_13_18" custom="readingOrder {index:72;}">
         <Coords points="2243,2938 3270,2938 3270,3023 2243,3023"/>
         <TextLine id="tl_318"
                   primaryLanguage="German"
                   custom="readingOrder {index:0;}">
            <Coords points="2320,2939 3269,2939 3269,2982 2320,2982"/>
            <Baseline points="2318,2972 2365,2974 2490,2972 2587,2971 2769,2972 2832,2971 2942,2972 3081,2973 3144,2973 3270,2974"/>
            <TextEquiv>
               <Unicode>Prag, 1. Juli. Rohzucker K. 24.10 prompt ab Aussig,</Unicode>
            </TextEquiv>
         </TextLine>
         <TextLine id="tl_319"
                   primaryLanguage="German"
                   custom="readingOrder {index:1;}">
            <Coords points="2244,2979 2756,2979 2756,3022 2244,3022"/>
            <Baseline points="2242,3011 2292,3013 2572,3010 2640,3009 2756,3010"/>
            <TextEquiv>
               <Unicode>per Oktober=Dezember K. 23.85.</Unicode>
            </TextEquiv>
            <TextStyle fontFamily="Times New Roman" fontSize="7.0"/>
         </TextLine>
         <TextEquiv>
            <Unicode>Prag, 1. Juli. Rohzucker K. 24.10 prompt ab Aussig,
per Oktober=Dezember K. 23.85.</Unicode>
         </TextEquiv>
      </TextRegion>
      <TextRegion type="paragraph" id="r_13_19" custom="readingOrder {index:73;}">
         <Coords points="2243,3026 3275,3026 3275,3273 2243,3273"/>
         <TextLine id="tl_320"
                   primaryLanguage="German"
                   custom="readingOrder {index:0;}">
            <Coords points="2320,3027 3270,3027 3270,3068 2320,3068"/>
            <Baseline points="2317,3060 2514,3060 2583,3059 2692,3058 2881,3059 2953,3059 3061,3059 3188,3059 3270,3062"/>
            <TextEquiv>
               <Unicode>Hamburg, 1. Juli. Rohzucker per Juli 11.03, per</Unicode>
            </TextEquiv>
            <TextStyle fontFamily="Times New Roman" fontSize="7.0"/>
         </TextLine>
         <TextLine id="tl_321"
                   primaryLanguage="German"
                   custom="readingOrder {index:1;}">
            <Coords points="2244,3065 3272,3065 3272,3108 2244,3108"/>
            <Baseline points="2244,3101 2344,3099 2460,3098 2555,3099 2748,3097 2845,3097 2938,3098 3083,3100 3194,3100 3272,3101"/>
            <TextEquiv>
               <Unicode>August 11.10, per September 10.95, per Oktober 10.50, per</Unicode>
            </TextEquiv>
            <TextStyle fontFamily="Times New Roman" fontSize="7.0"/>
         </TextLine>
         <TextLine id="tl_322"
                   primaryLanguage="German"
                   custom="readingOrder {index:2;}">
            <Coords points="2244,3106 3272,3106 3272,3148 2244,3148"/>
            <Baseline points="2244,3140 2394,3138 2506,3137 2575,3138 2745,3136 2844,3136 2940,3137 3076,3138 3186,3138 3272,3141"/>
            <TextEquiv>
               <Unicode>November 10.40, per Dezember 10 45, per Januar 10.52, per</Unicode>
            </TextEquiv>
            <TextStyle fontFamily="Times New Roman" fontSize="7.0"/>
         </TextLine>
         <TextLine id="tl_323"
                   primaryLanguage="German"
                   custom="readingOrder {index:3;}">
            <Coords points="2244,3145 3271,3145 3271,3185 2244,3185"/>
            <Baseline points="2245,3178 2366,3178 2465,3177 2557,3176 2646,3175 2765,3175 2856,3176 2971,3175 3081,3176 3179,3178 3271,3178"/>
            <TextEquiv>
               <Unicode>Februar 10.57, per März 10.57, per April 10.67, per Mai</Unicode>
            </TextEquiv>
            <TextStyle fontFamily="Times New Roman" fontSize="7.0"/>
         </TextLine>
         <TextLine id="tl_324"
                   primaryLanguage="German"
                   custom="readingOrder {index:4;}">
            <Coords points="2245,3184 3274,3184 3274,3227 2245,3227"/>
            <Baseline points="2245,3217 2329,3217 2416,3217 2584,3214 2834,3215 2932,3216 3186,3217 3274,3217"/>
            <TextEquiv>
               <Unicode>10.72, per Oktober=Dezember 10.42, per Januar=März 10.52</Unicode>
            </TextEquiv>
            <TextStyle fontFamily="Times New Roman" fontSize="7.0"/>
         </TextLine>
         <TextLine id="tl_325"
                   primaryLanguage="German"
                   custom="readingOrder {index:5;}">
            <Coords points="2244,3222 2586,3223 2586,3273 2244,3272"/>
            <Baseline points="2244,3258 2334,3255 2581,3255"/>
            <TextEquiv>
               <Unicode>Mark. Regeudrohend.</Unicode>
            </TextEquiv>
            <TextStyle fontFamily="Times New Roman" fontSize="7.0"/>
         </TextLine>
         <TextEquiv>
            <Unicode>Hamburg, 1. Juli. Rohzucker per Juli 11.03, per
August 11.10, per September 10.95, per Oktober 10.50, per
November 10.40, per Dezember 10 45, per Januar 10.52, per
Februar 10.57, per März 10.57, per April 10.67, per Mai
10.72, per Oktober=Dezember 10.42, per Januar=März 10.52
Mark. Regeudrohend.</Unicode>
         </TextEquiv>
      </TextRegion>
      <TextRegion type="paragraph" id="r_14_1" custom="readingOrder {index:74;}">
         <Coords points="2651,3298 2859,3298 2859,3330 2651,3330"/>
         <TextLine id="tl_326"
                   primaryLanguage="German"
                   custom="readingOrder {index:0;}">
            <Coords points="2652,3299 2858,3299 2858,3329 2652,3329"/>
            <Baseline points="2652,3327 2858,3329"/>
            <TextEquiv>
               <Unicode>Baumwolle.</Unicode>
            </TextEquiv>
            <TextStyle fontFamily="Times New Roman" fontSize="6.0" bold="true"/>
         </TextLine>
         <TextEquiv>
            <Unicode>Baumwolle.</Unicode>
         </TextEquiv>
      </TextRegion>
      <TextRegion type="paragraph" id="r_14_2" custom="readingOrder {index:75;}">
         <Coords points="2240,3339 3284,3339 3284,3623 2240,3623"/>
         <TextLine id="tl_327"
                   primaryLanguage="German"
                   custom="readingOrder {index:0;}">
            <Coords points="2330,3340 3276,3340 3276,3379 2330,3379"/>
            <Baseline points="2330,3372 2373,3372 2614,3373 2675,3371 3047,3371 3140,3372 3276,3374"/>
            <TextEquiv>
               <Unicode>Alexandrien, 28. Juni. [Wochenbericht von Mohr</Unicode>
            </TextEquiv>
         </TextLine>
         <TextLine id="tl_328"
                   primaryLanguage="German"
                   custom="readingOrder {index:1;}">
            <Coords points="2241,3377 3275,3377 3275,3414 2241,3414"/>
            <Baseline points="2241,3407 2266,3407 2479,3407 2701,3406 2821,3407 2953,3406 3073,3407 3184,3407 3279,3408"/>
            <TextEquiv>
               <Unicode>&amp; Fenders, mitgeteilt durch Adolf Mohr, Wien.]</Unicode>
            </TextEquiv>
         </TextLine>
         <TextLine id="tl_329"
                   primaryLanguage="German"
                   custom="readingOrder {index:2;}">
            <Coords points="2243,3411 3276,3411 3276,3447 2243,3447"/>
            <Baseline points="2243,3443 2305,3442 2424,3442 2545,3441 2646,3441 2703,3440 2930,3440 2989,3439 3056,3440 3182,3441 3276,3442"/>
            <TextEquiv>
               <Unicode>Seit letztem Freitag fielen die Kontraktpreise auf der ganzen Linie</Unicode>
            </TextEquiv>
            <TextStyle fontFamily="Times New Roman" fontSize="5.0"/>
         </TextLine>
         <TextLine id="tl_330"
                   primaryLanguage="German"
                   custom="readingOrder {index:3;}">
            <Coords points="2243,3447 3273,3447 3273,3483 2243,3483"/>
            <Baseline points="2243,3477 2291,3476 2318,3481 2347,3480 2363,3475 2776,3475 2933,3476 3011,3475 3152,3476 3279,3476"/>
            <TextEquiv>
               <Unicode>um 3/6 Dollars bei unbedeutenden Umsätzen. In effektiver Baum⸗</Unicode>
            </TextEquiv>
            <TextStyle fontFamily="Times New Roman" fontSize="5.0"/>
         </TextLine>
         <TextLine id="tl_331"
                   primaryLanguage="German"
                   custom="readingOrder {index:4;}">
            <Coords points="2243,3481 3273,3481 3273,3517 2243,3517"/>
            <Baseline points="2243,3512 2317,3513 2424,3511 2504,3511 2585,3511 2686,3511 2830,3510 2902,3510 2960,3510 3106,3510 3178,3510 3275,3511"/>
            <TextEquiv>
               <Unicode>wolle wurde auch sehr wenig umgesetzt, da die Aufträge von seiten</Unicode>
            </TextEquiv>
            <TextStyle fontFamily="Times New Roman" fontSize="5.0"/>
         </TextLine>
         <TextLine id="tl_332"
                   primaryLanguage="German"
                   custom="readingOrder {index:5;}">
            <Coords points="2241,3516 3275,3516 3275,3552 2241,3552"/>
            <Baseline points="2242,3546 2285,3546 2448,3545 2598,3544 2763,3545 2813,3545 2893,3544 2949,3545 3084,3544 3178,3545 3277,3545"/>
            <TextEquiv>
               <Unicode>der Spinnerei fehlen; andererseits ist aber im Angebot keine merk⸗</Unicode>
            </TextEquiv>
            <TextStyle fontFamily="Times New Roman" fontSize="5.0"/>
         </TextLine>
         <TextLine id="tl_333"
                   primaryLanguage="German"
                   custom="readingOrder {index:6;}">
            <Coords points="2243,3550 3271,3550 3271,3587 2243,3587"/>
            <Baseline points="2243,3581 2309,3581 2436,3579 2644,3578 2763,3580 2820,3580 2903,3580 3003,3579 3061,3580 3162,3578 3210,3579 3273,3579"/>
            <TextEquiv>
               <Unicode>liche Besserung eingetreten. Ueber die neue Ernte ist wenig zu be⸗</Unicode>
            </TextEquiv>
            <TextStyle fontFamily="Times New Roman" fontSize="5.0"/>
         </TextLine>
         <TextLine id="tl_334"
                   primaryLanguage="German"
                   custom="readingOrder {index:7;}">
            <Coords points="2242,3585 3191,3585 3191,3622 2242,3622"/>
            <Baseline points="2242,3616 2334,3616 2374,3614 2406,3615 2570,3614 2634,3615 2735,3615 2808,3615 2899,3616 2974,3614 3056,3614 3136,3614 3187,3613"/>
            <TextEquiv>
               <Unicode>richten; die Witterung der letzten acht Tage war recht günstig.</Unicode>
            </TextEquiv>
         </TextLine>
         <TextEquiv>
            <Unicode>Alexandrien, 28. Juni. [Wochenbericht von Mohr
&amp; Fenders, mitgeteilt durch Adolf Mohr, Wien.]
Seit letztem Freitag fielen die Kontraktpreise auf der ganzen Linie
um 3/6 Dollars bei unbedeutenden Umsätzen. In effektiver Baum⸗
wolle wurde auch sehr wenig umgesetzt, da die Aufträge von seiten
der Spinnerei fehlen; andererseits ist aber im Angebot keine merk⸗
liche Besserung eingetreten. Ueber die neue Ernte ist wenig zu be⸗
richten; die Witterung der letzten acht Tage war recht günstig.</Unicode>
         </TextEquiv>
      </TextRegion>
      <TextRegion type="paragraph" id="r_15_1" custom="readingOrder {index:76;}">
         <Coords points="2242,3666 3284,3666 3284,3752 2242,3752"/>
         <TextLine id="tl_335"
                   primaryLanguage="German"
                   custom="readingOrder {index:0;}">
            <Coords points="2243,3667 3272,3667 3272,3709 2243,3709"/>
            <Baseline points="2241,3700 2440,3698 2641,3698 2686,3698 2752,3697 2793,3697 2828,3698 3021,3697 3082,3698 3272,3699"/>
            <TextEquiv>
               <Unicode>Meteorologische Beobachtungen an der k. k. Zentralanstalt für Meteorologie</Unicode>
            </TextEquiv>
            <TextStyle fontFamily="Times New Roman" fontSize="7.0" bold="true"/>
         </TextLine>
         <TextLine id="tl_336"
                   primaryLanguage="German"
                   custom="readingOrder {index:1;}">
            <Coords points="2510,3708 3003,3710 3003,3753 2510,3751"/>
            <Baseline points="2509,3741 2572,3742 2683,3741 2803,3743 2896,3741 2931,3741 3001,3741"/>
            <TextEquiv>
               <Unicode>Hohe Warte, Seehöhe 202·5. Meter.</Unicode>
            </TextEquiv>
            <TextStyle fontFamily="Times New Roman" fontSize="7.0" bold="true"/>
         </TextLine>
         <TextEquiv>
            <Unicode>Meteorologische Beobachtungen an der k. k. Zentralanstalt für Meteorologie
Hohe Warte, Seehöhe 202·5. Meter.</Unicode>
         </TextEquiv>
      </TextRegion>
      <TextRegion type="paragraph" id="r_17_1" custom="readingOrder {index:77;}">
         <Coords points="2239,3996 3273,3996 3273,4066 2239,4066"/>
         <TextLine id="tl_374"
                   primaryLanguage="German"
                   custom="readingOrder {index:0;}">
            <Coords points="2329,3997 3272,3997 3272,4034 2329,4034"/>
            <Baseline points="2329,4027 2380,4027 2463,4027 2580,4027 2718,4025 2931,4024 3023,4025 3137,4024 3272,4027"/>
            <TextEquiv>
               <Unicode>Am 30. Juni: Höchste Temperatur 23°1 Grad, tiefste</Unicode>
            </TextEquiv>
            <TextStyle fontFamily="Times New Roman" fontSize="5.0"/>
         </TextLine>
         <TextLine id="tl_375"
                   primaryLanguage="German"
                   custom="readingOrder {index:1;}">
            <Coords points="2240,4032 2964,4032 2964,4065 2240,4065"/>
            <Baseline points="2240,4062 2301,4063 2326,4060 2516,4061 2715,4059 2849,4058 2965,4058"/>
            <TextEquiv>
               <Unicode>12°4 Grad Celsius. Niederschlag — Millimeter.</Unicode>
            </TextEquiv>
            <TextStyle fontFamily="Times New Roman" fontSize="5.0"/>
         </TextLine>
         <TextEquiv>
            <Unicode>Am 30. Juni: Höchste Temperatur 23°1 Grad, tiefste
12°4 Grad Celsius. Niederschlag — Millimeter.</Unicode>
         </TextEquiv>
      </TextRegion>
      <TextRegion type="paragraph" id="r_17_2" custom="readingOrder {index:78;}">
         <Coords points="2241,4064 3271,4064 3271,4138 2241,4138"/>
         <TextLine id="tl_376"
                   primaryLanguage="German"
                   custom="readingOrder {index:0;}">
            <Coords points="2326,4065 3270,4065 3270,4102 2326,4102"/>
            <Baseline points="2326,4097 2479,4096 2542,4096 2620,4096 2750,4095 2818,4094 2844,4093 2953,4094 3054,4094 3270,4096"/>
            <TextEquiv>
               <Unicode>Maximum in der Sonne 48°0 Grad, Minimum durch</Unicode>
            </TextEquiv>
         </TextLine>
         <TextLine id="tl_377"
                   primaryLanguage="German"
                   custom="readingOrder {index:1;}">
            <Coords points="2242,4102 2555,4102 2555,4137 2242,4137"/>
            <Baseline points="2240,4132 2383,4131 2455,4130 2554,4130"/>
            <TextEquiv>
               <Unicode>Strahlung 8°5 Grad.</Unicode>
            </TextEquiv>
            <TextStyle fontFamily="Times New Roman" fontSize="5.0"/>
         </TextLine>
         <TextEquiv>
            <Unicode>Maximum in der Sonne 48°0 Grad, Minimum durch
Strahlung 8°5 Grad.</Unicode>
         </TextEquiv>
      </TextRegion>
      <TextRegion type="paragraph" id="r_17_3" custom="readingOrder {index:79;}">
         <Coords points="2240,4134 3266,4134 3266,4240 2240,4240"/>
         <TextLine id="tl_378"
                   primaryLanguage="German"
                   custom="readingOrder {index:0;}">
            <Coords points="2326,4135 3265,4135 3265,4171 2326,4171"/>
            <Baseline points="2326,4166 2382,4165 2530,4165 2579,4165 2703,4164 2774,4164 2834,4163 2927,4164 3024,4163 3096,4162 3264,4165"/>
            <TextEquiv>
               <Unicode>Der Luftdruck ist gefallen und 1°7 Grad unter dem normalen.</Unicode>
            </TextEquiv>
            <TextStyle fontFamily="Times New Roman" fontSize="5.0"/>
         </TextLine>
         <TextLine id="tl_379"
                   primaryLanguage="German"
                   custom="readingOrder {index:1;}">
            <Coords points="2242,4170 3263,4170 3263,4206 2242,4206"/>
            <Baseline points="2242,4202 2320,4201 2432,4199 2514,4199 2594,4199 2665,4199 2792,4198 2996,4198 3057,4198 3259,4199"/>
            <TextEquiv>
               <Unicode>Wind schwach aus Süd und Südost. Tagesmittel der Geschwindig⸗</Unicode>
            </TextEquiv>
            <TextStyle fontFamily="Times New Roman" fontSize="5.0"/>
         </TextLine>
         <TextLine id="tl_380"
                   primaryLanguage="German"
                   custom="readingOrder {index:2;}">
            <Coords points="2241,4205 3075,4205 3075,4239 2241,4239"/>
            <Baseline points="2241,4236 2287,4236 2338,4234 2497,4235 2560,4235 2691,4235 2793,4233 2888,4233 2984,4233 3075,4233"/>
            <TextEquiv>
               <Unicode>keit 10 Kilometer per Stunde. Tag meist heiter, warm.</Unicode>
            </TextEquiv>
            <TextStyle fontFamily="Times New Roman" fontSize="5.0"/>
         </TextLine>
         <TextEquiv>
            <Unicode>Der Luftdruck ist gefallen und 1°7 Grad unter dem normalen.
Wind schwach aus Süd und Südost. Tagesmittel der Geschwindig⸗
keit 10 Kilometer per Stunde. Tag meist heiter, warm.</Unicode>
         </TextEquiv>
      </TextRegion>
      <TextRegion type="paragraph" id="r_17_4" custom="readingOrder {index:80;}">
         <Coords points="2240,4239 3268,4236 3268,4309 2240,4312"/>
         <TextLine id="tl_381"
                   primaryLanguage="German"
                   custom="readingOrder {index:0;}">
            <Coords points="2302,4240 3263,4240 3263,4275 2302,4275"/>
            <Baseline points="2302,4270 2328,4269 2379,4270 2438,4269 2528,4268 2718,4267 2922,4268 2989,4267 3099,4268 3187,4268 3263,4269"/>
            <TextEquiv>
               <Unicode>Am 1. Juli, morgens: Temperatur 0°1 Grad über der</Unicode>
            </TextEquiv>
            <TextStyle fontFamily="Times New Roman" fontSize="5.0"/>
         </TextLine>
         <TextLine id="tl_382"
                   primaryLanguage="German"
                   custom="readingOrder {index:1;}">
            <Coords points="2241,4275 3098,4271 3098,4307 2241,4311"/>
            <Baseline points="2241,4306 2386,4306 2517,4304 2792,4303 2869,4302 2961,4303 3097,4301"/>
            <TextEquiv>
               <Unicode>normalen. bewölkt. Morgenminimum 14°6 Grad Celsius.</Unicode>
            </TextEquiv>
            <TextStyle fontFamily="Times New Roman" fontSize="5.0"/>
         </TextLine>
         <TextEquiv>
            <Unicode>Am 1. Juli, morgens: Temperatur 0°1 Grad über der
normalen. bewölkt. Morgenminimum 14°6 Grad Celsius.</Unicode>
         </TextEquiv>
      </TextRegion>
      <TextRegion type="paragraph" id="r_17_5" custom="readingOrder {index:81;}">
         <Coords points="2239,4307 3269,4307 3269,4554 2239,4554"/>
         <TextLine id="tl_383"
                   primaryLanguage="German"
                   custom="readingOrder {index:0;}">
            <Coords points="2327,4308 3268,4308 3268,4345 2327,4345"/>
            <Baseline points="2327,4339 2457,4339 2491,4339 2565,4338 2698,4339 2807,4337 2866,4337 2989,4337 3087,4337 3163,4336 3267,4337"/>
            <TextEquiv>
               <Unicode>Morgens 7 Uhr melden: Prag 18°2 Grad, Krakau 18°1 Grad,</Unicode>
            </TextEquiv>
            <TextStyle fontFamily="Times New Roman" fontSize="5.0"/>
         </TextLine>
         <TextLine id="tl_384"
                   primaryLanguage="German"
                   custom="readingOrder {index:1;}">
            <Coords points="2241,4343 3268,4343 3268,4380 2241,4380"/>
            <Baseline points="2241,4377 2347,4373 2415,4374 2440,4373 2532,4373 2675,4373 2755,4372 2781,4372 2880,4372 2968,4372 3054,4371 3155,4371 3268,4373"/>
            <TextEquiv>
               <Unicode>Lemberg 20°6 Grad, Feldkirch 26°6 Grad, Ischl 17°2 Grad, Wien</Unicode>
            </TextEquiv>
            <TextStyle fontFamily="Times New Roman" fontSize="5.0"/>
         </TextLine>
         <TextLine id="tl_385"
                   primaryLanguage="German"
                   custom="readingOrder {index:2;}">
            <Coords points="2241,4378 3267,4378 3267,4414 2241,4414"/>
            <Baseline points="2241,4409 2301,4409 2413,4408 2505,4409 2592,4407 2702,4407 2897,4407 2987,4407 3109,4406 3267,4408"/>
            <TextEquiv>
               <Unicode>17°4 Grad, Graz 17°6 Grad, Klagenfurt 18°2 Grad, Budapest</Unicode>
            </TextEquiv>
            <TextStyle fontFamily="Times New Roman" fontSize="5.0"/>
         </TextLine>
         <TextLine id="tl_386"
                   primaryLanguage="German"
                   custom="readingOrder {index:3;}">
            <Coords points="2241,4412 3264,4412 3264,4448 2241,4448"/>
            <Baseline points="2241,4444 2274,4444 2302,4444 2386,4442 2628,4442 2708,4442 2798,4442 2961,4441 3039,4440 3136,4440 3265,4440"/>
            <TextEquiv>
               <Unicode>19°6 Grad, Hermannstadt 17°0 Grad, Szegedin 22°2 Grad, Sara⸗</Unicode>
            </TextEquiv>
            <TextStyle fontFamily="Times New Roman" fontSize="5.0"/>
         </TextLine>
         <TextLine id="tl_387"
                   primaryLanguage="German"
                   custom="readingOrder {index:4;}">
            <Coords points="2243,4447 3263,4447 3263,4485 2243,4485"/>
            <Baseline points="2240,4480 2307,4479 2365,4477 2392,4477 2494,4476 2600,4477 2677,4476 2780,4477 2894,4476 2972,4476 3083,4475 3180,4475 3263,4476"/>
            <TextEquiv>
               <Unicode>jewo 13°0 Grad, Triest 20°2 Grad, Lesina 22°4 Grad, Riva 21°1</Unicode>
            </TextEquiv>
            <TextStyle fontFamily="Times New Roman" fontSize="5.0"/>
         </TextLine>
         <TextLine id="tl_388"
                   primaryLanguage="German"
                   custom="readingOrder {index:5;}">
            <Coords points="2242,4481 3263,4481 3263,4519 2242,4519"/>
            <Baseline points="2242,4514 2316,4513 2427,4511 2529,4511 2644,4512 2806,4512 2878,4510 2996,4511 3263,4510"/>
            <TextEquiv>
               <Unicode>Grad, Görz 20°7 Grad, Sonnblick 1°3 Grad, Schmittenhöhe</Unicode>
            </TextEquiv>
            <TextStyle fontFamily="Times New Roman" fontSize="5.0"/>
         </TextLine>
         <TextLine id="tl_389"
                   primaryLanguage="German"
                   custom="readingOrder {index:6;}">
            <Coords points="2240,4517 2871,4517 2871,4553 2240,4553"/>
            <Baseline points="2240,4548 2257,4548 2283,4547 2377,4547 2569,4545 2652,4546 2743,4546 2871,4546"/>
            <TextEquiv>
               <Unicode>9°2 Grad, Semmering 15°0 Grad Celsius.</Unicode>
            </TextEquiv>
            <TextStyle fontFamily="Times New Roman" fontSize="5.0"/>
         </TextLine>
         <TextEquiv>
            <Unicode>Morgens 7 Uhr melden: Prag 18°2 Grad, Krakau 18°1 Grad,
Lemberg 20°6 Grad, Feldkirch 26°6 Grad, Ischl 17°2 Grad, Wien
17°4 Grad, Graz 17°6 Grad, Klagenfurt 18°2 Grad, Budapest
19°6 Grad, Hermannstadt 17°0 Grad, Szegedin 22°2 Grad, Sara⸗
jewo 13°0 Grad, Triest 20°2 Grad, Lesina 22°4 Grad, Riva 21°1
Grad, Görz 20°7 Grad, Sonnblick 1°3 Grad, Schmittenhöhe
9°2 Grad, Semmering 15°0 Grad Celsius.</Unicode>
         </TextEquiv>
      </TextRegion>
      <TextRegion type="paragraph" id="r_17_6" custom="readingOrder {index:82;}">
         <Coords points="2291,4560 3214,4560 3214,4597 2291,4597"/>
         <TextLine id="tl_390"
                   primaryLanguage="German"
                   custom="readingOrder {index:0;}">
            <Coords points="2292,4561 3213,4561 3213,4596 2292,4596"/>
            <Baseline points="2291,4591 2485,4589 2574,4589 2660,4589 2767,4588 2853,4588 3028,4588 3213,4588"/>
            <TextEquiv>
               <Unicode>Prognose für die Zeit bis morgen abends:</Unicode>
            </TextEquiv>
            <TextStyle fontFamily="Times New Roman" fontSize="5.0"/>
         </TextLine>
         <TextEquiv>
            <Unicode>Prognose für die Zeit bis morgen abends:</Unicode>
         </TextEquiv>
      </TextRegion>
      <TextRegion type="paragraph" id="r_17_7" custom="readingOrder {index:83;}">
         <Coords points="2241,4601 3268,4601 3268,4671 2241,4671"/>
         <TextLine id="tl_391"
                   primaryLanguage="German"
                   custom="readingOrder {index:0;}">
            <Coords points="2326,4602 3267,4602 3267,4639 2326,4639"/>
            <Baseline points="2326,4633 2402,4632 2509,4633 2635,4632 2750,4632 2886,4631 2997,4631 3063,4631 3266,4631"/>
            <TextEquiv>
               <Unicode>Trüb, Regen, etwas kühler, westliche Winde mit zunehmender</Unicode>
            </TextEquiv>
            <TextStyle fontFamily="Times New Roman" fontSize="5.0"/>
         </TextLine>
         <TextLine id="tl_392"
                   primaryLanguage="German"
                   custom="readingOrder {index:1;}">
            <Coords points="2242,4639 2344,4639 2344,4670 2242,4670"/>
            <Baseline points="2242,4670 2343,4668"/>
            <TextEquiv>
               <Unicode>Stärke.</Unicode>
            </TextEquiv>
            <TextStyle fontFamily="Times New Roman" fontSize="5.0"/>
         </TextLine>
         <TextEquiv>
            <Unicode>Trüb, Regen, etwas kühler, westliche Winde mit zunehmender
Stärke.</Unicode>
         </TextEquiv>
      </TextRegion>
      <TextRegion type="paragraph" id="r_18_1" custom="readingOrder {index:84;}">
         <Coords points="2537,4700 2973,4700 2973,4754 2537,4754"/>
         <TextLine id="tl_393"
                   primaryLanguage="German"
                   custom="readingOrder {index:0;}">
            <Coords points="2538,4701 2972,4701 2972,4753 2538,4753"/>
            <Baseline points="2538,4745 2714,4743 2813,4743 2972,4743"/>
            <TextEquiv>
               <Unicode>Theater für heute.</Unicode>
            </TextEquiv>
            <TextStyle fontFamily="Times New Roman" fontSize="8.0" bold="true"/>
         </TextLine>
         <TextEquiv>
            <Unicode>Theater für heute.</Unicode>
         </TextEquiv>
      </TextRegion>
      <TextRegion type="paragraph" id="r_22_1" custom="readingOrder {index:85;}">
         <Coords points="2249,4760 3274,4758 3274,4795 2249,4797"/>
         <TextLine id="tl_398"
                   primaryLanguage="German"
                   custom="readingOrder {index:0;}">
            <Coords points="2250,4761 3276,4760 3276,4795 2250,4796"/>
            <Baseline points="2250,4792 2992,4786 3033,4792 3055,4792 3072,4788 3272,4789"/>
            <TextEquiv>
               <Unicode>Raimund=Theater: „Jägerblut.“ Anfang ½8 Uhr. Ende</Unicode>
            </TextEquiv>
            <TextStyle fontFamily="Times New Roman" fontSize="5.0"/>
         </TextLine>
         <TextEquiv>
            <Unicode>Raimund=Theater: „Jägerblut.“ Anfang ½8 Uhr. Ende</Unicode>
         </TextEquiv>
      </TextRegion>
      <TextRegion type="paragraph" id="r_22_2" custom="readingOrder {index:86;}">
         <Coords points="2275,4797 2389,4797 2389,4832 2275,4832"/>
         <TextLine id="tl_399"
                   primaryLanguage="German"
                   custom="readingOrder {index:0;}">
            <Coords points="2276,4798 2388,4798 2388,4831 2276,4831"/>
            <Baseline points="2276,4827 2310,4827 2388,4826"/>
            <TextEquiv>
               <Unicode>10 Uhr.</Unicode>
            </TextEquiv>
            <TextStyle fontFamily="Times New Roman" fontSize="5.0"/>
         </TextLine>
         <TextEquiv>
            <Unicode>10 Uhr.</Unicode>
         </TextEquiv>
      </TextRegion>
      <TextRegion type="paragraph" id="r_22_3" custom="readingOrder {index:87;}">
         <Coords points="2237,4828 3275,4822 3276,4865 2237,4866"/>
         <TextLine id="tl_400"
                   primaryLanguage="German"
                   custom="readingOrder {index:0;}">
            <Coords points="2238,4830 3274,4827 3274,4863 2238,4866"/>
            <Baseline points="2239,4863 2286,4861 2406,4860 2484,4861 2570,4860 2655,4860 3000,4857 3272,4858"/>
            <TextEquiv>
               <Unicode>Theater an der Wien (zum erstenmal): „Die sieben</Unicode>
            </TextEquiv>
         </TextLine>
         <TextEquiv>
            <Unicode>Theater an der Wien (zum erstenmal): „Die sieben</Unicode>
         </TextEquiv>
      </TextRegion>
      <TextRegion type="paragraph" id="r_22_4" custom="readingOrder {index:88;}">
         <Coords points="2275,4864 3036,4864 3036,4903 2275,4903"/>
         <TextLine id="tl_401"
                   primaryLanguage="German"
                   custom="readingOrder {index:0;}">
            <Coords points="2276,4865 3035,4865 3035,4902 2276,4902"/>
            <Baseline points="2276,4896 2582,4894 2610,4900 2638,4900 2664,4894 2823,4893 2899,4893 2955,4891 3036,4892"/>
            <TextEquiv>
               <Unicode>Todsünden.“ Anfang ½8 Uhr. Ende nach 10 Uhr.</Unicode>
            </TextEquiv>
            <TextStyle fontFamily="Times New Roman" fontSize="5.0"/>
         </TextLine>
         <TextEquiv>
            <Unicode>Todsünden.“ Anfang ½8 Uhr. Ende nach 10 Uhr.</Unicode>
         </TextEquiv>
      </TextRegion>
      <TextRegion type="paragraph" id="r_22_5" custom="readingOrder {index:89;}">
         <Coords points="2241,4894 3262,4894 3262,4972 2241,4972"/>
         <TextLine id="tl_402"
                   primaryLanguage="German"
                   custom="readingOrder {index:0;}">
            <Coords points="2244,4895 3261,4895 3261,4935 2243,4935"/>
            <Baseline points="2242,4932 2389,4930 2432,4931 2814,4928 2913,4927 3051,4927 3261,4934"/>
            <TextEquiv>
               <Unicode>Wiener Bürgertheater: „Die schöne Millibäuerin.“ Anfang</Unicode>
            </TextEquiv>
         </TextLine>
         <TextLine id="tl_403"
                   primaryLanguage="German"
                   custom="readingOrder {index:1;}">
            <Coords points="2277,4928 2696,4928 2696,4971 2277,4971"/>
            <Baseline points="2277,4971 2310,4971 2342,4964 2497,4964 2563,4964 2615,4964 2696,4965"/>
            <TextEquiv>
               <Unicode>½8 Uhr. Ende vor 10 Uhr.</Unicode>
            </TextEquiv>
            <TextStyle fontFamily="Times New Roman" fontSize="5.0"/>
         </TextLine>
         <TextEquiv>
            <Unicode>Wiener Bürgertheater: „Die schöne Millibäuerin.“ Anfang
½8 Uhr. Ende vor 10 Uhr.</Unicode>
         </TextEquiv>
      </TextRegion>
      <TextRegion type="paragraph" id="r_22_6" custom="readingOrder {index:90;}">
         <Coords points="2249,4964 3275,4964 3275,5006 2249,5006"/>
         <TextLine id="tl_404"
                   primaryLanguage="German"
                   custom="readingOrder {index:0;}">
            <Coords points="2250,4965 3274,4965 3274,5005 2250,5005"/>
            <Baseline points="2250,5001 2405,5000 2476,4999 2577,4999 2649,4999 3018,4997 3274,4998"/>
            <TextEquiv>
               <Unicode>Theater in der Josefstadt: „Sommerspuk.“ Anfang</Unicode>
            </TextEquiv>
         </TextLine>
         <TextEquiv>
            <Unicode>Theater in der Josefstadt: „Sommerspuk.“ Anfang</Unicode>
         </TextEquiv>
      </TextRegion>
      <TextRegion type="paragraph" id="r_22_7" custom="readingOrder {index:91;}">
         <Coords points="2274,4999 2693,4992 2693,5038 2274,5045"/>
         <TextLine id="tl_405"
                   primaryLanguage="German"
                   custom="readingOrder {index:0;}">
            <Coords points="2275,5000 2688,5000 2688,5044 2275,5044"/>
            <Baseline points="2275,5036 2292,5036 2374,5036 2467,5034 2540,5035 2598,5035 2685,5034"/>
            <TextEquiv>
               <Unicode>8 Uhr. Ende nach 10 Uhr.</Unicode>
            </TextEquiv>
            <TextStyle fontFamily="Times New Roman" fontSize="5.0"/>
         </TextLine>
         <TextEquiv>
            <Unicode>8 Uhr. Ende nach 10 Uhr.</Unicode>
         </TextEquiv>
      </TextRegion>
      <TextRegion type="paragraph" id="r_22_8" custom="readingOrder {index:92;}">
         <Coords points="2239,5035 3274,5035 3274,5075 2239,5075"/>
         <TextLine id="tl_406"
                   primaryLanguage="German"
                   custom="readingOrder {index:0;}">
            <Coords points="2241,5037 3273,5036 3273,5074 2241,5075"/>
            <Baseline points="2240,5070 2345,5069 2704,5069 2812,5068 2931,5068 3087,5067 3269,5067"/>
            <TextEquiv>
               <Unicode>Lustspieltheater: „Die Frau Gretl.“ „König Oedipus“.</Unicode>
            </TextEquiv>
         </TextLine>
         <TextEquiv>
            <Unicode>Lustspieltheater: „Die Frau Gretl.“ „König Oedipus“.</Unicode>
         </TextEquiv>
      </TextRegion>
      <TextRegion type="paragraph" id="r_22_9" custom="readingOrder {index:93;}">
         <Coords points="2276,5069 3274,5069 3274,5110 2276,5110"/>
         <TextLine id="tl_407"
                   primaryLanguage="German"
                   custom="readingOrder {index:0;}">
            <Coords points="2277,5070 3273,5070 3273,5109 2277,5109"/>
            <Baseline points="2277,5104 2399,5103 2412,5108 2441,5109 2474,5103 2704,5103 2758,5102 2838,5103"/>
            <TextEquiv>
               <Unicode>Anfang ½8 Uhr. Ende nach 10 Uhr.</Unicode>
            </TextEquiv>
            <TextStyle fontFamily="Times New Roman" fontSize="5.0"/>
         </TextLine>
         <TextEquiv>
            <Unicode>Anfang ½8 Uhr. Ende nach 10 Uhr.</Unicode>
         </TextEquiv>
      </TextRegion>
      <TextRegion type="paragraph" id="r_22_10" custom="readingOrder {index:94;}">
         <Coords points="2239,5106 3268,5106 3268,5182 2239,5182"/>
         <TextLine id="tl_408"
                   primaryLanguage="German"
                   custom="readingOrder {index:0;}">
            <Coords points="2240,5107 3267,5107 3267,5146 2240,5144"/>
            <Baseline points="2239,5141 2476,5138 2830,5138 2899,5138 3267,5138"/>
            <TextEquiv>
               <Unicode>Städtisches Sommertheater in Klosterneuburg:</Unicode>
            </TextEquiv>
            <TextStyle fontFamily="Times New Roman" fontSize="6.0" bold="true"/>
         </TextLine>
         <TextLine id="tl_409"
                   primaryLanguage="German"
                   custom="readingOrder {index:1;}">
            <Coords points="2277,5142 2649,5142 2649,5181 2277,5181"/>
            <Baseline points="2277,5174 2348,5174 2534,5173 2651,5172"/>
            <TextEquiv>
               <Unicode>„Die romantische Frau.“</Unicode>
            </TextEquiv>
            <TextStyle fontFamily="Times New Roman" fontSize="5.0"/>
         </TextLine>
         <TextEquiv>
            <Unicode>Städtisches Sommertheater in Klosterneuburg:
„Die romantische Frau.“</Unicode>
         </TextEquiv>
      </TextRegion>
      <TextRegion type="paragraph" id="r_22_11" custom="readingOrder {index:95;}">
         <Coords points="2244,5174 3130,5174 3130,5214 2244,5214"/>
         <TextLine id="tl_410"
                   primaryLanguage="German"
                   custom="readingOrder {index:0;}">
            <Coords points="2245,5175 3129,5175 3129,5213 2245,5213"/>
            <Baseline points="2246,5209 2518,5209 2569,5208 2606,5209 2819,5209 3000,5207 3128,5205"/>
            <TextEquiv>
               <Unicode>Stadttbeater in Baden: „Der unsterbliche Lum###.“</Unicode>
            </TextEquiv>
         </TextLine>
         <TextEquiv>
            <Unicode>Stadttbeater in Baden: „Der unsterbliche Lum###.“</Unicode>
         </TextEquiv>
      </TextRegion>
      <SeparatorRegion id="r_23" custom="readingOrder {index:96;}">
         <Coords points="0,0 3488,0 3488,56 0,56"/>
      </SeparatorRegion>
      <SeparatorRegion id="r_24" custom="readingOrder {index:97;}">
         <Coords points="134,250 3284,250 3284,264 134,264"/>
      </SeparatorRegion>
      <SeparatorRegion id="r_25" custom="readingOrder {index:98;}">
         <Coords points="1700,382 1838,382 1838,384 1700,384"/>
      </SeparatorRegion>
      <SeparatorRegion id="r_26" custom="readingOrder {index:99;}">
         <Coords points="2618,456 2928,456 2928,464 2618,464"/>
      </SeparatorRegion>
      <SeparatorRegion id="r_27" custom="readingOrder {index:100;}">
         <Coords points="482,618 786,618 786,626 482,626"/>
      </SeparatorRegion>
      <SeparatorRegion id="r_28" custom="readingOrder {index:101;}">
         <Coords points="1548,856 1852,856 1852,864 1548,864"/>
      </SeparatorRegion>
      <SeparatorRegion id="r_29" custom="readingOrder {index:102;}">
         <Coords points="478,878 788,878 788,886 478,886"/>
      </SeparatorRegion>
      <SeparatorRegion id="r_30" custom="readingOrder {index:103;}">
         <Coords points="474,1360 786,1360 786,1366 474,1366"/>
      </SeparatorRegion>
      <SeparatorRegion id="r_31" custom="readingOrder {index:104;}">
         <Coords points="114,1672 1142,1672 1142,1684 114,1684"/>
      </SeparatorRegion>
      <SeparatorRegion id="r_32" custom="readingOrder {index:105;}">
         <Coords points="2602,3268 2912,3268 2912,3276 2602,3276"/>
      </SeparatorRegion>
      <SeparatorRegion id="r_33" custom="readingOrder {index:106;}">
         <Coords points="2240,3630 3266,3630 3266,3642 2240,3642"/>
      </SeparatorRegion>
      <SeparatorRegion id="r_34" custom="readingOrder {index:107;}">
         <Coords points="2244,3642 3266,3642 3266,3648 2244,3648"/>
      </SeparatorRegion>
      <SeparatorRegion id="r_35" custom="readingOrder {index:108;}">
         <Coords points="2242,3760 3012,3760 3012,3772 2242,3772"/>
      </SeparatorRegion>
      <SeparatorRegion id="r_36" custom="readingOrder {index:109;}">
         <Coords points="2568,3816 2788,3816 2788,3820 2568,3820"/>
      </SeparatorRegion>
      <SeparatorRegion id="r_37" custom="readingOrder {index:110;}">
         <Coords points="2444,3874 3024,3874 3024,3884 2444,3884"/>
      </SeparatorRegion>
      <SeparatorRegion id="r_38" custom="readingOrder {index:111;}">
         <Coords points="3070,3874 3268,3874 3268,3886 3070,3886"/>
      </SeparatorRegion>
      <SeparatorRegion id="r_39" custom="readingOrder {index:112;}">
         <Coords points="1528,4478 1840,4478 1840,4486 1528,4486"/>
      </SeparatorRegion>
      <SeparatorRegion id="r_40" custom="readingOrder {index:113;}">
         <Coords points="2244,4678 3268,4678 3268,4694 2244,4694"/>
      </SeparatorRegion>
      <SeparatorRegion id="r_41" custom="readingOrder {index:114;}">
         <Coords points="0,5366 2204,5366 2204,5372 0,5372"/>
      </SeparatorRegion>
      <SeparatorRegion id="r_42" custom="readingOrder {index:115;}">
         <Coords points="3050,3760 3230,3760 3230,3774 3050,3774"/>
      </SeparatorRegion>
      <SeparatorRegion id="r_43" custom="readingOrder {index:116;}">
         <Coords points="0,68 22,68 22,1976 0,1976"/>
      </SeparatorRegion>
      <SeparatorRegion id="r_44" custom="readingOrder {index:117;}">
         <Coords points="0,1994 32,1994 32,5372 0,5372"/>
      </SeparatorRegion>
      <SeparatorRegion id="r_45" custom="readingOrder {index:118;}">
         <Coords points="1146,1448 1168,1448 1168,5206 1146,5206"/>
      </SeparatorRegion>
      <SeparatorRegion id="r_46" custom="readingOrder {index:119;}">
         <Coords points="1162,308 1172,308 1172,1444 1162,1444"/>
      </SeparatorRegion>
      <SeparatorRegion id="r_47" custom="readingOrder {index:120;}">
         <Coords points="2216,2578 2228,2578 2228,5206 2216,5206"/>
      </SeparatorRegion>
      <SeparatorRegion id="r_48" custom="readingOrder {index:121;}">
         <Coords points="2224,296 2242,296 2242,2578 2224,2578"/>
      </SeparatorRegion>
      <SeparatorRegion id="r_49" custom="readingOrder {index:122;}">
         <Coords points="2344,3772 2352,3772 2352,3990 2344,3990"/>
      </SeparatorRegion>
      <SeparatorRegion id="r_50" custom="readingOrder {index:123;}">
         <Coords points="2456,3762 2462,3762 2462,3988 2456,3988"/>
      </SeparatorRegion>
      <SeparatorRegion id="r_51" custom="readingOrder {index:124;}">
         <Coords points="2680,3824 2686,3824 2686,3988 2680,3988"/>
      </SeparatorRegion>
      <SeparatorRegion id="r_52" custom="readingOrder {index:125;}">
         <Coords points="2902,3762 2908,3762 2908,3988 2902,3988"/>
      </SeparatorRegion>
      <SeparatorRegion id="r_53" custom="readingOrder {index:126;}">
         <Coords points="3230,3762 3238,3762 3238,3988 3230,3988"/>
      </SeparatorRegion>
      <SeparatorRegion id="r_54" custom="readingOrder {index:127;}">
         <Coords points="3482,60 3488,60 3488,356 3482,356"/>
      </SeparatorRegion>
      <SeparatorRegion id="r_55" custom="readingOrder {index:128;}">
         <Coords points="2792,3768 2796,3768 2796,3874 2792,3874"/>
      </SeparatorRegion>
      <SeparatorRegion id="r_56" custom="readingOrder {index:129;}">
         <Coords points="3066,3762 3074,3762 3074,3866 3066,3866"/>
      </SeparatorRegion>
      <SeparatorRegion id="r_57" custom="readingOrder {index:130;}">
         <Coords points="98,3054 100,3054 100,3280 98,3280"/>
      </SeparatorRegion>
      <TableRegion id="tbl_16_16" custom="readingOrder {index:131;}">
         <Coords points="2234,3760 3280,3760 3280,3998 2234,3998"/>
         <TableCell row="0" col="0" type="paragraph" id="r_16_1_1">
            <Coords points="2249,3813 2331,3813 2331,3837 2249,3837"/>
            <TextLine id="tl_337"
                      primaryLanguage="German"
                      custom="readingOrder {index:0;}">
               <Coords points="2250,3814 2330,3814 2330,3836 2250,3836"/>
               <Baseline points="2250,3836 2330,3836"/>
               <TextEquiv>
                  <Unicode>Datum</Unicode>
               </TextEquiv>
               <TextStyle fontFamily="Times New Roman" fontSize="7.5" bold="true"/>
            </TextLine>
            <TextEquiv>
               <Unicode>D.NM.</Unicode>
            </TextEquiv>
            <CornerPts>0 1 2 3</CornerPts>
         </TableCell>
         <TableCell row="0" col="1" type="paragraph" id="r_16_2_2">
            <Coords points="2361,3813 2449,3813 2449,3837 2361,3837"/>
            <TextLine id="tl_338"
                      primaryLanguage="German"
                      custom="readingOrder {index:0;}">
               <Coords points="2362,3814 2448,3814 2448,3836 2362,3836"/>
               <Baseline points="2362,3836 2448,3835"/>
               <TextEquiv>
                  <Unicode>Stunde</Unicode>
               </TextEquiv>
               <TextStyle fontFamily="Times New Roman" fontSize="7.5" bold="true"/>
            </TextLine>
            <TextEquiv>
               <Unicode>EM.»-</Unicode>
            </TextEquiv>
            <CornerPts>0 1 2 3</CornerPts>
         </TableCell>
         <TableCell row="0" col="2" type="paragraph" id="r_16_3_3">
            <Coords points="2463,3771 2570,3768 2568,3868 2461,3871"/>
            <TextLine id="line_1548745124363_2" custom="readingOrder {index:0;}">
               <Coords points="2462,3761 2568,3759 2569,3809 2463,3811"/>
               <Baseline points="2463,3806 2567,3804"/>
               <TextEquiv>
                  <Unicode>Luftdruck</Unicode>
               </TextEquiv>
            </TextLine>
            <TextLine id="line_1548745129645_3" custom="readingOrder {index:1;}">
               <Coords points="2475,3790 2552,3788 2553,3838 2476,3840"/>
               <Baseline points="2476,3835 2553,3833"/>
               <TextEquiv>
                  <Unicode>Milli⸗</Unicode>
               </TextEquiv>
            </TextLine>
            <TextLine id="line_1548745133488_4" custom="readingOrder {index:2;}">
               <Coords points="2482,3816 2549,3816 2549,3866 2482,3866"/>
               <Baseline points="2482,3861 2549,3861"/>
               <TextEquiv>
                  <Unicode>meter</Unicode>
               </TextEquiv>
            </TextLine>
            <TextEquiv>
               <Unicode>Silltdruckj'TemVkr. Celstu»</Unicode>
            </TextEquiv>
            <CornerPts>0 1 2 3</CornerPts>
         </TableCell>
         <TableCell row="0" col="3" type="paragraph" id="r_16_4_4">
            <Coords points="2798,3770 2898,3770 2899,3876 2799,3876"/>
            <TextLine id="tl_340"
                      primaryLanguage="German"
                      custom="readingOrder {index:0;}">
               <Coords points="2813,3771 2891,3771 2891,3796 2813,3796"/>
               <Baseline points="2814,3791 2890,3790"/>
               <TextEquiv>
                  <Unicode>Feuch⸗</Unicode>
               </TextEquiv>
               <TextStyle fontFamily="Times New Roman" fontSize="7.5" bold="true"/>
            </TextLine>
            <TextLine id="tl_341"
                      primaryLanguage="German"
                      custom="readingOrder {index:1;}">
               <Coords points="2799,3796 2897,3796 2897,3822 2799,3822"/>
               <Baseline points="2799,3818 2868,3817 2897,3816"/>
               <TextEquiv>
                  <Unicode>tigkeit in</Unicode>
               </TextEquiv>
               <TextStyle fontFamily="Times New Roman" fontSize="7.5" bold="true"/>
            </TextLine>
            <TextLine id="tl_342"
                      primaryLanguage="German"
                      custom="readingOrder {index:2;}">
               <Coords points="2824,3822 2884,3822 2884,3847 2824,3847"/>
               <Baseline points="2823,3843 2883,3842"/>
               <TextEquiv>
                  <Unicode>Pro⸗</Unicode>
               </TextEquiv>
               <TextStyle fontFamily="Times New Roman" fontSize="7.5" bold="true"/>
            </TextLine>
            <TextLine id="line_1548745243943_8" custom="readingOrder {index:3;}">
               <Coords points="2810,3823 2887,3824 2886,3874 2809,3873"/>
               <Baseline points="2809,3868 2886,3869"/>
               <TextEquiv>
                  <Unicode>zenten</Unicode>
               </TextEquiv>
            </TextLine>
            <TextEquiv>
               <Unicode>ttflfett in
Pro-</Unicode>
            </TextEquiv>
            <CornerPts>0 1 2 3</CornerPts>
         </TableCell>
         <TableCell row="0" col="4" type="paragraph" id="r_16_5_5">
            <Coords points="2927,3781 3046,3781 3046,3858 2927,3858"/>
            <TextLine id="tl_343"
                      primaryLanguage="German"
                      custom="readingOrder {index:0;}">
               <Coords points="2928,3782 3045,3782 3045,3809 2928,3809"/>
               <Baseline points="2928,3804 3045,3804"/>
               <TextEquiv>
                  <Unicode>Windrich⸗</Unicode>
               </TextEquiv>
               <TextStyle fontFamily="Times New Roman" fontSize="7.5" bold="true"/>
            </TextLine>
            <TextLine id="tl_344"
                      primaryLanguage="German"
                      custom="readingOrder {index:1;}">
               <Coords points="2932,3809 3042,3809 3042,3835 2932,3835"/>
               <Baseline points="2932,3829 2983,3830 3042,3829"/>
               <TextEquiv>
                  <Unicode>tung und</Unicode>
               </TextEquiv>
               <TextStyle fontFamily="Times New Roman" fontSize="7.5" bold="true"/>
            </TextLine>
            <TextLine id="tl_345"
                      primaryLanguage="German"
                      custom="readingOrder {index:2;}">
               <Coords points="2948,3834 3025,3834 3025,3857 2948,3857"/>
               <Baseline points="2948,3857 3025,3855"/>
               <TextEquiv>
                  <Unicode>Stärke</Unicode>
               </TextEquiv>
               <TextStyle fontFamily="Times New Roman" fontSize="7.5" bold="true"/>
            </TextLine>
            <TextEquiv>
               <Unicode>Windriq.
titttg und
SUrle</Unicode>
            </TextEquiv>
            <CornerPts>0 1 2 3</CornerPts>
         </TableCell>
         <TableCell row="0" col="5" type="paragraph" id="r_16_6_6">
            <Coords points="3099,3789 3205,3789 3205,3850 3099,3850"/>
            <TextLine id="line_1548745310381_9" custom="readingOrder {index:0;}">
               <Coords points="3125,3770 3175,3772 3173,3822 3123,3820"/>
               <Baseline points="3122,3817 3173,3816"/>
               <TextEquiv>
                  <Unicode>Be⸗</Unicode>
               </TextEquiv>
            </TextLine>
            <TextLine id="tl_346"
                      primaryLanguage="German"
                      custom="readingOrder {index:1;}">
               <Coords points="3100,3821 3195,3821 3195,3849 3100,3849"/>
               <Baseline points="3100,3843 3198,3843"/>
               <TextEquiv>
                  <Unicode>wölkung</Unicode>
               </TextEquiv>
               <TextStyle fontFamily="Times New Roman" fontSize="7.5" bold="true"/>
            </TextLine>
            <TextEquiv>
               <Unicode>»öllmtg</Unicode>
            </TextEquiv>
            <CornerPts>0 1 2 3</CornerPts>
         </TableCell>
         <TableCell row="0" col="6" type="paragraph" id="r_16_7_7">
            <Coords points="3235,3779 3274,3779 3274,3866 3235,3866"/>
            <TextLine id="tl_347"
                      primaryLanguage="German"
                      custom="readingOrder {index:0;}">
               <Coords points="3236,3783 3273,3783 3275,3857 3237,3856"/>
               <Baseline points="3269,3786 3268,3854"/>
               <TextEquiv>
                  <Unicode>Ozon</Unicode>
               </TextEquiv>
            </TextLine>
            <TextEquiv>
               <Unicode>B 118,0 I</Unicode>
            </TextEquiv>
            <CornerPts>0 1 2 3</CornerPts>
         </TableCell>
         <TableCell row="1" col="0" type="paragraph" id="r_16_1_1">
            <Coords points="2576,3822 2673,3821 2673,3874 2576,3875"/>
            <TextLine id="line_1548745142864_6" custom="readingOrder {index:0;}">
               <Coords points="2594,3798 2659,3798 2659,3848 2594,3848"/>
               <Baseline points="2594,3843 2659,3843"/>
               <TextEquiv>
                  <Unicode>beob⸗</Unicode>
               </TextEquiv>
            </TextLine>
            <TextLine id="line_1548745146817_7" custom="readingOrder {index:1;}">
               <Coords points="2589,3825 2667,3825 2667,3875 2589,3875"/>
               <Baseline points="2589,3870 2667,3870"/>
               <TextEquiv>
                  <Unicode>achtete</Unicode>
               </TextEquiv>
            </TextLine>
            <TextEquiv>
               <Unicode>t feob-
n,etcr | achtete</Unicode>
            </TextEquiv>
            <CornerPts>0 1 2 3</CornerPts>
         </TableCell>
         <TableCell row="1" col="1" type="paragraph" id="r_16_2_2">
            <Coords points="2691,3836 2786,3836 2786,3859 2691,3859"/>
            <TextLine id="tl_350"
                      primaryLanguage="German"
                      custom="readingOrder {index:0;}">
               <Coords points="2692,3837 2785,3837 2785,3858 2692,3858"/>
               <Baseline points="2692,3857 2785,3857"/>
               <TextEquiv>
                  <Unicode>normale</Unicode>
               </TextEquiv>
               <TextStyle fontFamily="Times New Roman" fontSize="7.5" bold="true"/>
            </TextLine>
            <TextEquiv>
               <Unicode>normale</Unicode>
            </TextEquiv>
            <CornerPts>0 1 2 3</CornerPts>
         </TableCell>
         <TableCell row="2" col="0" type="paragraph" id="r_16_1_1">
            <Coords points="2240,3899 2344,3899 2344,3928 2240,3928"/>
            <TextLine id="tl_351"
                      primaryLanguage="German"
                      custom="readingOrder {index:0;}">
               <Coords points="2241,3900 2343,3900 2343,3927 2241,3927"/>
               <Baseline points="2241,3927 2343,3923"/>
               <TextEquiv>
                  <Unicode>30. Juni</Unicode>
               </TextEquiv>
               <TextStyle fontFamily="Times New Roman" fontSize="7.5" bold="true"/>
            </TextLine>
            <TextEquiv>
               <Unicode>ao.Suui</Unicode>
            </TextEquiv>
            <CornerPts>0 1 2 3</CornerPts>
         </TableCell>
         <TableCell row="2" col="1" type="paragraph" id="r_16_2_2">
            <Coords points="2353,3901 2452,3901 2452,3928 2353,3928"/>
            <TextLine id="tl_352"
                      primaryLanguage="German"
                      custom="readingOrder {index:0;}">
               <Coords points="2354,3902 2451,3902 2451,3927 2354,3927"/>
               <Baseline points="2354,3925 2367,3925 2375,3923 2451,3922"/>
               <TextEquiv>
                  <Unicode>2 U. ###ch.</Unicode>
               </TextEquiv>
            </TextLine>
            <TextEquiv>
               <Unicode>2 U. »ch.</Unicode>
            </TextEquiv>
            <CornerPts>0 1 2 3</CornerPts>
         </TableCell>
         <TableCell row="2" col="2" type="paragraph" id="r_16_3_3">
            <Coords points="2476,3884 2563,3883 2563,3932 2476,3933"/>
            <TextLine id="tl_353"
                      primaryLanguage="German"
                      custom="readingOrder {index:0;}">
               <Coords points="2477,3885 2557,3884 2557,3931 2477,3932"/>
               <Baseline points="2477,3925 2490,3925 2550,3926"/>
               <TextEquiv>
                  <Unicode>743°9</Unicode>
               </TextEquiv>
            </TextLine>
            <TextEquiv>
               <Unicode>743 9 | 22'9</Unicode>
            </TextEquiv>
            <CornerPts>0 1 2 3</CornerPts>
         </TableCell>
         <TableCell row="2" col="3" type="paragraph" id="r_16_4_4">
            <Coords points="2714,3903 2773,3903 2773,3926 2714,3926"/>
            <TextLine id="tl_354"
                      primaryLanguage="German"
                      custom="readingOrder {index:0;}">
               <Coords points="2715,3904 2772,3904 2772,3925 2715,3925"/>
               <Baseline points="2715,3925 2729,3925 2772,3925"/>
               <TextEquiv>
                  <Unicode>22 7</Unicode>
               </TextEquiv>
            </TextLine>
            <TextEquiv>
               <Unicode>22 7</Unicode>
            </TextEquiv>
            <CornerPts>0 1 2 3</CornerPts>
         </TableCell>
         <TableCell row="2" col="4" type="paragraph" id="r_16_5_5">
            <Coords points="2833,3902 2868,3902 2868,3926 2833,3926"/>
            <TextLine id="tl_355"
                      primaryLanguage="German"
                      custom="readingOrder {index:0;}">
               <Coords points="2834,3903 2867,3903 2867,3925 2834,3925"/>
               <Baseline points="2834,3924 2867,3925"/>
               <TextEquiv>
                  <Unicode>46</Unicode>
               </TextEquiv>
               <TextStyle fontFamily="Times New Roman" fontSize="7.5"/>
            </TextLine>
            <TextEquiv>
               <Unicode>46</Unicode>
            </TextEquiv>
            <CornerPts>0 1 2 3</CornerPts>
         </TableCell>
         <TableCell row="2" col="5" type="paragraph" id="r_16_6_6">
            <Coords points="2911,3884 3070,3884 3070,3925 2911,3925"/>
            <TextLine id="tl_356"
                      primaryLanguage="German"
                      custom="readingOrder {index:0;}">
               <Coords points="2912,3885 3067,3886 3067,3925 2912,3924"/>
               <Baseline points="2912,3922 2934,3922 3064,3924"/>
               <TextEquiv>
                  <Unicode>S 1</Unicode>
               </TextEquiv>
               <TextStyle fontFamily="Times New Roman" fontSize="7.5" bold="true"/>
            </TextLine>
            <TextEquiv>
               <Unicode>S l!</Unicode>
            </TextEquiv>
            <CornerPts>0 1 2 3</CornerPts>
         </TableCell>
         <TableCell row="2" col="6" type="paragraph" id="r_16_7_7">
            <Coords points="3119,3899 3183,3899 3183,3927 3119,3927"/>
            <TextLine id="tl_357"
                      primaryLanguage="German"
                      custom="readingOrder {index:0;}">
               <Coords points="3120,3900 3182,3900 3182,3926 3120,3926"/>
               <Baseline points="3120,3921 3182,3922"/>
               <TextEquiv>
                  <Unicode>heiter</Unicode>
               </TextEquiv>
               <TextStyle fontFamily="Times New Roman" fontSize="7.5" bold="true"/>
            </TextLine>
            <TextEquiv>
               <Unicode>heit«</Unicode>
            </TextEquiv>
            <CornerPts>0 1 2 3</CornerPts>
         </TableCell>
         <TableCell row="2" col="7" type="paragraph" id="r_16_8_8">
            <Coords points="3255,3904 3273,3904 3273,3928 3255,3928"/>
            <TextLine id="tl_358"
                      primaryLanguage="German"
                      custom="readingOrder {index:0;}">
               <Coords points="3256,3905 3272,3905 3272,3927 3256,3927"/>
               <Baseline points="3256,3927 3272,3927"/>
               <TextEquiv>
                  <Unicode>0</Unicode>
               </TextEquiv>
               <TextStyle fontFamily="Times New Roman" fontSize="7.5"/>
            </TextLine>
            <TextEquiv>
               <Unicode>0</Unicode>
            </TextEquiv>
            <CornerPts>0 1 2 3</CornerPts>
         </TableCell>
         <TableCell row="3" col="0" type="paragraph" id="r_16_1_1">
            <Coords points="2241,3929 2319,3929 2319,3956 2241,3956"/>
            <TextLine id="tl_359"
                      primaryLanguage="German"
                      custom="readingOrder {index:0;}">
               <Coords points="2242,3930 2318,3930 2318,3955 2242,3955"/>
               <Baseline points="2241,3953 2274,3951 2319,3951"/>
               <TextEquiv>
                  <Unicode>30. „</Unicode>
               </TextEquiv>
               <TextStyle fontFamily="Times New Roman" fontSize="7.5" bold="true"/>
            </TextLine>
            <TextEquiv>
               <Unicode>so. .</Unicode>
            </TextEquiv>
            <CornerPts>0 1 2 3</CornerPts>
         </TableCell>
         <TableCell row="3" col="1" type="paragraph" id="r_16_2_2">
            <Coords points="2353,3926 2452,3926 2452,3953 2353,3953"/>
            <TextLine id="tl_360"
                      primaryLanguage="English"
                      custom="readingOrder {index:0;}">
               <Coords points="2354,3927 2451,3927 2451,3952 2354,3952"/>
               <Baseline points="2354,3952 2369,3951 2377,3949 2452,3948"/>
               <TextEquiv>
                  <Unicode>9 U. abs.</Unicode>
               </TextEquiv>
            </TextLine>
            <TextEquiv>
               <Unicode>9 8.aU.</Unicode>
            </TextEquiv>
            <CornerPts>0 1 2 3</CornerPts>
         </TableCell>
         <TableCell row="3" col="2" type="paragraph" id="r_16_3_3">
            <Coords points="2476,3928 2566,3928 2566,3953 2476,3953"/>
            <TextLine id="tl_361"
                      primaryLanguage="German"
                      custom="readingOrder {index:0;}">
               <Coords points="2477,3929 2559,3928 2559,3951 2477,3952"/>
               <Baseline points="2477,3951 2553,3952"/>
               <TextEquiv>
                  <Unicode>741°5</Unicode>
               </TextEquiv>
            </TextLine>
            <TextEquiv>
               <Unicode>741*5 18 2</Unicode>
            </TextEquiv>
            <CornerPts>0 1 2 3</CornerPts>
         </TableCell>
         <TableCell row="3" col="3" type="paragraph" id="r_16_4_4">
            <Coords points="2716,3925 2785,3925 2785,3952 2716,3952"/>
            <TextLine id="tl_362"
                      primaryLanguage="German"
                      custom="readingOrder {index:0;}">
               <Coords points="2717,3926 2780,3926 2780,3951 2717,3951"/>
               <Baseline points="2717,3951 2777,3950"/>
               <TextEquiv>
                  <Unicode>18°5</Unicode>
               </TextEquiv>
               <TextStyle fontFamily="Times New Roman" fontSize="7.5" bold="true"/>
            </TextLine>
            <TextEquiv>
               <Unicode>IS'S !</Unicode>
            </TextEquiv>
            <CornerPts>0 1 2 3</CornerPts>
         </TableCell>
         <TableCell row="3" col="4" type="paragraph" id="r_16_5_5">
            <Coords points="2833,3929 2867,3929 2867,3952 2833,3952"/>
            <TextLine id="tl_363"
                      primaryLanguage="German"
                      custom="readingOrder {index:0;}">
               <Coords points="2834,3930 2866,3930 2866,3951 2834,3951"/>
               <Baseline points="2834,3951 2866,3950"/>
               <TextEquiv>
                  <Unicode>67</Unicode>
               </TextEquiv>
               <TextStyle fontFamily="Times New Roman" fontSize="7.5"/>
            </TextLine>
            <TextEquiv>
               <Unicode>67</Unicode>
            </TextEquiv>
            <CornerPts>0 1 2 3</CornerPts>
         </TableCell>
         <TableCell row="3" col="5" type="paragraph" id="r_16_6_6">
            <Coords points="2911,3925 3066,3925 3066,3953 2911,3953"/>
            <TextLine id="tl_364"
                      primaryLanguage="German"
                      custom="readingOrder {index:0;}">
               <Coords points="2912,3926 3065,3927 3065,3953 2912,3952"/>
               <Baseline points="2912,3949 2953,3948 3063,3950"/>
               <TextEquiv>
                  <Unicode>SE 1</Unicode>
               </TextEquiv>
               <TextStyle fontFamily="Times New Roman" fontSize="7.5" bold="true"/>
            </TextLine>
            <TextEquiv>
               <Unicode>SE &lt; halb bewölkt</Unicode>
            </TextEquiv>
            <CornerPts>0 1 2 3</CornerPts>
         </TableCell>
         <TableCell row="3" col="6" type="paragraph" id="r_16_7_7">
            <Coords points="3255,3929 3272,3929 3272,3953 3255,3953"/>
            <TextLine id="tl_365"
                      primaryLanguage="German"
                      custom="readingOrder {index:0;}">
               <Coords points="3256,3930 3271,3930 3271,3952 3256,3952"/>
               <Baseline points="3256,3952 3271,3952"/>
               <TextEquiv>
                  <Unicode>0</Unicode>
               </TextEquiv>
               <TextStyle fontFamily="Times New Roman" fontSize="7.5"/>
            </TextLine>
            <TextEquiv>
               <Unicode>0</Unicode>
            </TextEquiv>
            <CornerPts>0 1 2 3</CornerPts>
         </TableCell>
         <TableCell row="4" col="0" type="paragraph" id="r_16_1_1">
            <Coords points="2261,3952 2344,3952 2344,3980 2261,3980"/>
            <TextLine id="tl_366"
                      primaryLanguage="German"
                      custom="readingOrder {index:0;}">
               <Coords points="2262,3953 2343,3953 2343,3979 2262,3979"/>
               <Baseline points="2262,3978 2343,3976"/>
               <TextEquiv>
                  <Unicode>1. Juli</Unicode>
               </TextEquiv>
               <TextStyle fontFamily="Times New Roman" fontSize="7.5" bold="true"/>
            </TextLine>
            <TextEquiv>
               <Unicode>,.a»u</Unicode>
            </TextEquiv>
            <CornerPts>0 1 2 3</CornerPts>
         </TableCell>
         <TableCell row="4" col="1" type="paragraph" id="r_16_2_2">
            <Coords points="2353,3953 2451,3953 2451,3979 2353,3979"/>
            <TextLine id="tl_367"
                      primaryLanguage="German"
                      custom="readingOrder {index:0;}">
               <Coords points="2354,3954 2450,3954 2450,3978 2354,3978"/>
               <Baseline points="2354,3979 2367,3978 2377,3975 2450,3972"/>
               <TextEquiv>
                  <Unicode>7 U. mg.</Unicode>
               </TextEquiv>
            </TextLine>
            <TextEquiv>
               <Unicode>7 U. mg.</Unicode>
            </TextEquiv>
            <CornerPts>0 1 2 3</CornerPts>
         </TableCell>
         <TableCell row="4" col="2" type="paragraph" id="r_16_3_3">
            <Coords points="2477,3955 2566,3953 2566,3978 2477,3980"/>
            <TextLine id="tl_368"
                      primaryLanguage="German"
                      custom="readingOrder {index:0;}">
               <Coords points="2478,3956 2560,3955 2560,3978 2478,3979"/>
               <Baseline points="2478,3977 2490,3977 2555,3977"/>
               <TextEquiv>
                  <Unicode>741°6</Unicode>
               </TextEquiv>
            </TextLine>
            <TextEquiv>
               <Unicode>741'S &lt;7 4</Unicode>
            </TextEquiv>
            <CornerPts>0 1 2 3</CornerPts>
         </TableCell>
         <TableCell row="4" col="3" type="paragraph" id="r_16_4_4">
            <Coords points="2717,3954 2774,3954 2774,3979 2717,3979"/>
            <TextLine id="tl_369"
                      primaryLanguage="German"
                      custom="readingOrder {index:0;}">
               <Coords points="2718,3955 2773,3955 2773,3978 2718,3978"/>
               <Baseline points="2718,3977 2773,3977"/>
               <TextEquiv>
                  <Unicode>17°3</Unicode>
               </TextEquiv>
               <TextStyle fontFamily="Times New Roman" fontSize="7.5"/>
            </TextLine>
            <TextEquiv>
               <Unicode>17'3</Unicode>
            </TextEquiv>
            <CornerPts>0 1 2 3</CornerPts>
         </TableCell>
         <TableCell row="4" col="4" type="paragraph" id="r_16_5_5">
            <Coords points="2833,3955 2867,3955 2867,3978 2833,3978"/>
            <TextLine id="tl_370"
                      primaryLanguage="German"
                      custom="readingOrder {index:0;}">
               <Coords points="2834,3956 2866,3956 2866,3977 2834,3977"/>
               <Baseline points="2834,3977 2866,3977"/>
               <TextEquiv>
                  <Unicode>88</Unicode>
               </TextEquiv>
               <TextStyle fontFamily="Times New Roman" fontSize="7.5" bold="true"/>
            </TextLine>
            <TextEquiv>
               <Unicode>SS</Unicode>
            </TextEquiv>
            <CornerPts>0 1 2 3</CornerPts>
         </TableCell>
         <TableCell row="4" col="5" type="paragraph" id="r_16_6_6">
            <Coords points="2911,3951 3070,3951 3070,3989 2911,3989"/>
            <TextLine id="tl_371"
                      primaryLanguage="German"
                      custom="readingOrder {index:0;}">
               <Coords points="2912,3952 3069,3952 3069,3988 2912,3988"/>
               <Baseline points="2913,3974 2947,3974 3063,3976"/>
               <TextEquiv>
                  <Unicode>— 0</Unicode>
               </TextEquiv>
               <TextStyle fontFamily="Times New Roman" fontSize="7.5" bold="true"/>
            </TextLine>
            <TextEquiv>
               <Unicode>— Q|</Unicode>
            </TextEquiv>
            <CornerPts>0 1 2 3</CornerPts>
         </TableCell>
         <TableCell row="4" col="6" type="paragraph" id="r_16_7_7">
            <Coords points="3107,3951 3195,3951 3195,3975 3107,3975"/>
            <TextLine id="tl_372"
                      primaryLanguage="German"
                      custom="readingOrder {index:0;}">
               <Coords points="3108,3952 3194,3952 3194,3974 3108,3974"/>
               <Baseline points="3108,3973 3194,3974"/>
               <TextEquiv>
                  <Unicode>bewölkt</Unicode>
               </TextEquiv>
               <TextStyle fontFamily="Times New Roman" fontSize="7.5" bold="true"/>
            </TextLine>
            <TextEquiv>
               <Unicode>bewölkt</Unicode>
            </TextEquiv>
            <CornerPts>0 1 2 3</CornerPts>
         </TableCell>
         <TableCell row="4" col="7" type="paragraph" id="r_16_8_8">
            <Coords points="3255,3955 3272,3955 3272,3980 3255,3980"/>
            <TextLine id="tl_373"
                      primaryLanguage="German"
                      custom="readingOrder {index:0;}">
               <Coords points="3256,3956 3271,3956 3271,3979 3256,3979"/>
               <Baseline points="3256,3979 3271,3979"/>
               <TextEquiv>
                  <Unicode>9</Unicode>
               </TextEquiv>
               <TextStyle fontFamily="Times New Roman" fontSize="7.5"/>
            </TextLine>
            <TextEquiv>
               <Unicode>9</Unicode>
            </TextEquiv>
            <CornerPts>0 1 2 3</CornerPts>
         </TableCell>
      </TableRegion>
   </Page>
</PcGts>
