3345 5259
72 93 239 131 Nr. 3184
814 81 1106 129 Wien, Samstag
1362 75 1934 122 Neue Freie Presse.
2178 62 2407 102 5. Juli 1873
3018 50 3144 88 Seite 3
20 154 1052 212 Nachdem Katzmayer dies rundweg verweigerte, trat Weiner als fünf⸗
22 197 637 244 ter Verwaltungsrath für einen Tag ein.
108 225 1054 279 Adolf Kuhner, Bau⸗Unternehmer, iſt der geweſene Aſſocié
19 257 1054 315 Botſtieber's, der nach deſſen und der übrigen Verwaltungsräthe
22 293 1053 349 Zugeſtändniß als Käufer der Starhemberg'ſchen Häuſer von Bot⸗
24 328 1052 384 ſtieber vorgeſchoben wurde. Kuhner ſelbſt beharrt auf das beſtimm⸗
25 367 763 417 teſte dabei, daß er der reelle Käufer geweſen ſei.
106 395 1053 447 Präs.: In welcher Weiſe kamen Sie mit dem Central⸗Bau⸗
23 430 1054 488 verein in Berührung? — Kuhner: Ich kaufte die vier Czermak'ſchen
21 477 275 516 Häuſer von ihm.
107 499 1055 551 Präſ.: Czermak beſaß niemals mehr als Ein Haus. —
22 534 941 589 Kuhner: Ich meine, die vier Häuſer in der Czermakgaſſe.
108 568 1053 622 Präs.: Und haben wirklich Sie dieſe Häuſer gekauft? —
21 611 379 652 Kuhner: Wer denn?
109 636 1049 691 Präſ.: Wir haben bereits das Zugeſtändniß Botſtieber's,
24 671 907 725 daß er der Käufer war. — Kuhner: Das iſt eine Lüge.
110 705 1051 758 Präſ.: Ich wüßte nicht, warum Botſtieber eine ihn belaſtende
26 739 1056 794 falſche Angabe machen ſollte. — Kuhner: Bitte recht ſehr, der
27 771 1055 829 Käufer war ich. Ich mußte die an Botſtieber's Ordre geſtellten
25 820 285 861 Wechſel bezahlen.
112 842 1057 895 Präs.: Iſt Ihnen nicht aufgefallen, daß die Wechſel, welche
26 874 1058 931 Ihnen zur Acceptation vorgelegt wurden, an Botſtieber's Ordre
29 912 1059 965 geſtellt waren und nicht an jene des Vereins, der doch Käufer war?
28 946 1059 999 — Kuhner: Warum hätte mir das auffallen ſollen; die Accepte
29 976 1060 1034 wurden mir vom Verein ſo vorgelegt und ich kümmerte mich nicht
28 1021 674 1066 um Botſtieber's Geſchäfte mit dem Verein.
112 1048 1061 1099 Präs: Zeuge Dr. Moriz Schweinburg hat aber beſtimmt
30 1083 1061 1137 ausgeſagt, daß Sie ſich weigerten, den Vertrag zu unterfertigen,
29 1116 1061 1170 wenn nicht jene Wechſel an Botſtieber's Ordre geſtellt wurden. —
31 1152 1015 1204 Kuhner: Daran erinnere ich mich nicht, glaube es aber nicht.
118 1184 1062 1238 Präſ.: Wie verkauften Sie die Häuſer? — Kuhner: Ich
30 1225 737 1271 verkaufte ſie einzeln für zuſammen 186,000 fl.
116 1248 1063 1306 Präs.: Nachdem Ihnen die Häuſer 200,000 fl. koſteten,
32 1288 1064 1343 machten Sie ein ſehr ſchlechtes Geſchäft. — Kuhner: Allerdings,
32 1323 1064 1377 ich verlor 14,000 fl., weil ich mich auf die Garantie Botſtieber's
34 1359 680 1409 verlaſſen hatte, ich würde nichts verlieren.
118 1388 1065 1442 Präs.: Es liegt weiters ein Honorarbrief vor, in welchem
33 1422 1065 1479 Botſtieber einem gewiſſen Mauthner eine Proviſion zuſichert, wenn
34 1456 1067 1514 er für eines jener Häuſer, die er ausdrücklich als „ſeine“ bezeichnete,
35 1490 1067 1549 einen Käufer finden würde. — Kuhner: Was geht mich der Brief
36 1535 766 1582 an; Botſtieber kann alles Mögliche verſprechen.
119 1560 1067 1615 Präſ.: Es hätte dies doch gar keinen Sinn. Botſtieber, was
34 1596 1068 1684 ſagen Sie zu dieſer Ausſage? — Botſtieber: Ich glaube, wir
49 1640 700 1685 haben das Geſchäft in Compagnie gemacht.
124 1666 1068 1718 Präſ.: Haben Sie noch Anſprüche an Botſtieber zu ſtellen?
38 1704 868 1754 — Kuhner: Ich glaube, noch einige hundert Gulden.
122 1743 1068 1795 Präſ.: Sie haben in der Unterſuchung erklärt, daß Sie ſich
35 1777 1070 1831 bereits vollſtändig mit ihm verrechnet und keinerlei Anſprüche mehr
35 1814 955 1865 an ihn haben. — Kuhner: Da muß ich mich geirrt haben.
123 1852 1070 1905 Präſ.: Wurde Ihnen in der General⸗Verſammnlung eine Func⸗
37 1888 1036 1942 tion zugedacht? — Zeuge: Ja, ich wurde zum Reviſor gewählt.
123 1929 1072 1983 Präſ.: Haben Sie revidirt? — Zeuge: Wir haben begon⸗
40 1974 495 2016 nen, wurden aber nicht fertig.
17 1998 1074 2053 Präs.: Haben Sie Unregelmäßigkeiten vorgefunden? — Zeuge:
40 2038 603 2085 Ja, wir fanden Poſten ohne Belege.
126 2067 1074 2118 Präſ.: Was ſind das für Poſten? — Zeuge: Die Grün⸗
39 2100 1074 2156 dungskoſten mit 80,000 fl. waren nicht belegt; ich forderte Belege,
40 2144 576 2189 ſie wurden uns aber nicht gegeben.
125 2169 1074 2221 Präſ.: War zu jener Zeit der Verein bereits paſſiv? —
41 2205 835 2258 Zeuge: Soweit war unſere Arbeit nicht gediehen.
134 2238 1075 2288 Staatsanwalt: Waren Sie wirklich Käufer der Star⸗
43 2270 1075 2324 hemberg'ſchen Häuſer oder blos vorgeſchoben? — Zeuge: Ich war
44 2317 340 2355 wirklich der Käufer.
131 2336 1075 2388 Staatsanwalt: Die Angeklagten, Botſtieber ſelbſt,
43 2375 808 2426 geben das zu. — Zeuge: Wer kann das ſagen?
129 2405 1072 2456 Staatsanwalt: Sie haben gehört, daß fünf Perſonen
43 2439 1076 2494 dasſelbe ſagen. — Zeuge: Das iſt nicht richtig, die Wahrheit ſage
44 2493 160 2527 nur ich.
130 2511 1078 2564 Staatsanwalt: Sie ſind der Ausfluß der Wahrheit. —
44 2552 479 2601 Zeuge: Ich kann ſchwören.
133 2581 1079 2634 Richter Gernerth: Botſtieber geht mit ſeinen Zugeſtänd⸗
45 2614 1082 2670 niſſen ſo weit, daß er ſich als Compagnon bei dem Ankaufe
47 2648 1081 2703 erklärt. Sie ſagen das Gegentheil. — Zeuge: Ich war allein der
46 2685 1016 2735 Käufer, Botſtieber hat mir blos für allfällige Verluſte gehaftet.
132 2723 1081 2774 Richter Gernerth: Sie, Herr Botſtieber, wo liegt die Wahr⸗
49 2756 1081 2808 heit? Waren Sie Eigenthümer der Häuſer oder war es Kuhner?
47 2789 1082 2841 — Botſtieber: Ich war mir ſelbſt nicht klar darüber, ich hatte
48 2830 607 2875 die Intentionen, ich ſei Compagnon.
133 2864 1082 2918 Richter Gernerth: Mit Intentionen werden keine Geſchäfte
53 2901 1084 2955 aufgeklärt. Hier handelt es ſich darum, für weſſen Rechnung
52 2937 1084 2991 die Häuſer gekauft wurden? — Botſtieber: Ich bin darüber nicht
56 2988 221 3021 im Reinen.
137 3008 1086 3061 Präſ.: Es war ein ſchmutziges Geſchäft, Sie haben insge⸗
51 3041 1087 3096 ſammt im Trüben gefiſcht und da finde ich es begreiflich, daß man
52 3091 282 3128 nicht rein ſieht.
138 3111 1087 3163 Auf Befragen des Staatsanwaltes muß der Zeuge zugeben,
51 3142 1089 3198 daß auch er für Botſtieber aus den 10,000 fl. Angeld auf Bri⸗
53 3179 1090 3266 gittenauer Gründe 2800 fl. als Zahlung für einen gleichlautenden
53 3213 1090 3271 Wechſel erhalten hatte, ohne jedoch den Wechſel zurückgeſtellt
53 3263 197 3299 zu haben.
1180 144 2122 196 Staatsanwalt: Wo kam der Wechſel hin? — Zeuge:
1096 177 2122 233 Den habe ich mir zurückbehalten für Forderungen, die ich zu
1095 226 1273 263 ſtellen habe.
1180 251 1663 298 Zeuge wird unbeeidet entlaſſen.
1181 280 2124 332 Hof⸗ und Gerichtsadvocat Dr. Baruch Beck hat für ſeinen
1097 315 2125 369 Clienten Weiß gegen den Central⸗Bauverein eine Strafanzeige er⸗
1096 349 2089 404 ſtattet, weil von demſelben Antheilſcheine nicht eingelöſt wurden.
1182 383 2126 436 Später hat Zeuge für ſeinen Clienten Thauſing wegen Ankaufs
1096 417 2126 472 der Brigittenauer Gründe intervenirt und 48 fl. per Quadratklafter
1098 449 2126 507 angeboten. Es kam jedoch zu keinem Abſchluſſe, da mittlerweile
1096 485 2129 540 Kuffler die Gründe angekauft hatte. Für Weiß war aus dieſem
1097 520 2127 575 Verkaufe die Einlöſung der Antheilſcheine in Ausſicht genommen
1098 555 2125 610 und ihm auch brieflich zugeſichert; doch iſt bis zur Stunde die Zah⸗
1098 589 2094 643 lung nicht gefloſſen. (Fortſetzung folgt.)
1490 674 1738 735 Amtliches.
1296 732 1929 773 (Aus dem amtlichen Theile der k. k. Wiener Zeitung.)
1185 772 2126 824 Se. k. und k. Apoſtoliſche Majeſtät hat dem penſionirten Sec⸗
1100 806 2128 860 tionsrathe des Finanzminiſteriums Moriz Ritter v. Dobler den
1101 844 1959 895 Titel eines Hofrathes mit Nachſicht der Taxen verliehen.
1188 875 2131 927 Se. k. und k. Apoſtoliſche Majeſtät hat die Ueberſetzung des
1103 907 2133 963 Poſtdirectors in Lemberg, Friedrich Seelig, als Ober⸗Poſtdirector
1103 943 2133 997 nach Graz geſtattet und gleichzeitig den Bezirkshauptmann in Grodek,
1103 978 2064 1030 Anton Schiffner, zum Ober⸗Poſtdirector in Lemberg ernannt.
1833 1014 2098 1052 Banhans m. p.
1188 1045 2133 1096 Der Handelsminiſter hat den Poſtdirections⸗Kaſſen⸗Adjuncten
1104 1079 2132 1132 Anton Stöckl zum Poſt⸗Kaſſendirector in Wien, ferner die Poſt⸗
1105 1113 2135 1167 directions⸗Kaſſen-Adjuncten Franz Masner und Jacob Lawitſchka,
1105 1149 2136 1203 dann den Poſtdirections⸗Caſſier Karl Wutt zu Poſtzahlmeiſtern und
1105 1183 2135 1236 die Poſtdirections⸗Caſſiere Gottfried Jolsdorf, Johann Neuſſer,
1106 1216 2135 1270 Ignaz v. Götz, Karl Alleſch, Bernhard Schmuck, dann den
1106 1250 2135 1306 Poſtamts⸗Controlor Marcus Heinzel zu Hauptcaſſieren der Poſt⸗
1107 1297 1449 1336 kaſſe in Wien ernannt.
1193 1319 2135 1371 Der Ackerbauminiſter hat den Concepts-Praktikanten der
1108 1351 2134 1407 Finanz⸗Procuratur in Innsbruck, Dr. Alphons v. Eccher, zum
1110 1387 2135 1442 Secretär bei der Forſt⸗ und Domänen⸗Direction in Innsbruck
1110 1443 1231 1470 ernannt.
1110 1515 2139 1606 Telegramme des Correſpondenz-Bureau.
1196 1598 2140 1659 Darmſtadt, 5. Juli. Der Paläontologe Kaup iſt
1110 1649 1695 1704 hieſelbſt am Typhus geſtorben.
1197 1692 2140 1751 Rom, 4. Juli. Die Opinione meldet: Piſanelli
1112 1737 2140 1796 lehnt aus Geſundheitsrückſichten die Annahme eines Porte⸗
1113 1779 2141 1840 feuilles ab; deſſenungeachtet hieß es, daß das Cabinet heute
1113 1824 2140 1883 gebildet werden wird; ſpäter tauchten jedoch neue Schwie⸗
1114 1879 1406 1924 rigkeiten auf.
1200 1914 2142 1974 London,4. Juli. (Unterhausſitzung.) Auf eine Inter⸗
1118 1959 2143 2018 pellation Shaw's antwortet Enfield, daß die Regierun⸗
1116 2001 2143 2060 gen von England und Frankreich wegen eines die gegenſei⸗
1118 2043 2144 2106 tigen Intereſſen wahrenden Uebereinkommens in der Han⸗
1118 2087 2143 2147 delsvertrags⸗Frage fortwährend in Verhand⸗
1117 2144 1341 2186 lung ſtehen.
1201 2178 2147 2237 Konſtantinopel, 4. Juli. Der Sultan hat die
1118 2220 2147 2283 Einladung, des Khedive zu einem morgen ſtattfindenden
1116 2264 2142 2326 Diner angenommen. Abſchriften des letzten egyptiſchen Fer⸗
1116 2306 2149 2370 mans ſind Mittwoch an die fremden Mächte verſendet
1118 2364 1246 2398 worden.
1204 2390 2148 2453 Der Khedive wird wahrſcheinlich nicht nach Wien
1120 2439 1945 2498 gehen, ſondern direct nach Egypten zurückkehren.
1205 2483 2150 2550 Konſtantinopel, 5. Juli. Die Suez⸗Canal⸗
1123 2529 2150 2592 Commiſſion hat ihre Arbeiten beendigt und ihren Be⸗
1121 2572 2149 2634 richt dem Miniſterrathe vorgelegt. In der von dem Mini⸗
1121 2616 2148 2677 ſterrathe getroffenen definitiven Entſcheidung, die jedoch noch
1123 2657 2152 2719 nicht officiell den Mächten mitgetheilt wurde, wird erklärt,
1124 2702 2152 2761 daß die Pforte unter Tonnengehalt niemals das in den
1123 2744 2154 2804 Schiffsdocumenten aufgeführte Aichmaß, ſondern nur den
1126 2785 2153 2848 benützbaren Tragraum verſtand. Der Miniſterrath er⸗
1124 2827 2156 2889 kennt die Schwierigkeiten bei der Feſtſetzung einer gerechten,
1127 2871 2155 2934 einheitlichen Gehaltsbeſtimmung, empfiehlt jedoch Leſſeps und
1127 2915 2157 2976 den Seemächten, ſich ins Einvernehmen zu ſetzen und das
1128 2955 2158 3019 engliſche Syſtem von Morſſon anzunehmen, ſonſt müßte
1131 2999 2158 3063 eine internationale Commiſſion zur Entſcheidung dieſer Frage
1130 3042 2159 3107 zuſammentreten. Der Miniſterrath beſchränkt ſich darauf, die
1129 3087 2158 3149 Bedeutung des Ausdruckes „Tonnengehalt“ zu conſtatiren,
1131 3128 2160 3193 und will offenbar darunter verſtanden haben, daß Leſſeps
1132 3171 2160 3236 das Recht zuſtehe, die Taxe nach dem gegenwärtigen Sy⸗
1132 3231 1540 3279 ſteme zu beſtimmen.
2415 130 2939 177 Nach Schluß des Blattes.
2250 172 3185 232 Trieſt, 5. Juli. Das Kanonenboot „Velebich“ iſt
2167 215 3184 276 geſtern in Cadix angekommen; die Corvette „Zrinyi“ iſt
2166 263 2908 319 heute von Spalato nach Trieſt abgegangen.
2250 308 3188 370 Peſt, 5. Juli. Zum Sections⸗Chef im Honved⸗
2168 352 3189 412 miniſterium wurde, anſtatt des nach Preßburg als Bataillons⸗
2169 394 3189 460 Chef verſetzten Majors Kralitz der Hunyader Bataillons⸗
2167 442 2916 498 Commandant Major Jelencſik ernannt.
2171 520 3192 615 Telegramme der „Neue Freien Preſſe“.
2254 606 3193 667 Klagenfurt, 5. Juli. Der Kronprinz hat ſich heute
2170 648 3194 709 Früh halb 7 Uhr mittelſt Separatzuges der Rudolphsbahn
2172 692 3192 753 nach Hüttenberg begeben, um die großartigen Etabliſſements
2172 734 3194 795 der „Union“ dort und in der Umgebung zu beſichtigen. Ver⸗
2172 777 3193 837 ſchiedene Feſtlichkeiten werden dort veranſtaltet, unter An⸗
2173 819 3191 881 derem ein Bergtanz der Knappen. Abends erfolgt die Rück⸗
2172 876 2378 921 fahrt hieher.
2259 913 3197 974 Peſt, 5. Juli. In der geſtrigen Sitzung der Juſtiz⸗
2174 957 3198 1015 reform⸗Enquête wurde die Discuſſion über die Ge⸗
2175 999 3198 1059 richts⸗Organiſation fortgeſetzt. Die Aufhebung des
2173 1042 3199 1102 Caſſationshofes wird von den meiſten Rednern gewünſcht,
2177 1085 3201 1143 dagegen die Uebertragung der Grundbuchführung an die
2178 1127 3200 1187 Bezirksgerichte wegen Mangels an geeigneten Kräften für
2179 1171 3201 1231 unausführbar gehalten. Die Berathung wird morgen fort⸗
2178 1229 2284 1263 geſetzt.
2264 1264 3229 1327 Berlin, 5. Juli. Die Spener'ſche Zeitung meldet, daß
2183 1303 3229 1366 die Streitfrage wegen Bemeſſung der Suez⸗Canal⸗
2179 1348 3202 1409 Gebühren in ein neues Stadium getreten ſei, weil die
2181 1391 3204 1452 internationale Commiſſion in Konſtantinopel ſtatt in Lon⸗
2180 1434 3204 1494 don zuſammentritt. Die türkiſchen Commiſſions⸗Arbeiten ſeien
2181 1477 3203 1538 ungenügend, General Ignatieff influire auf den Gang
2181 1519 3201 1580 der Dinge. Die Antipathie Rußlands gegen
2181 1571 2645 1621 England ſei augenfällig.
2267 1613 3206 1672 London, 5. Juli. Die Königin verlieh dem
2182 1653 3205 1716 Schah von Perſien den Hoſenband⸗Orden mit
2182 1698 3206 1759 Umgehung des üblichen Ceremoniels. Der Großvezier
2183 1740 3207 1801 erhielt das Ehren⸗Großcomthurkreuz des Sternes von
2183 1788 3047 1841 Indien.
2269 1834 3208 1892 Konſtantinopel, 4. Juli. Raſchid Paſcha hat an die
2183 1875 3208 1936 Vertreter der Türkei im Auslande ein Circulär gerichtet,
2185 1920 3207 1979 worin der Inhalt des neuen, dem Khedive gewährten Fer⸗
2187 1976 2556 2021 mans notificirt wird.
2272 2005 3199 2063 Gerüchtweiſe verlautet, die Regierung werde mit der
2185 2048 3197 2110 Häuſern Cohen und Merton eine Anleihe von 25 Millio
2187 2091 3171 2154 nen (Was? D. Red.) abſchließen. (Agence Bordeano.)
2185 2173 3204 2228 Telegraphiſche Witterungs⸗Berichte der k. k. Central⸗Anſtalt für Meteo
2188 2214 3206 2270 rologie und Erdmagnetismus vom 4. Juli 1873, 7 Uhr Morgens
2252 2346 2412 2400 Stationen:
2483 2253 2663 2306 Luftdruck in
2514 2280 2636 2330 Millimeter
2492 2360 2561 2411 beob⸗
2478 2386 2562 2436 achteter
2597 2333 2648 2383 Ab⸗
2573 2359 2659 2409 weichg.
2577 2384 2661 2434 v. nor⸗
2582 2410 2658 2460 malen
2680 2253 2850 2305 Temperatur u.
2713 2276 2801 2327 Celsius
2680 2355 2748 2407 beob⸗
2674 2383 2757 2434 achtete
2787 2330 2837 2381 Ab⸗
2765 2356 2854 2408 weichg.
2764 2381 2854 2432 v. nor⸗
2769 2407 2844 2458 malen
2885 2297 2975 2350 Wind=
2878 2349 2987 2401 Richtung
2889 2398 2978 2450 Stärke
3033 2342 3192 2382 Bewölkung
2243 2511 2412 2537 Nördliche:
2192 2545 2389 2571 Bludenz
2198 2572 2390 2602 Iſchl
2195 2598 2391 2628 Klagenfurt
2197 2601 2260 2653 Prag
2191 2627 2259 2681 Wien
2195 2677 2392 2701 Krakau
2196 2701 2392 2731 Debreczin
2196 2729 2392 2757 Lemberg
2198 2754 2393 2781 Tarnopol
2275 2794 2403 2821 Südliche:
2201 2806 2257 2857 Riva
2201 2830 2290 2882 Ancona
2200 2860 2259 2911 Görz
2198 2881 2266 2935 Triest
2199 2931 2444 2959 Pola
2202 2956 2444 2986 Semaphor Porer
2200 2961 2278 3012 Agram
2198 2982 2445 3038 Lesina
2201 3033 2446 3064 Semaphor Liſſa
2205 3040 2309 3091 Durazzo
2201 3080 2424 3118 Szegedin
2201 3111 2425 3144 Hermannſtadt
2498 2516 2562 2567 710•0
2497 2543 2561 2594 721•5
2498 2569 2562 2619 723•6
2498 2594 2561 2645 743•7
2496 2619 2562 2669 743•7
2497 2646 2562 2697 742•4
2499 2672 2562 2722 747•6
2495 2698 2561 2749 734•3
2497 2722 2567 2774 732•0
2501 2824 2561 2846 754•2
2502 2851 2560 2871 762•0
2501 2849 2562 2899 753•5
2501 2873 2566 2925 759•0
2502 2900 2564 2951 758•4
2500 2927 2564 2977 760•7
2500 2954 2566 3006 747•8
2503 2980 2564 3031 758•7
2501 3005 2565 3055 757•4
2501 3031 2569 3082 759•5
2503 3057 2565 3108 753•7
2517 3080 2555 3132 —
2577 2511 2651 2561 — 1•2
2580 2564 2651 2585 — 0•1
2582 2591 2654 2616 ＋ 1˙3
2581 2618 2654 2642 ＋ 0˙4
2580 2617 2658 2667 — 0•3
2581 2646 2665 2697 ＋ 0˙4
2582 2669 2662 2720 — 0•3
2581 2693 2662 2743 — 0 7
2580 2721 2666 2772 — 3•4
2582 2797 2660 2847 ＋ 0˙9
2583 2822 2664 2873 ＋ 0˙7
2581 2849 2665 2900 ＋ 0˙2
2580 2872 2664 2922 ＋ 0˙4
2580 2896 2665 2948 ＋ 0˙5
2576 2924 2664 2975 ＋ 0˙5
2583 2953 2666 3003 ＋ 0˙8
2583 2978 2666 3029 ＋ 0˙3
2613 3001 2662 3052 0•0
2585 3028 2661 3079 — 0•3
2585 3056 2662 3109 ＋ 1˙1
2611 3077 2649 3130 —
2696 2512 2755 2562 16•8
2700 2538 2756 2588 18•0
2701 2564 2756 2615 15•4
2701 2592 2753 2643 13•4
2698 2617 2752 2669 17•8
2703 2641 2756 2692 17•8
2701 2666 2757 2719 18•2
2700 2694 2753 2745 16•8
2703 2720 2750 2771 17•2
2702 2793 2755 2843 22•9
2703 2819 2753 2871 25•3
2701 2846 2752 2896 20•0
2702 2872 2754 2922 24•2
2703 2897 2754 2947 22•9
2704 2921 2755 2971 21•6
2704 2948 2754 2999 17•3
2702 2973 2755 3025 23•0
2704 3000 2756 3051 22•4
2704 3027 2755 3078 23•8
2705 3054 2758 3104 20•0
2716 3074 2751 3127 —
2770 2511 2846 2561 ＋ 2˙7
2804 2533 2846 2586 4•2
2772 2562 2850 2612 ＋ 0˙2
2773 2588 2842 2640 — 2•7
2774 2614 2846 2665 ＋ 0˙1
2774 2638 2843 2690 ＋ 2˙7
2775 2664 2845 2714 — 1•0
2772 2692 2849 2743 ＋ 0.4
2774 2717 2848 2769 ＋ 1˙2
2775 2795 2849 2846 ＋ 2˙4
2775 2819 2844 2871 ＋ 0˙3
2775 2842 2849 2893 — 0•2
2773 2870 2850 2924 ＋ 1˙9
2808 2894 2849 2945 0•0
2775 2919 2846 2970 — 1•3
2776 2944 2850 2996 — 2•2
2772 2971 2847 3022 — 0•7
2777 2998 2853 3048 — 1•3
2775 3049 2847 3070 — 0•4
2777 3075 2847 3100 ＋ 0˙7
2791 3071 2834 3123 —
2881 2508 2978 2559 SW 3
2877 2536 2979 2586 S 1
2914 2559 2945 2609 —
2911 2585 2942 2635 —
2911 2608 2943 2659 —
2915 2634 2945 2686 —
2881 2686 2976 2712 NO 3
2882 2687 2982 2739 W 3
2881 2714 2983 2765 NW 1
2914 2787 2948 2837 —
2878 2818 2985 2869 NNW 1
2912 2841 2947 2891 —
2910 2862 2949 2914 —
2914 2889 2943 2939 —
2883 2942 2982 2966 NW 1
2884 2967 2982 2996 SW 3
2881 2973 2985 3023 NW 2
2882 2998 2993 3051 WNW 4
2916 3018 2955 3069 —
2886 3051 2992 3101 N 3
2918 3073 2951 3123 —
3011 2527 3216 2559 größtenth. bewölkt
3011 2532 3217 2582 theilweise bewölkt
3074 2558 3148 2610 heiter
3072 2585 3147 2636 heiter
3076 2609 3146 2660 heiter
3089 2636 3142 2686 trüb
3011 2661 3212 2713 zur Hälfte bewölk
3090 2687 3143 2737 trüb
3051 2715 3174 2765 ganz trüb
3077 2788 3145 2838 heiter
3074 2812 3147 2866 heiter
3075 2840 3151 2890 heiter
3077 2865 3148 2916 heiter
3033 2915 3196 2941 beinahe heiter
3080 2918 3150 2968 heiter
3079 2943 3147 2995 heiter
3078 2968 3148 3019 heiter
3082 2995 3152 3047 heiter
3077 3021 3151 3072 heiter
3016 3047 3227 3102 zur Hälfte bewölk
3105 3067 3134 3118 —
2287 3127 3225 3181 Der Luftdruck iſt gefallen zu Iſchl um 4•2 Millimeter und
2203 3164 3225 3222 iſt nahezu gleich dem normalen. Die Temperatur iſt gefallen (zu
2203 3198 3226 3253 Semaphor Porer um 2˙9° Celſius) und iſt theils ober, theils unter
205 3348 943 3448 Protestantische Jesuiten.
396 3454 759 3496 Hiſtoriſcher Roman von
311 3498 840 3549 Louiſe Mühlbach.
496 3577 666 3609 4. Fortſetzung.
146 3609 1092 3667 „Nein, Majeſtät, ich erwartete dieſes Wort; aber ich möchte
61 3648 1093 3709 wir erlauben. Eure Majeſtät zu fragen, wie weit die Amneſtie
62 3686 1095 3743 ausgedehnt werden ſoll, oder ob ſie etwa überhaupt alle Gefangenen
63 3740 210 3782 betrifft?“
144 3762 1095 3821 „Alle Gefangenen?“ fragte der König lächelnd. „Beruhigen
64 3802 1097 3860 Sie ſich, Rochow, ich werde nicht daran denken, eine Amneſtie
65 3841 1097 3899 zu geben auch für die Räuber, die Diebe und die Einbrecher,
65 3884 856 3939 ſondern nur eine für die politiſchen Gefangenen.“
147 3927 1097 3984 „Majeſtät,“ rief Rochow lebhaft, „das ſind die ſchlimmſten
67 3962 1099 4023 Räuber, Diebe und Einbrecher, ſchlimmer als alle die Anderen,
66 4001 1099 4063 welche vielleicht nur die Roth des Lebens zum Verbrechen ge⸗
67 4053 260 4095 trieben hat.“
149 4077 1099 4138 „Ah, mein lieber Miniſter,“ rief der König lachend, „das
68 4117 1102 4180 iſt ein hartes, grauſames Wort, und wenn das Ihre Feinde
71 4159 1102 4219 hörten, würden ſie darin Stoff finden zu neuen Anſchuldi⸗
72 4193 1103 4293 gungen wider Sie! Denn Sie wiſſen doch, Rochow, daß Sie
92 4244 322 4290 Feinde haben?“
153 4270 1103 4332 „Ja, Majeſtät, ich weiß, daß ich Vielen ein Dorn im Auge
71 4305 442 4370 bin und daß ſie“ —
153 4348 1105 4409 „Und daß ſie darüber den Balken in ihrem eigenen Auge
73 4386 1105 4451 gar nicht ſehen,“ lachte der König. „Beruhigen Sie ſich, meine
74 4424 1105 4490 Augen ſehen klar und ſind nicht von Dornen und Balken getrübt.
74 4464 1107 4531 Wir begnadigen die politiſchen Gefangenen. Es iſt der letzte
77 4502 1107 4566 Segensgruß meines hochſeligen Vaters. So will ich, daß man es
77 4557 320 4603 betrachten ſoll.“
1639 4356 1694 4408 V.
157 4580 1110 4642 „Majeſtät,“ ſagte Rochow mit dumpfer, grollender Stimme,
81 4617 1109 4685 „ich erlaube mir zu bemerken, daß diejenigen, welche Eure Ma⸗
77 4654 1110 4719 jeſtät jetzt begnadigen und aus dem Gefängniß befreien wollen,
80 4692 1111 4759 doch auf Befehl Sr. Majeſtät, des hochſeligen Königs, im Ge⸗
83 4745 535 4798 fängniß waren, und daß —“
162 4777 1114 4844 „Still,“ unterbrach ihn der König mit ſtolzer Miene, „mein
87 4816 1115 4882 Entſchluß ſteht feſt und ich weiß, daß ich im Sinne meines
85 4856 1114 4923 Vaters handle, meines theuren Vaters, deſſen Milde und hoch⸗
84 4894 1117 4961 herzige Güte man freilich oft verdunkelt hat. Doch reden wir
83 4933 1117 4999 nicht davon. Sie kennen jetzt meinen unabänderlichen Entſchluß,
83 4972 1009 5037 eine Amneſtie zu geben für alle politiſchen Gefangenen.“
162 5028 758 5081 Der Miniſter neigte leiſe ſein Haupt.
1213 3310 2167 3374 „Darf ich mir erlauben, einige Erörterungen von Eurer
1135 3353 1950 3411 Majeſtät zu erbitten?“ ſagte er mit dumpfem Ton.
1214 3395 2163 3455 „Fragen Sie und erörtern wir,“ rief der König, indem er
1136 3432 2163 3495 ſich auf einen Fauteuil vor ſeinem Schreibtiſch niederließ, ein
1135 3472 2163 3533 Blatt Papier nahm und mit der kleinen, fein zugeſpitzten Raben⸗
1134 3508 2164 3573 feder, wie ſolche ſich immer auf ſeinem Schreibtiſch befinden
1136 3564 1560 3613 mußte, zu zeichnen begann.
1217 3602 1544 3648 „Erörtern wir alſo.“
1216 3624 2166 3687 „Zunächſt denn erlaube ich mir, Eure Majeſtät zu fragen,
1140 3673 1801 3725 ob die Amneſtie ohne Einſchränkung iſt?“
1217 3696 2165 3770 „Ohne Einſchränkung,“ erwiderte der König, indem er haſtig
1143 3734 2165 3808 weiter zeichnete. „Ich will Ihnen ſagen, wie ungefähr der Erlaß
1148 3800 2168 3850 zu formuliren ſein wird und wie ich ihn mir gedacht habe, oder
1142 3824 2167 3887 beſſer, ich laſſe Sie das Concept leſen, welches ich mir heute
1139 3878 1639 3928 Morgens ſchon aufgeſetzt habe.“
1210 3909 2169 3971 Er hielt einen Augenblick inne in ſeinen Zeichnungen, öffnete
1144 3949 2170 4013 haſtig die große Schatulle ſeines Tiſches und nahm daraus ein Blatt
1143 3992 1938 4052 Papier hervor, welches er dem Miniſter darreichte.
1222 4033 2171 4098 „Haben Sie die Güte, lieber Rochow, leſen Sie mir das,
1145 4073 2171 4138 was auf dem Papier ſteht, vor. Ich kann dann beſſer beurthei⸗
1145 4111 2173 4176 len, ob es richtig und gut iſt, und Sie werden mir Ihre Bemerkun⸗
1145 4161 1807 4218 gen und Zuſätze machen. Leſen Sie alſo.“
1223 4198 2173 4260 Er nahm wieder ſeine kleine Rabenfeder und begann eifrig
1146 4237 2175 4302 weiter zu zeichnen an dem großen Thurme, den er vorher ſchon
1148 4286 1755 4341 mit einigen Contouren begonnen hatte.
1225 4332 1511 4381 „Leſen Sie alſo!“
1547 4412 1778 4453 Die Amneſtie.
1226 4452 2177 4513 Der Miniſter v. Rochow überflog mit eiligem Blicke das
1151 4490 2177 4556 Papier, und ſeine Miene ward düſter und ſeine Stimme zitterte
1151 4540 1487 4595 zuweilen, als er las:
1232 4567 2177 4632 „Eingedenk der königlichen Worte der Verzeihung und der
1153 4606 2179 4671 letztwilligen Verordnung meines in Gott ruhenden Herrn Vaters,
1153 4644 2181 4709 will ich hiemit allen denen, welche während der Regierung meines
1154 4682 2181 4747 Herrn Vaters in Verkennung der dem angeſtammten Landesherrn
1154 4721 2180 4789 ſchuldigen Treue und Ehrerbietung des Hochverrathes, des
1156 4759 2184 4827 Landesverrathes, der Majeſtäts⸗Beleidigung, der Theil⸗
1156 4800 2184 4869 nahme an unerlaubten Verbindungen, der Erregung von
1157 4840 2185 4903 Mißvergnügen gegen die Regierung ſich ſchuldig gemacht
1159 4874 2185 4943 haben, die wider ſie verhängten Freiheits⸗ und noch unvoll⸗
1160 4915 2185 4982 ſtreckten Vermögensſtrafen, mit Einſchluß der ihnen auferlegten
1160 4954 2186 5019 und der noch nicht eingezogenen Unterſuchungskoſten erlaſſen; in
1161 4990 2188 5058 Ansehung derjenigen aber, gegen welche noch nicht rechtskräftig er⸗
2206 3282 3216 3348 kannt iſt, die eingeleiteten oder noch einzuleitenden Unterſuchungen
2205 3321 3214 3383 niederſchlagen und auch allen denen, die der Anſtellungs⸗Fähigkeit
2207 3358 3227 3424 für verluſtig erklärt ſind, ſolche wieder gewähren. Ich rechne auf keinen
2206 3393 3226 3460 persönlichen Dank, glücklich in dem Gefühle, das heilige Vermächt⸗
2206 3435 3228 3499 niß des Königs erfüllt und an ſein Andenken neuen Segen ge⸗
2207 3492 2484 3537 knüpft zu haben.“
2283 3513 3228 3572 „Nun,“ fragte der König, immerfort weiter zeichnend, „nun
2207 3551 3230 3615 ſagen Sie mir ehrlich, Rochow, iſt noch etwas hinzuzufügen an
2209 3590 3229 3652 dieſen Erlaß oder ſind Sie, wie er da iſt, mit ihm einver⸗
2209 3647 2359 3692 ſtanden ?“
2285 3667 3228 3726 Der Miniſter athmete nochmals hoch auf, bevor er zu ant⸗
2209 3723 2479 3766 worten vermochte.
2286 3744 3230 3808 „Ich glaube, es iſt noch Einiges hinzuzufügen.“ ſagte er
2210 3781 3231 3845 dann. „Es fehlt da noch die Anführung der Geſetzesſtellen, kraft
2210 3822 3232 3885 deren diejenigen, welche Eure Majeſtät begnadigen wollen, ver⸗
2210 3860 3234 3924 haftet worden ſind. Es wäre ſchon deßhalb nothwendig, weil es
2212 3899 3234 3962 ſonſt den Anſchein haben könnte, als wären alle die Verhaftun⸗
2212 3939 3137 4002 gen und Anſchuldigungen wider Recht und Geſetz geweſen.“
2291 3983 3236 4047 „Ah, ich begreife,“ ſagte der König „Nun, ich übergebe
2211 4022 3236 4087 Ihnen int vollen Vertrauen den Erlaß. Fügen Sie die nöthigen
2214 4061 3235 4125 Geſetzesſtellen, die zu Ihrer und des Herrn v. Kamptz Recht⸗
2215 4102 3024 4166 fertigung nothwendig ſind, hinzu. Iſt das Alles?“
2207 4138 3235 4216 „Nein, Majeſtät! Auch ferner muß ich noch fragen, ob auch
2215 4163 3237 4241 diejenigen, welche vor der gerechten Strafe in das Ausland ge⸗
2212 4200 3235 4278 flohen ſind, jetzt begnadigt und zur Rückkehr berechtigt ſein ſollen?“
2298 4238 3240 4313 „Nein,“ ſagte der König, „den Feigen, welche flohen, darf
2218 4315 3227 4357 man nicht dieſelbe Gnade erweiſen, wie den Tapferen und Mu⸗
2217 4333 3241 4410 thigen, welche ſich der Strafe nicht entzogen. Auch das fügen Sie
2218 4377 2417 4431 noch hinzu.“
2297 4406 3242 4471 „Und dann weiter,“ ſagte der Miniſter, „ſollen die Gefan⸗
2219 4448 3072 4514 genen gezwungen werden, die Befreiung anzunehmen?“
2297 4477 3239 4553 „Nein, mein lieber Freund, ich will Niemanden zu ſeinem
2221 4517 3245 4593 Glücke zwingen,“ rief der König lachend, „fügen Sie auch das noch
2222 4569 3242 4637 hinzu; wer nicht frei ſein will, mag gefangen bleiben. Alſo ord⸗
2223 4608 3242 4670 nen Sie mir das und bringen Sie nur das corrigirte und weiter
2224 4646 3244 4712 ausgeführte Aktenſtück alsdann nach Sansſouci, wohin ich heute
2225 4683 3246 4752 mich zu begeben gedenke. Es ſoll dann dieſe Amneſtie ſofort pu⸗
2226 4721 3245 4787 blicirt werden. Ich wünſche, daß es geſchieht, noch bevor ich mich
2226 4763 3247 4825 mit meiner Gemalin nach Königsberg zur Huldigung begebe. Für
2227 4799 3248 4868 die genaue Ausführung und Befolgung der Amneſtie bürgt mir
2228 4844 3030 4908 Ihre bekannte Rechtlichkeit und Gewiſſenhaftigkeit.“
2306 4883 3249 4950 „Doch müſſen mir Eure Majeſtät erlauben, noch einige
2228 4923 3249 4994 Fragen zu thun,“ ſagte Herr v. Rochow aufathmend. „Ich muß
2228 4951 3247 5030 wiſſen, wie eng oder wie weit Eure Majeſtät die Grenze der po⸗
