3488 5353
216 194 376 229 Seite 14
778 195 1047 240 Wien, Samstag
1486 194 2079 236 [Neue Freie Presse.
2497 192 2737 231 1. Juli 1911
3106 179 3307 216 Nr. 16830
175 270 1199 323 ganz eigener Art geschaffen hat, die namentlich in den
176 309 1199 366 sogenannten Schnitterstreiks zum deutlichen Ausdrucke
177 358 1197 415 gelangten. Auch wurde in letzter Zeit die Beobachtung
175 398 1198 482 gemacht, daß in speziell magyarischen Bezirken vom
172 444 1200 486 nationalen Standpunkt aus die Auswanderung für die
176 487 1198 540 ungarische Regierung zu unwillkommenen Konsequenzen
174 533 283 577 führte.
259 580 1200 631 Die Parzellierungs= und innere Kolonisationsarbeit
176 625 1197 679 soll nun unter der Aegide des Ackerbauministeriums ein⸗
177 670 1196 724 setzen. Es gilt zunächst, durch Ankäufe in Gebieten, in
174 712 1200 765 welchen die Auswanderung in starker Weise zugenommen
170 755 1201 807 hat, ein gewisses Reservoir an kleinen ländlichen Gütern
174 799 1199 859 zu schaffen, um den Landhunger der bäuerlichen Bevöl⸗
174 843 1200 894 kerung befriedigen und die Auswanderung hemmen zu
175 886 1201 943 können. Hiemit ist aber die Hauptaufgabe lange noch nicht
174 924 1200 981 erfüllt. Es muß die Möglichkeit gesichert werden, daß die
175 973 1200 1024 neuen Besitzer die Parzellen zu Preisen erwerben, welche
174 1016 1197 1072 mit den tatsächlichen Wertverhältnissen im Einklang stehen.
174 1059 1196 1109 Außerdem ist dafür Zu sorgen, daß die Käufer nicht das
171 1104 1198 1156 gesamte ihnen zur Verfügung stehende Kapital durch den An⸗
176 1148 1196 1199 kauf selbst konsumieren, sondern ihnen noch ein entsprechen⸗
173 1186 1200 1240 der Betriebsfonds zur Verfügung bleibt. Der weitere auf
172 1235 1197 1290 dem Grund noch haftende Kaufschillingsrest muß niedrig
172 1277 1197 1330 verzinsbar sein und in den Rückzahlungsmodalitäten der
175 1321 1196 1370 Natur des landwirtschaftlichen Betriebes angepaßt werden,
171 1364 1199 1419 sonst wird er zu einer Last des neuen Grundbesitzers, die
172 1407 1195 1458 ihn erdrückt. Es muß ferner die Möglichkeit offen bleiben,
172 1449 1199 1497 daß der Ersteher die Einnahmen, welche über die Er⸗
169 1493 1194 1547 fordernisse für Erhaltung des Gutes, und Zahlung der
172 1538 1195 1592 Steuern hinausgehen, nicht durch die Zinsen und Kapitals⸗
164 1576 1195 1628 rückzahlungen aufzehrt, sondern daß ihm auch die Mittel
167 1616 1196 1679 für eine rationelle Betriebsführung übrig bleiben. Aller⸗
173 1666 1195 1715 dings ist hiemit die Aufgabe der Regierung noch
172 1710 1198 1759 lange nicht erschöpft. Es sollen ja nicht bloß
171 1752 1195 1801 kleinere und mittlere Grundbesitzer geschaffen werden, die
170 1796 1194 1848 eine halbwegs erträgliche Existenz führen, sondern durch
171 1840 1195 1888 diese neuen Betriebsformen soll auch die Ertragsfähigkeit
171 1881 1195 1931 der ungarischen Landwirtschaft erhöht werden. Der
170 1926 1195 1976 Ungarische Boden ist noch lange nicht entsprechend kulti⸗
171 1971 1196 2019 viert. Die neuen Erfahrungen, welche die landwirtschaft⸗
170 2013 1196 2062 liche Wissenschaft und Praxis in andern Ländern ge⸗
171 2058 1197 2106 wonnen haben, sind in Ungarn noch wenig verwertet. Die
170 2099 1194 2148 Tieferpflügung, die Fortschritte der Be= und Ent⸗
171 2146 1196 2193 wässerungsanlagen, die Verbesserung der Erträge durch
170 2189 1198 2236 rationelle Düngung, die Züchtung bestimmter widerstands⸗
172 2232 1193 2279 fähiger und erträgnisreicher Getreidearten, alles dies sind
168 2276 1197 2323 Fragen hochwichtiger Art. Die Bereinigung wissenschaft⸗
159 2319 1192 2368 licher Forschung und praktischer Arbeit hat in Deutsch⸗
168 2363 1194 2410 land großer Erfolge erzielt, und die Durchschnittserträge
172 2406 1193 2455 auf dem gewiß minder fruchtbaren Boden Deutschlands
168 2446 1194 2499 haben eine gewaltige Steigerung erfahren und übertreffen
171 2492 1193 2540 die Ergebnisse in Ungarn bei weitem. Die Viehzucht
170 2536 1193 2584 hat in Deutschland ebenfalls eine große Entwicklung
170 2581 1197 2630 genommen. Die Züchtung entsprechender Vieharten, wobei
171 2620 1194 2671 auf die frühzeitige Schlachtreife großes Gewicht gelegt
170 2660 1192 2717 wird, ist von Bedeutung. Versorgt doch heute Deutschland
170 2709 1194 2758 den inländischen Konsum an Schweinen und Fettschafen
158 2752 1195 2801 fast vollkommen, während früher starke Einfuhr not⸗
170 2797 1192 2843 wendig war. Auch der Rindviehstand hat in Deutschland
158 2839 1193 2887 sehr zugenommen. Hiebei hat sich auch dort der kleinere
169 2883 1193 2932 und mittlere Grundbesitz als die überlegene Betriebsform
168 2925 966 2974 zur Ermöglichung von Fortschritten erwiesen.
251 2976 1194 3026 Es ist daher begreiflich, daß das ungarische Acker⸗
170 3019 1192 3069 bauministerium bestrebt ist, auf eine angemessene Grund⸗
170 3064 1193 3113 besitzverteilung und auf eine vernünftige innere
170 3107 1193 3156 Kolonisation Einfluß zu gewinnen. Es ist weiter
170 3151 1192 3202 richtig, daß der Staat hier eingreift, um der privaten
165 3195 1192 3249 Spekulation den Boden zu entziehen und dafür zu sorgen,
170 3239 1192 3289 daß die wirtschaftlichen Ziele nie aus dem Auge gelassen
167 3282 1197 3330 werden. Die neue Agrarbank soll nun die entsprechenden
170 3326 1194 3373 Mittel für diese Arbeit liefern. Damit wäre viel, aber
171 3369 1192 3422 allerdings noch lange nicht alles geschehen, es wäre
170 3413 1192 3468 vielmehr nur die Grundlage geschaffen, auf welcher dann
171 3457 1193 3504 eine vernünftige Agrarpolitik weiterbauen kann. Eine
162 3500 1191 3557 Hauptaufgabe fiele der Ausdehnung und Vertiefung des
170 3542 1193 3591 landwirtschaftlichen Unterrichtes zu. Mittlere Ackerbau⸗
169 3586 1192 3641 schulen müßten im ganzen Lande errichtet werden, an
161 3630 1193 3679 welche Versuchländer###en anzugliedern wären. Auch
162 3676 1194 3722 müßten, ähnlich wie in Preußen, die staatlichen Domänen
172 3716 1192 3766 nicht allein vom Standpunkt der Ertragsfähigkeit be⸗
168 3756 1195 3852 wirtschaftet werden, sondern gewissermaßen die Laboratorien
165 3806 1192 3854 bilden, in welchen alle landwirtschaftlichen Neuerungen
165 3849 1194 3988 zur Erprobung gelangen. Wird die Aktion, die mit der
167 3891 1191 3941 Schaffung der Parzellierungsbank begonnen hat, nicht in
163 3935 1192 3989 dieser Weise ihre Ergänzung finden, so würde durch eine
162 3978 1192 4030 Veränderung der Besitzverhältnisse der Bauernstand nur
165 4024 1195 4074 ergänzt, aber weder die allgemeine Volkswirtschaft Ungarns
169 4061 1192 4115 daraus Vorteile ziehen noch auch das Ziel der Hemmung
170 4111 1193 4148 der Auswanderung dauernd erreicht werden. Uebrigens
161 4155 1191 4202 würde auch die industrielle Entwicklung Ungarns aus
168 4198 1191 4246 einer vernünftigen Agrarpolitik Vorteile erlangen, denn
168 4239 1190 4289 ebenso wie eine Not an landwirtschaftlichen Arbeitern
167 4285 1192 4341 besteht, ist die Industrie auch in ihrer Entwicklung haupt⸗
168 4321 1192 4378 sächlich durch den Mangel an entsprechenden Arbeitern
169 4372 1195 4421 gehemmt, und viele künstlich gezüchtete Industriegründungen
163 4415 1191 4464 scheitern schließlich an der Arbeiterfrage. Die ungarische
162 4459 1190 4512 Landwirtschaft ist nicht wie in anderen Staaten das
163 4502 1192 4551 Reservoir, aus welchem die Industrie ihre Arbeiter
167 4545 1192 4600 schöpfen kann, denn dieses Reservoir ist gegenwärtig
163 4583 1190 4641 leer und muß erst wieder durch eine gesunde Agrarpolitik
168 4631 423 4683 gefüllt werden.
255 4684 1195 4736 Die Besserung der ungarischen landwirtschaftlichen
163 4726 1192 4780 Verhältnisse ist übrigens auch ein gesamtstaatliches Interesse.
170 4769 1196 4822 Die Gestaltung unserer Handelsbilanz wird in der Zukunft
175 4815 1195 4866 davon abhängig sein, ob es einer modernen ungarischen
172 4853 1195 4908 Landwirtschaft gelingt, in steigendem Maße den Inlands⸗
174 4899 1195 4956 bedarf an Getreide und Vieh zu decken. Gerade die
172 4945 1195 4996 Ergebnisse des Vorjahres und die Aussichten für die
170 4991 1193 5039 kommende Campagne zeigen deutlich, daß ohne Steigerung
174 5034 1197 5083 der Ertragsfähigkeit der ungarischen Landwirtschaft
170 5072 1193 5131 Oesterreich=Ungarn ein Getreide=Importland werden muß,
169 5117 1198 5164 mährend die natürlichen Voraussetzungen bei entsprechender
163 5154 1197 5211 Bodenbearbeitung die Möglichkeit beiten würden diese
1250 273 2265 323 Eventualität zumindest noch aus lange Zeit hinauszu⸗
1250 316 2266 365 schieben. Die staatliche Unterstützung der Parzellierung der
1251 358 2265 408 großen Güter ist ein gesunder Gedanke, aber die Aus⸗
1248 405 2259 452 führungsarbeit bleibt der wichtigere Teil. Latifundien
1248 447 2260 496 haben Rom zu Grunde gerichtet, sagt Sallust, die Lati⸗
1249 490 2265 540 fundien hemmen in Ungarn die Entwicklung der Land⸗
1247 535 2260 582 wirtschaft. Es genügt aber nicht, Latifundien zu zer⸗
1250 578 2265 626 trümmern, man muß auf den Trümmern, eine neue
1249 621 2264 678 Bauernschaft ansiedeln, mit landwirtschaftlicher Bildung
1250 664 2263 720 und Tatkraft, und man muß es ihr ermöglichen, dann
1249 709 2099 757 unter rationellen Kreditverhältnissen zu arbeiten.
1561 797 1944 849 Wien, 30. Juni.
1313 855 2262 898 [Der Abschluß der Verhandlungen über
1244 894 2268 939 das Arrangement der Südbahn.] Die Verhand⸗
1242 933 2261 975 lungen zwischen der Südbahn und Herrn Lacombe als
1242 971 2265 1015 Vertreter des französischen Komitees sind heute noch nicht zum
1242 1008 2264 1053 formellen Abschluß gelangt, doch wird ihre Perfektionie⸗
1241 1047 2263 1091 rung für den morgigen Tag mit Bestimmt⸗
1243 1086 2264 1130 heit erwartet. Herr Lacombe hat heute die Instruk⸗
1244 1122 2270 1168 tionen aus Paris erhalten, mit denen er in die letzten Ver⸗
1243 1163 2266 1208 handlungen eingetreten ist. Vormittags hatte er eine Be⸗
1244 1201 2266 1247 sprechung mit den Kuratoren. Nachmittags fand eine mehr⸗
1244 1241 2264 1286 stündige Konferenz im Finanzkomitee der Südbahn statt,
1242 1280 2264 1324 welche bis in die Abendstunden dauerte. Gegenstand der Er⸗
1244 1320 2265 1363 örterung bildete, da über alle anderen Materien eine voll⸗
1242 1356 2265 1401 ständige Einigung bereits erzielt war, ausschließlich die Frage
1243 1395 2265 1440 der Kotierung der Prioritäten an der Pariser Börse. Die
1243 1432 2266 1478 Angelegenheit bot, wie aus der Debatte hervorging, größere
1241 1473 2264 1517 Schwierigkeiten, da es sich um die Kotierung der vierprozen⸗
1241 1512 2265 1556 tigen Südbahnanleihe sowie der neuen dreiprozentigen auf der
1242 1549 2265 1595 italienischen Annuität basierten Schuld handelt. Die Verhand⸗
1239 1587 2263 1633 lungen wurden sehr langsam und zähe geführt. In einzelnen
1242 1629 2265 1672 Punkten wurde eine Verständigung erzielt, während andere
1239 1662 2263 1711 Fragen noch offen blieben. Große Hindernisse bot auch der
1241 1706 2264 1750 Umstand, daß verschiedene Gesetzgebungen in Betracht kommen,
1240 1745 2265 1791 deren gebührenrechtliche Konsequenzen eingehend erörtert werden
1240 1784 2262 1827 mußten. Die Verhandlungen wurden auf morgen vertagt.
1241 1822 2263 1865 Wan hofft, morgen zum Abschlusse zu ge⸗
1240 1860 2264 1907 langen. Dafür spricht auch der Umstand, daß Herr
1241 1899 2263 1942 Lacombe morgen im Finanzministerium beim Chef der Kredit⸗
1235 1937 2264 1973 sektion Dr. Wimmer vorsprechen wird, um ihm über die
1236 1976 2264 2023 Verhandlungen zu berichten. Nach den bestehenden Disposi⸗
1239 2015 2264 2059 tionen gedenkt Herr Lacombe, wenn die Verhandlungen
1237 2052 2263 2098 morgen zum Abschlusse gelangen. Sonntag Wien zu verlassen.
1239 2086 2264 2135 In diesem Falle würde Samstag abends die Paraphierung des
1241 2130 2263 2175 aufzunehmenden Protokolls erfolgen. Die noch zu treffenden
1238 2170 2263 2212 Detailarbeiten, namentlich die Ausarbeitung der Tilgungs⸗
1239 2207 2263 2256 pläne, die Textierung der Verträge rc. werden dann bei der
1238 2247 2264 2290 Südbahn durchgeführt und es werden etwa noch erforderliche
1239 2283 2264 2330 Verhandlungen mit Paris in schriftlichem Wege angebahnt
1238 2324 2263 2363 werden. — Die Generaldirektton der Südbahn teilt folgendes
1239 2362 2263 2404 mit: In den heutigen Beratungen der Vertreter der
1239 2400 2262 2445 Obligationäre mit dem engeren Komitee des Verwaltungsrates
1240 2438 2264 2483 der Südbahn wurde ein großer Teil des Entwurfes für den
1238 2477 2263 2521 Sanierungsplan definitiv formuliert; doch sind noch immer
1239 2517 2265 2561 einige Fragen offen geblieben, Die Verhandlungen werden
1240 2559 1531 2599 morgen fortgesetzt.
1313 2598 2261 2645 [Die Annahme der Bankvorlage in
1240 2638 2261 2684 Ungarn.] Nachdem das ungarische Abgeordnetenhaus
1241 2677 2260 2722 bereits vor längerer Zeit die Vorlage über die Verlängerung
1245 2715 2262 2762 des Bankprivilegiums genehmigt hatte, ist heute die parla⸗
1241 2756 2261 2799 mentarische Beratung im Magnatenhause durchgeführt worden.
1239 2791 2262 2839 Eine Debatte hat nicht stattgefunden, vielmehr wurde die
1240 2831 2258 2877 Bankvorlage einstimmig genehmigt. Das Gesetz über die Er⸗
1239 2870 2261 2915 neuerung des Privilegiums der Oesterreichisch=ungarischen Bank
1241 2909 2260 2959 ist somit in Ungarn in beiden Häusern des Reichsrats verab⸗
1240 2948 2260 2992 schiedet worden, während es im österreichischen Reichsrat noch
1241 2986 2260 3031 der Erledigung harrt. Die Vorverhandlungen, die im Abge⸗
1242 3024 2261 3071 ordnetenhause in den Monaten Dezember und Januar durch⸗
1241 3060 2261 3113 geführt wurden, namentlich die Ausschußberatung, die bis zur
1240 3101 2259 3147 Spezialdebatte gediehen war, sind durch die Auslösung des
1240 3142 2260 3191 Reichsrates gegenstandslos geworden. Die Vorlage muß
1240 3182 2260 3224 neuerlich eingebracht und zum zweitenmal der Verhandlung
1241 3220 2260 3263 im Abgeordnetenhause und im Herrenhause unterzogen werden.
1239 3259 2259 3301 Die kurze Spanne Zeit, welche für die Julisession in Aussicht
1236 3297 2259 3341 genommen wurde, ist für die parlamentarische Behandlung
1240 3336 2259 3379 einer so wichtigen Vorlage ganz unzureichend. Die Bank⸗
1241 3375 2259 3417 vorlage dürste zwar im Juli neuerlich in unveränderter Form
1242 3409 2264 3461 vorgelegt werden, die Verhandlung im Abgeordnetenhause
1241 3451 2260 3495 wird aber wahrscheinlich erst im Herbste stattfinden. Durch
1239 3488 2260 3533 Vereinbarung der beiden Regierungen ist die provisorische
1241 3527 2260 3573 Bankakte bis 15. November verlängert worden. Es ist aber
1240 3567 2259 3617 sehr die Frage, ob bis zu diesem Termin die Beratung in
1239 3606 2259 3654 beiden Häusern des österreichischen Reichsrates vollständig
1241 3644 2261 3690 abgeschlossen sein oder ob nicht vielmehr ein neues Provisorium
1240 3683 2262 3727 notwendig sein wich. Die Sanktionierung des vom unga⸗
1241 3716 2262 3771 rischen Reichstage beschlossenen Gesetzes wird insolange hinaus⸗
1241 3754 2260 3808 geschoben werden, als nicht auch ein Beschluß des öster⸗
1241 3798 2262 3849 reichischen Parlaments vorliegt, da selbstverständlich die beiden
1240 3837 2259 3883 Willensakte der Legislative, durch welche die Erteilung des
1240 3874 2260 3923 Privilegiums an die Oesterreichisch=ungarische Bank erfolgt,
1240 3913 2263 3963 nur gleichzeitig durch die Sanktion den definitiven Abschluß
1241 3950 1503 3994 erhalten können.
1315 3998 2266 4045 [Die Erschwerungsmaßnahmen der
1240 4038 2264 4085 Deutschen Reichsbank zum Ultimo.] Mit dem
1240 4076 2263 4122 heutigen Tage sind die verschärften Vorschriften im Lombard,
1240 4115 2266 4165 welche die Deutsche Reichsbank zur Abwehr der maßlosen An⸗
1239 4149 2265 4205 sprüche an den Quartalsterminen eingeführt hat, in Wirksam⸗
1241 4193 2265 4237 keit getreten. Die Verfügungen haben sich, wie in der heutigen
1240 4232 2265 4276 Sitzung des Zentralausschusses mitgeteilt wurde, als wirksam
1240 4264 2264 4315 erwiesen. Schon in der dritten Aprilwoche haben die An⸗
1242 4310 2262 4354 forderungen im Lombard, welche an die Reichsbank gestellt
1239 4348 2264 4392 wurden, abgenommen und für den Monatsschluß ist einerheb⸗
1240 4386 2266 4430 licher weiterer Rückgang des Lombards zu erwarten, da nam⸗
1239 4425 2264 4469 hafte Summen zum Monatsschluß fällig werden, neue Kredit⸗
1241 4464 2266 4513 ansprüche im Lombard aber wegen der außerordentlichen Ver⸗
1240 4503 2265 4546 teuerung der Kosten nicht zu gewärtigen sind. Selbstverständ⸗
1236 4538 2261 4591 lich wird aber dafür das Wechselportefeuille der Reichsbank
1240 4576 2263 4630 eine ungewöhnliche Anschwellung aufweisen, da die Geld⸗
1240 4619 2265 4663 erfordernisse doch in irgend einer Weise gedeckt werden müssen
1238 4654 2265 4701 und schließlich im Portefeuille der Reichsbank ansmünden.
1238 4695 2265 4740 Der Effekt der drakonischen Maßregel, welche die Reichsbank
1239 4735 2262 4779 verfügt hat, besteht in einer starken Verteuerung des Geldes
1237 4772 2263 4817 zum Ultimo, Für kurzfristige Effektendarlehen forderten die
1239 4807 2262 4860 Geldgeber zu diesem Termin Sätze, die sich zwischen 10 und
1241 4848 2266 4896 15 Prozent bewegen. Die Knappheit hat einen selbst in Berlin
1239 4888 2262 4935 ungeheuren Umsang erreicht, und da das Tor der Reichs⸗
1239 4924 2266 4972 bank dem Effektenmärkte zugeschlagen worden ist, staut sich der
1243 4960 2266 5011 Geldbedarf bei den großen Banken, welche, insoweit sie flüssige
1239 4998 2265 5052 Mittel zur Verfügung haben, dieselben zu sehr lukrativen Be⸗
1240 5042 2266 5088 dingungen verwenden können. Für die nächste Woche, wo der
1240 5074 2266 5137 Ultimo vorüber ist, wird eine rasche Verbilligung der Geldsätze
1239 5120 2265 5166 erwartet, da die Banken nach dem Ultimo große Bestände
1240 5154 2266 5206 übrig behalten werden, die sie als Geld. vorau### nur zu
2308 254 3338 313 sehr niedrigen Sätzen werden v###wenden können. Wir erhalten
2308 296 3336 351 über die heutige Reichsbanksitzung das folgende Telegramm :
2382 344 3334 401 Berlin, 30. Juni. In der heutig### Sitzung des
2306 384 3345 442 Zentralausschusses der Reichsbank führte Vizep###sident von
2308 426 3338 475 Glasenapp, der an Stelle des noch nicht wiederherst### estellten
2307 458 3343 514 Präsidenten Havenstein die Sitzung leitete, aus: Die
2308 506 3346 550 Situation habe sich in der dritten Juniwoche (vom 15. bis
2308 544 3333 591 23.) im ganzen günstig gestaltet. Die Lombardansprüche, die
2308 581 3329 635 sonst immer um diese Zeit nahezu unverändert blieben, seien
2309 622 3330 668 gesunken. Gleichzeitig seien die Wechsel gestiegen. Dies könne
2306 662 3327 706 wohl mit den neuen Lombardbestimmungen zusammenhängen,
2312 698 3342 751 doch sei die Wirkung dieser Maßnahmen noch nicht zu über⸗
2308 737 3332 787 sehen. Jedenfalls müsse man, um das zu können erst dem
2308 777 3329 823 Ultimo abwarten. Zu einer Aenderung des Diskontsatzes liege
2309 817 3331 868 zur Zeit kein Anlaß vor. Im Laufe der letzten Woche waren
2311 850 3334 901 verschiedentliche Goldimporte zu verzeichnen, die einen
2311 891 3336 938 Ueberschuß der Einfuhr über die Ausfuhr von etwa 7°3 Mil⸗
2309 932 3334 977 lionen Mark ergeben haben. Nach einem Zwischenstatus vom
2308 970 3330 1016 27. d. hat sich der Metallbestand um 8 (im Vorjahre um
2308 1008 3331 1052 38) Millionen Mark vermindert. Die Anlag###n haben um
2310 1045 3331 1091 131 (gegen 236 im Vorjahre) Millionen Mark zugenommen,
2308 1084 3328 1131 ebenso die fremden Gelder um 59 (gegen 136 im Vorjahre)
2309 1121 3332 1171 Millionen Mark. Die steuerfreie Notenreserve stellte sich auf
2308 1161 3332 1210 325 (im Vorjahre 160) Millionen Mark, so daß unter der
2306 1200 3332 1247 Berücksichtigung der bankgesetzlichen Neubestimmungen eine
2309 1237 3331 1286 absolute Besserung gegenüber dem Vorjahre um zirka 88 Mil⸗
2308 1285 2678 1324 lionen Mark resultiert.
2387 1336 3334 1381 [Große Ultimoansprüche bei der Orster⸗
2307 1377 3334 1423 reichisch = ungarischen Bank.] In der letzten General⸗
2309 1416 3333 1458 ratssitzung hat der Generalsekretär der Bank Hofrat vom
2309 1454 3336 1497 Pranger bei der Besprechung des Geldmarktes darauf hin⸗
2306 1493 3332 1535 wiesen, daß die Ansprüche des bevorstehenden Ultimos der⸗
2310 1530 3331 1574 artige sein dürften, daß im nächsten Bankausweis, wieder
2307 1571 3332 1613 steuerpflichtige Noten, und zwar im Betrage von etwa
2305 1602 3327 1653 150 Millionen Kronen, in Erscheinung treten dürften. Tat⸗
2309 1646 3333 1690 sächlich waren in den letzten Tagen die Einreichungen bei dem
2311 1684 3333 1729 Noteninstitut sehr bedeutend und heute wurden in Wien und
2303 1724 3328 1767 Budapest allein 80 Millionen Kronen Wechsel zum Eskompte
2307 1763 3328 1807 gebracht. Der Bankausweis vom 23. Juni hatte eine steuer⸗
2301 1796 3327 1846 freie Notenreserve von rund 46 Millionen Kronen ausge⸗
2309 1839 3333 1883 wiesen, die nunmehr, wie der Generalsekretär angekündigt hat.
2309 1875 3333 1921 einem bedeutenden steuerpflichtigen Notenumlauf Platz machen
2310 1910 3333 1960 wird. In der letzten Woche des Juni 1910 hatte die Bank
2310 1950 3333 2000 einen steuerpflichtigen Banknotenumlauf von rund 19 Mil⸗
2303 1993 2560 2031 lionen Kronen.
2387 2045 3331 2092 [Die Differenzen im Maschinenkartell]
2312 2085 3330 2133 Aus Prag wird uns telegraphiert: Heute waren Gerüchte
2310 2125 3329 2169 verbreitet, daß das Maschinenkartell feiner Auflösung entgegen⸗
2314 2164 3331 2209 gehe, da es nicht gelungen sei, die aufgetauchten Schwierig⸗
2313 2202 3331 2248 keiten zu beseitigen. Von informierter Seite erfahren wir über
2310 2242 3331 2287 den Stand dieser Angelegenheit folgendes: Die Differenzen im
2313 2281 3331 2325 Maschinenkartell sind bis zum hentigen Tage nicht behoben
2310 2320 3329 2363 worden, worauf schon der Umstand hindeutet, daß der
2310 2359 3330 2402 Vertreter der ersten Brünner Maschinenfabirk den Sitzungen
2310 2396 3330 2440 der Zuteilungskommission des Kartells fernbleibt. Die von der
2310 2435 3331 2479 Daniekschen Maschinenfabrik vor etwa zehn Tagen abgegebene
2307 2470 3330 2519 Erklärung in der Turbinenfrage wurde von der Ersten
2308 2510 3329 2556 Brünner Maschinenfabriksgesellschaft dahin beantwortet, daß
2309 2551 3330 2595 sie das Kartell für gebrochen erachte. Die Brünner Fabrik
2311 2584 3330 2634 verlangte, daß die Maschinenbau=Aktiengesellschaft vormals
2309 2629 3330 2673 Breitfeld, Daniek & Comp. die erwähnte Erklärung zunächst
2310 2667 3329 2719 zurückziehe, worauf erst die Verhandlungen über die strittigen
2310 2704 3330 2750 Fragen zu eröffnen wären. Aus der Antwort der Daniek⸗
2303 2740 3330 2799 schen Maschinenfabriksgesellschaft — so wird erklärt — ging
2311 2786 3331 2829 aber nicht hervor, ob sie die angefochtene Erklärung zurück⸗
2310 2819 3331 2867 zieht oder aufrechterhält. Die Brünn=Königsfelder Maschinen⸗
2306 2858 3329 2905 fabrik sucht nun, zwischen den beiden genannten Firmen ver⸗
2309 2901 3330 2944 mittelnd einzugreifen und die bestehenden Gegensätze zu be⸗
2310 2940 3330 2984 seitigen. Ob ihr dies gelingen wird, läßt sich nicht voraus⸗
2310 2972 3329 3020 sagen. Bis sich die Meinungen in der angedeuteten Richtung
2308 3011 3330 3059 geklärt haben werden, dürfte eine Beratung erfolgen ober
2310 3055 3344 3098 eine Plenarversammlung des Kartells einberufen werden, was
2310 3096 3043 3137 wohl in der nächsten Woche geschehen wird.
2387 3148 3331 3194 [Neuerliche Zunahme der passiven
2308 3185 3332 3234 Handelsbilanz.] Die Handelsbilanz der Monarchie
2314 3221 3329 3270 hat im Monate Mai eine weitere Verschlechterung erfahren.
2315 3263 3330 3308 In diesem Monate bezifferte sich die Einfuhr auf 281 Mil⸗
2315 3296 3333 3346 lionen Kronen, was gegenüber der korrespondierenden Periode
2307 3341 3329 3383 des Vorjahres eine Zunahme um 46 Millionen Kronen be⸗
2308 3379 3331 3423 deutet. Die Steigerung der Ausfuhr ist wesentlich geringer
2309 3417 3331 3461 gewesen und betrug bloß 3 Millionen Kronen, so daß die
2307 3455 3329 3505 Gesamtausfuhr in diesem Monate 198 Millionen Kronen
2315 3492 3332 3544 umfaßt. Die Handelsbilanz für die Monate Januar bis ein⸗
2316 3533 3333 3577 schließlich Mai weist somit ein Passivum von 340 Millionen
2306 3566 3328 3617 Kronen auf, während sie in der gleichen Periode des Jahres
2309 3611 3330 3654 1910 mit einem solchen von 263 Millionen Kronen abge⸗
2305 3649 3329 3693 lchlossen hat. Die Verschlechterung der Handelsbilanz ist auf
2306 3688 3330 3732 die starke Zunahme der Einfuhr zurückzuführen, der eine nur
2306 3720 3331 3776 ganz geringe Vermehrung des Exportes gegenübersteht. Eine
2307 3765 3332 3810 Steigerung wies die Einfuhr von Fellen und Häuten um
2306 3805 3330 3854 10 Millionen, von Schlacht= und Zugvieh um 9 Millionen
2306 3843 3333 3885 Kronen auf. Der Import von Kolonialwaren, im Betrage
2309 3882 3330 3925 von 36 Millionen Kronen erfuhr eine Wertsteigerung um
2308 3923 3336 3963 7·7 Millionen Kronen bei einem gleichzeitigen Mengenrück⸗
2309 3954 3333 4006 gang um 13.130 Meterzentner, was auf vie wesentliche Er⸗
2315 3997 3334 4044 höhung der Kaffeepreise zurückzuführen ist. Der Getreide=Import
2306 4036 3328 4080 hat in den ersten fünf Monaten einen Rückgang um rund
2307 4070 3330 4117 35 Millionen Kronen aufzuweisen. Die Mehrzahl der
2308 4113 3335 4162 wichtigeren Industrieartikel gelangte in größeren Mengen zur
2309 4137 3332 4193 Einfuhr. Bei der Ausfuhr ist in erster Linie der bedeutende
2308 4188 3333 4234 Rückgang des Exportes von Schlacht= und Zugvieh um
2308 4228 3333 4272 21 Millionen Kronen zu erwähnen. Bemerkenswert ist ferner
2308 4267 3333 4311 die Abnahme der Zuckeransfuhr um 13 Millionen Kronen,
2309 4303 3332 4349 die aber nicht durch einen Rückgang der Exportmengen,
2308 4339 3332 4390 sondern durch das Sinken der Zuckerpreise zu erklären ist.
2308 4382 3335 4427 Nach den vom Handelsministerium veröffentlichten stattstischen
2310 4418 3335 4464 Ausweisen über den Zwischenhandel beziffert sich im
2309 4458 3333 4504 Monate Mai die Einfuhr aus Ungarn auf 93·4 Millionen
2307 4495 3334 4547 Kronen, die Ausfuhr nach Ungarn auf 121 Millionen
2308 4531 3334 4583 Kronen. Die provisorische Handelsbilanz für die ersten fünf
2308 4570 3336 4620 Monate ergibt somit für Oesterreich ein Aktivum von
2309 4608 3332 4663 124·5 Millionen Kronen, gegenüber einem, solchen von rund
2308 4649 3333 4697 97 Millionen Kronen in der gleichen Periode des Vorjahres.
2388 4710 3333 4756 [Rückgang der Eisenpreise.] Aus Düssel⸗
2313 4749 3334 4793 dorf wird uns telegraphiert: Auf dem deutschen Eisenmarkte
2312 4787 3333 4836 sind unter dem Einflusse der ungünstigen Marktverhältnisse
2311 4826 3333 4869 weitere Preisreduzierungen eingetreten. So wurde her Preis
2312 4862 3332 4942 für Flußstabeisen von 100 bis 105 Mark auf 98 bis 103
2315 4903 3333 4949 Mark reduziert und für Grobbleche von 122 bis 124 Mark
2312 4947 2823 4987 auf 120 bis 124 Mark gekürzt.
2388 4998 3336 5042 [Antrag auf Verlegung des Ultimo⸗
2311 5036 3334 5079 termins in Berlin.] Aus Berlin wird uns telegra⸗
2311 5077 3335 5122 phiert : Morgen vormittags wird die Stempelvereinigung zu
2312 5110 3332 5158 dem Antrag des Vereines für die Interessen der Fondsbörse,
2310 5151 3345 5208 detreffend die Verlegung der Ultimozahltage, Stellung nehmen
