3488 5349
193 117 327 151 Seite 4
756 118 1018 160 Wien, Samstag
1452 120 2028 161 Neue Freie Presse.
2491 127 2714 164 1. Juli 1911
3073 126 3258 167 Nr. 16830
374 194 960 235 Die Gründe des Rücktritts.
410 245 924 277 (Telegramm der „Neuen Freien Presse“.)
795 278 1144 316 Belgrad, 30. Juni.
236 319 1173 368 Das Kabinett Pasic, das heute dem König seine
151 364 1170 412 Demission überreichte, wurde am 24. Oktober 1909 auf
151 409 1170 457 Grund eines nach mehrmonatlichen Verhandlungen im
153 452 1169 501 Juli 1908 zwischen den beiden radikalen Parteien zu
150 494 1170 545 stande gekommenen Arbeitsprogramms gebildet. Bei den
152 537 1167 588 Ende Mai 1908 stattgefundeneu Wahlen hatten nämlich
151 583 1167 630 die Altradikalen nur eine schwache Majorität erringen
152 625 1170 676 können, weshalb sich das damalige homogene Kabinett
149 666 1169 720 Pasic zu seinem Rücktritt veranlaßt sah. Demselben folgte
149 712 1165 767 das erste radikale Koalitionskabinett Velimirovic,
149 755 1168 808 in welches vier Altradikale, Dr. Milovanovic als Minister
148 801 960 849 des Aeußern und vier Jungradikale eintraten.
228 840 1165 895 Die Durchführung des Arbeitsprogramms erlitt jedoch
148 888 1165 941 durch die Annexionskrise eine fast einjährige Vertagung.
150 927 1166 985 Inzwischen übernahm ein aus Mitgliedern aller Karteien
148 972 1164 1028 gebildetes Kabinett Novakovic die Regierung, doch
148 1013 1166 1070 trat es nach endgiltiger Beilegung der Annexionskrise
150 1060 1165 1113 alsbald wieder zurück. In den seither abgelaufenen
146 1102 1166 1160 Sessionen der Skupschtina wurde das erste radikale
147 1147 1166 1202 Arbeitsprogramm, wenn auch mit ziemlich großen
146 1189 1166 1248 Schwierigkeiten erledigt. Mittlerweile war jedoch die
146 1234 1165 1287 Koalitionsmüdigkeit innerhalb der
146 1278 1166 1334 beiden Parteien derart groß geworden, daß das
146 1322 1165 1377 Kabinett Pasic es den ganzen Winter hindurch unter¬
147 1366 1164 1423 lassen mußte, die im September 1910 freigewordenen
144 1408 1162 1468 Portefeuilles des Innern und des Kultus
142 1453 1164 1512 zu besetzen. Jeder diesbezügliche Versuch rief innerhalb der
145 1498 1163 1550 Koalition eine derartige Aufregung hervor, daß man es
145 1539 1162 1597 ratsam fand, die Schließung des Parlaments abzuwarten.
226 1583 1166 1637 Aber selbst während der in den letzten Wochen
143 1626 1168 1679 geführten Verhandlungen stieß man in der Frage der
144 1662 1169 1725 Rekonstruktion des Kabinetts auf sehr ernste Schwierig¬
144 1711 1162 1768 keiten. Da sich die Sommerferien immer mehr näherten,
143 1756 1164 1813 beschloß man schließlich, die beabsichtigte Ergänzung
141 1801 1164 1852 des Kabinetts durch Ernennung höherer Beamter zu
140 1844 1161 1898 Ministern durchzuführen. Die diesbezüglichen Kandidaten,
140 1888 1162 1941 und zwar der altradikale Sektionschef des Ministeriums
143 1925 1166 1983 des Innern Vujicic und der jungradikale Bibliothekar
140 1974 1164 2026 Tomic, hatten denn auch schon ihre prinzipielle Zu¬
142 2013 1165 2072 stimmung gegeben, und nur eine durch private Angelegen¬
142 2061 1163 2113 heiten des Ministers Pasic erforderlich gewordene kurze
139 2104 1163 2155 Auslandsreise verzögerte die definitive Erklärung der
141 2147 604 2197 beiden Ministerkandidaten.
220 2192 1161 2241 Nachdem Ministerpräsident Pasic vorgestern abends
137 2235 1160 2290 zurückgekehrt war, sollte gestern die Rekonstruktion des
141 2278 1160 2329 Kabinetts durchgeführt werden. Bevor es jedoch dazu kam,
139 2321 1160 2372 brach ein Konflikt zwischen den Ministern Protic und
138 2364 1162 2417 Prodanovic aus, und nach einem heute abgehaltenen
139 2408 1161 2465 mehrstündigen Ministerrat beschloß die Regierung, ihre
140 2443 1161 2504 Demission einzureichen, was auch nachmittags geschah.
223 2493 1163 2540 Der Rücktritt des Kabinetts Pasic erfolgt in einem
139 2535 1161 2589 sehr ungünstigen Augenblick. In wenigen Tagen, am
142 2579 1162 2628 12. Juli, ist der Geburtstag des Königs, nach welchem
142 2622 1162 2671 die politischen Ferien beginnen. König Peter will bereits
144 2664 1165 2714 am 15. Juli seinen Sommerséjour antreten. Man glaubt
139 2708 1162 2758 deshalb, daß der König, der eine vorzeitige Auflösung der
138 2750 1162 2807 Skupschtina — die Parlamentsperiode läuft erst im Herbst
141 2794 1161 2842 1912 ab — unbedingt zu vermeiden wünscht, seinen
141 2837 1161 2888 ganzen Einfluß aufwenden wird, um einen Verfall der
137 2880 1160 2929 Koalition hintanzuhalten. Da der gegenwärtige Zeitpunkt
137 2923 1158 2975 für eingehende Unterhandlungen ungünstig ist, dürste die
138 2967 1013 3016 Lösung der Krise bis zum Herbst vertagt werden.
220 3010 1160 3058 In Hofkreisen wird erklärt, daß zu diesem Zwecke zu¬
138 3054 1159 3104 nächst die Bildung eines Kabinetts Nikolic
135 3096 1155 3148 angestrebt werden wird, das sich darauf zu beschränken hätte,
138 3140 1159 3189 die laufenden Geschäfte bis zum Herbst fortzuführen, in
137 3183 1159 3233 welchem Zeitpunkte dann die eigentliche Aktion zur Ent¬
137 3226 1158 3276 wirrung der Krise unternommen werden würde. Indessen
139 3269 1159 3324 dürfte auch diese provisorische Lösung der Krise erst in
140 3313 1159 3367 einigen Tagen erfolgen, da sich Nikolic, der erst vor
138 3353 1155 3406 wenigen Tagen einen Todesfall in der Familie hatte,
139 3398 932 3451 gegenwärtig nicht in der Hauptstadt befindet.
215 3437 1157 3489 Staatsrat Andre Nikolic ist gegenwärtig Präsident der
136 3485 1158 3534 Skupschtina und war seinerzeit Gesandter in Paris und
138 3528 925 3578 vor sechs Jahren auch Minister des Innern.
308 3606 1009 3653 Der Konflikt Protic=Prodanovic.
393 3659 910 3692 (Telegramm der „Neuen Freien Presse“.)
217 3733 1159 3781 Der Konflikt zwischen dem altradikalen Finanzminister
135 3774 1159 3829 Protic und dem jungradikalen Handelsminister Pro¬
136 3818 1157 3869 danovic, der zum Rücktritte des Kabinetts Pasic
132 3859 1158 3916 führte, wurde dadurch hervorgerufen, daß, entgegen den
135 3907 1158 3959 Zusagen des Finanzministers gegenüber den französischen
136 3948 1158 4001 Darlehensgebern, der Handelsminister Prodanovic die
139 3994 1159 4045 Erhöhung des Emissionskurses sowie des Zinsfußes für
136 4031 1158 4087 die deponierten Summen der projektierten Anleihe der
137 4080 1158 4133 staatlichen Hypothekenbank forderte, welchem Verlangen
137 4127 552 4174 auch entsprochen wurde.
776 3688 1121 3730 Belgrad, 30. Juni.
217 4169 1158 4219 Finanzminister Protic zog aus diesem Verhalten
138 4212 1159 4264 seines Ministerkollegen die Konsequenzen, und da der
137 4255 1158 4307 Rücktritt Protic’ unvermeidlich den Zerfall der Regierung
137 4298 1157 4356 nach sich gezogen hätte, beschloß das Kabinett Pasic,
136 4346 586 4394 sogleich zu demissionieren.
178 4419 1112 4487 Das italienische Versicherungsmonopol in
496 4484 798 4537 der Kammer.
389 4552 907 4587 (Telegramm der „Neuen Freien Presse“.)
868 4590 1122 4624 Rom, 30. Juni.
207 4631 1145 4679 Die Kammer hat heute ihre unmutige Ungeduld über
133 4673 1148 4724 die nunmehr sechstägige Debatte über die Monopolvorlage
132 4717 1147 4767 an dem Berichterstatter der Minderheit so
135 4760 1152 4814 energisch ausgelassen, daß dieser eine Viertelstunde
131 4805 1149 4856 lang nicht zu Worte kam. Die Führer im
132 4849 1149 4898 Tumult waren die Sozialdemokraten. Die Gegner der
133 4891 1151 4942 Vorlage rächten sich, indem sie ihnen zuriefen: „Ihr seid
133 4935 1148 4986 nichts anderes als Volksbetrüger, ihr beutet die Dumm¬
129 4978 1143 5032 heit der kleinen Leute aus und lebt auf ihre
132 5020 1151 5073 Kosten!“ Die Sozialdemokraten erwiderten diese
131 5065 1148 5120 Apostrophe mit Schimpfworten. Der Vorsitzende
126 5109 1147 5167 und der Berichterstatter blickten sich verlegen an
1222 197 2238 246 und wußten sich nicht zu helfen. Der Lärm endete erst,
1222 241 2245 289 nachdem die Streitenden sich heiser geschrien hatten. Der
1221 283 2233 333 Berichterstatter der Minderheit legte dann in einer halb¬
1224 328 2236 376 stündigen Rede die Gründe dar, die er gegen die Vor¬
1226 372 2236 420 lage bereits in seinem Berichte vorgebracht hatte; die
1221 415 2233 463 Vorlage sei vom bürgerrechtlichen Standpunkte ungesetzlich
1222 458 2237 506 und bedrohe die Versicherten mit Verlusten. Die Kammer¬
1218 501 2234 551 mehrheit will morgen die Debatte um jeden Preis zu
1221 544 2059 595 Ende bringen und die Ubstimmung erzwingen.
1262 638 2190 704 Das Programm des Kabinetts Caillaux.
1218 708 2237 751 Das neue Kabinett vor Kammer und Senat.
1472 762 1988 795 (Telegramm der „Neuen Freien Presse“.)
1920 798 2202 834 Paris, 30. Juni.
1297 837 2232 892 Das Programm des neuen Ministeriums hat
1221 881 2230 929 einen guten Eindruck auf die Kammer gemacht.
1220 926 2230 974 Der wesentliche Teil desselben gilt der WahIreform.
1220 971 2233 1020 Die Anschauung der neuen Regierung ist in dieser Frage
1220 1015 2230 1063 identisch mit der Haltung des Kabinetts Monis. Das
1218 1059 2232 1109 Ministerium Caillaux steht auf dem Standpunkt des von
1217 1103 2231 1151 der Kommission ausgearbeiteten Entwurfes, dessen § 1
1217 1147 2230 1195 das Prinzip des Listenskrutiniums mit pro¬
1216 1191 2231 1239 portioneller Repräsentation proklamiert. Die Kammer hat
1215 1235 2230 1284 diesen grundlegenden Artikel angenommen; das Pro¬
1214 1279 2229 1329 porzsystem hat also im Prinzip die Billigung der
1215 1323 2228 1373 Kammer und des Ministeriums und wird auch zweifel¬
1215 1370 1737 1416 los jene des Senats erhalten.
1295 1413 2228 1462 Aber damit ist noch nicht die Schwierigkeit über¬
1215 1458 2228 1506 wunden, ein konkretes Gesetz zu schaffen, welches die Zu¬
1215 1499 2228 1557 stimmung aller republikanischen Parteien sinden kann
1214 1546 2226 1598 und den Besitzstand der heutigen Majorität nicht ge¬
1214 1581 2226 1639 fährdet. Caillaux hofft, durch Kompromisse zwischen
1213 1634 2227 1690 den Ansichten der proportionalistischen und nichtpropor¬
1214 1676 2227 1734 tionalistischen Wahlreformer ein Wahlgesetz schaffen zu
1214 1722 2227 1772 können, das von allen Republikanern als eine Verbesse¬
1212 1767 2227 1817 rung des gegenwärtigen mangelhaften Zustandes betrachtet
1213 1816 1437 1852 werden kann.
1291 1856 2229 1906 Großen Beifall fand das Versprechen der
1208 1901 2229 1949 ministeriellen Erklärung auf Abschaffung der
1211 1945 2229 1999 Abgrenzungspolitik im Champagnegebiet und
1210 1987 2228 2043 aller Maßregeln, welche „uns vielleicht unmerklich zur
1210 2030 2230 2080 Wiederherstellung der inneren Zollgrenzen führen würden“.
1288 2073 2227 2121 Besonders akklamiert wurde von der gesamten
1207 2116 2227 2165 republikanischen Partei mit Ausschluß einiger Progressisten
1208 2160 2228 2208 das Versprechen, die kirchenfreie Schule gegen die
1209 2203 2229 2251 unablässigen Angriffe ihrer Gegner zu verteidigen. „Es ist
1207 2239 2224 2295 hohe Zeit für die republikanische Partei,“ sagte Caillaux,
1207 2283 2228 2340 „auf eine Campagne zu antworten, welche keinen anderen
1209 2334 2227 2381 Zweck hat, als die republikanische Idee zu schwächen oder
1205 2377 1752 2424 zu hemmen.“ (Großer Beifall.)
1286 2420 2225 2468 Im Gegensatze dazu wurde die Stelle, wo der
1206 2462 2228 2511 Ministerpräsident die baldige Verwirklichung des vor dem
1207 2507 2227 2553 Senat schwebenden Einkommensteuergesetzes
1205 2549 1980 2596 zusagt, mit merklicher Kühle aufgenommen.
1289 2592 2225 2639 In der Frage der Wiederanstellung der
1208 2636 2224 2682 wegen des Streikes entlassenen Eisenbahnbedien¬
1210 2679 2221 2730 steten verspricht Caillaux die Vorlegung von Gesetzen,
1209 2725 2223 2772 durch welche die Eisenbahngesellschaften zu einer Revision
1210 2769 2224 2817 der von ihnen bereits getroffenen Entscheidungen über die
1211 2814 2223 2862 Entlassung von Beamten genötigt werden können. Diese
1208 2857 2221 2906 Entscheidungen sollen sich nach denselben Grundsätzen
1210 2898 2223 2951 richten, nach denen der Staat bei der Wiederanstellung
1207 2946 1853 2993 streikender Beamten vorgegangen ist.
1287 2991 2225 3040 Ferner stellt Caillaux die Revision der Kon¬
1211 3035 2224 3082 ventionen mit den Eisenbahngesell¬
1210 3079 2224 3128 schaften und Maßregeln zur Verstärkung der
1207 3124 2219 3170 Staatskontrolle über ihren Betrieb in Aussicht.
1211 3163 2224 3218 Das hat offenbar den Zweck, ein höheres Maß von Ge¬
1208 3212 2222 3261 fügigkeit der Eisenbahncompagnien gegenüber den Wün¬
1206 3256 2222 3307 schen des Ministers der öffentlichen Arbeiten wegen der
1211 3301 2021 3349 Wiederanstellung der Streikenden zu erlangen.
1286 3346 2216 3395 Caillaux schloß mit den Worten: „Eine Regierung,
1205 3391 2219 3439 die eine Politik sozialer Entwicklung mit der
1207 3434 2218 3483 Achtung vor der republikanischen Staatsordnung und vor
1206 3470 2219 3526 dem Gesetze verfolgt, das ist das Wesen unseres Pro¬
1209 3521 1877 3569 gramms. Meine Herren, richten Sie!“
1284 3565 2219 3614 Hierauf verlas der Kammerpräsident Brisson die
1206 3608 2073 3658 eingegangenen Interpellationen, 13 an der Zahl.
1285 3653 2221 3702 Ministerpräsident Caillaux verlangte die Ver¬
1204 3697 2219 3746 bindung aller Interpellationen mit jener
1205 3741 2217 3789 über die allgemeine Politik des Ministeriums
1204 3786 2216 3834 und die sofortige Verhandlung, womit die Kammer sich
1205 3831 1575 3875 einverstanden erklärte.
1283 3873 2220 3923 Es begann nun ein endloser Zug der Interpellations¬
1204 3916 2217 3965 redner über die Tribüne. Die Kammer beendigte aber die
1203 3961 2217 4008 Debatte trotzdem bereits heute. Das Ministerium Caillaux
1204 4005 2217 4052 erhielt eine Vertrauenstagesordnung mit
1202 4048 1637 4093 367 gegen 173 Stimmen.
1282 4091 2215 4141 Der Senat, in dem Justizminister Cruppi die
1204 4135 2215 4185 Regierungserklärung verlas, verhielt sich ziemlich
1200 4180 1461 4224 reserviert.
1332 4262 2101 4331 Die Verfassungskrise in England.
1454 4337 1972 4369 (Telegramm der „Neuen Freien Presse“.)
1871 4374 2190 4410 London, 30. Juni.
1284 4414 2218 4461 Das Vorgehen der Lords, die durch ihre Amende¬
1204 4457 2217 4504 ments die Betobill bis zur Unkenntlichkeit veränderten,
1203 4500 2219 4548 hat bei beiden Parteien die äußerste Ratlosig¬
1203 4544 2213 4592 keit erzeugt. Man versteht einfach die Situation nicht,
1203 4584 2218 4636 niemand glaubt mehr, daß die Lords nur ein Schein¬
1203 4632 2216 4679 gefecht führen und im letzten Moment umfallen, das
1202 4674 2214 4723 heißt, auf ihre Amendements verzichten werden. Man
1201 4717 1978 4766 hat die Wahl nur zwischen zwei Annahmen.
1282 4763 2215 4811 Entweder die Lords wollen es darauf ankommen
1201 4806 2215 4855 lassen, daß die Krone einige 400 oder 500 liberale Peers
1202 4851 2215 4907 ernennt, oder die Lords wissen, daß die Krone diesen
1201 4894 2218 4942 Massenpeersschub nicht bewilligen wird, was die Demission
1202 4936 2217 4985 der Regierung und Neuwahlen bedeuten würde. Aber
1201 4981 2215 5030 selbst Konservative zweifeln, daß die Krone sich zu
1201 5023 2215 5073 dem nicht unbedenklichen Schritt entschließen würde, durch
1202 5069 2217 5119 ihre Verweigerung des Peersschubes, aus der sich die Not¬
1201 5113 2217 5159 wendigkeit von Neuwahlen ergeben würde, zu erkennen
2278 202 3293 254 zu geben, daß sie die bereits zweimal erfolgte Willens¬
2280 246 3294 297 äußerung der Wählerschaft in der Vetofrage
2281 290 2787 338 als nicht ausreichend ansieht.
2359 334 3294 383 Andererseits sprechen gerade Radikale die Ver¬
2280 378 3294 427 mutung aus, daß der intime persönliche Verkehr zwischen
2281 422 3296 471 Krone und Lords, wie ihn die Krönungsfestlichkeiten be¬
2282 465 3297 516 günstigt haben, die konservativen Tendenzen
2277 508 2905 558 des Hofes bedeutend verstärkt habe.
2552 562 3029 609 Ein Entwirrungsplan.
2357 610 3299 659 Von beachtenswerter Seite geht Ihrem Korrespondenten
2279 653 3311 703 folgende Erklärung der Lage zu: Die Lords und die Re¬
2276 698 3310 747 gierung wissen bereits, daß die Krone den Massenpeers¬
2276 741 3296 796 schub von 500 neuen Lords, der eine liberale Mehrheit
2278 784 3298 831 im Oberhaus schaffen würde, nicht bewilligen
2275 829 3312 883 wird, wohl aber wird die Krone eventuell so viel Peers
2279 871 3296 920 ernennen, als nach den Abstimmungsresultaten der letzten
2276 915 3311 969 Tage erforderlich sein würden, um die Vetobill im Haus
2273 952 3311 1006 der Lords durchzubringen. Unter der Voraussetzung natür¬
2277 1000 3296 1049 lich, daß die konservativen Lords nicht zahlreicher
2271 1043 3296 1090 zur Abstimmung kommen als bisher. Man hat
2276 1086 3297 1136 sich eine Art stillschweigendes Abkommen zu
2270 1130 3293 1178 denken. Die Lords wissen, daß auf keinen Fall der Massen¬
2272 1173 3288 1225 peersschub erfolgen und ein liberales Oberhaus geschaffen
2272 1215 3288 1274 werden wird. Sie können daher ungefährdet unentwegte
2270 1260 3290 1309 Opposition treiben. Dafür aber werden sie nur so
2275 1303 3295 1355 stark zu den Abstimmungen kommen, daß
2272 1348 3286 1398 ein Peersschub von 120 bis 150 genügen wird, um die
2276 1392 3292 1441 Vetobill passieren zu lassen. Selbst 120 bis 150 neue
2272 1434 3289 1484 liberale Peers könnten die konservative Mehrheit des
2269 1477 3294 1525 Oberhauses nicht umstoßen. Die Vetobill können
2271 1521 3293 1569 die Lords nicht mehr aufhalten. Aber die
2269 1563 3289 1611 geschilderte Taktik würde es ihnen ermöglichen, die kon¬
2270 1604 3292 1655 servative Mehrheit ihrer Kammer zu retten und
2273 1647 3293 1697 doch die Vetobill nicht akzeptieren zu müssen. Sie würden
2271 1691 3292 1748 dadurch in der Lage sein, die Homerule=Vorlage, die für
2272 1732 3293 1787 1912 erwartet wird, dreimal ablehnen und ihr Gesetz¬
2272 1780 3282 1831 werden bis 1914 verhindern zu können, mit der Chance,
2271 1821 3291 1875 daß zwischen jetzt und 1914 die liberale Regierung gestürzt
2274 1865 3289 1917 wird. Wird aber durch einen Massenpeersschub von 500
2269 1910 3293 1960 das Oberhaus liberal gemacht, dann könnte eine Homerule
2272 1952 2779 2000 Vorlage sofort Gesetz werden.
2449 2038 3109 2104 Der Dank König Georgs V.
2936 2113 3256 2149 London, 30. Juni.
2353 2149 3289 2199 Der König hat an sein Volk ein Schreiben
2268 2191 3288 2244 gerichtet, worin er für die Sympathiekundgebungen und
2266 2235 3287 2288 Willkommgrüße herzlich dankt, die ihm aus allen Teilen
2265 2278 3287 2332 des Reiches zugekommen seien und die ihn mit Ver¬
2265 2323 3042 2372 trauen und Zuversicht erfüllen.
2350 2366 3289 2419 Das Schreiben schließt mit den Worten: Welche Ver¬
2264 2408 3288 2461 wicklungen und Schwierigkeiten vor mir und meinem Volke
2264 2452 3287 2503 liegen mögen, wir werden uns standhaft und ruhig ver¬
2265 2494 3286 2549 einigen in dem Vertrauen, daß unter göttlicher Führung
2264 2536 3055 2587 das schließliche Ergebnis ein gutes sein wird.
2357 2626 3199 2690 Die Konzessionen der Türkei an die
2657 2688 2897 2750 Albanesen.
2334 2755 3221 2807 Die Auffassung in Wiener diplomatischen
2685 2802 2850 2846 Kreisen.
2959 2850 3247 2887 Wien, 30. Juni.
2347 2884 3289 2938 In hiesigen diplomatischen Kreisen glaubt man auf
2272 2927 3287 2980 Grund der aus Konstantinopel eingelangten Nachrichten
2268 2972 3286 3023 zu der Annahme berechtigt zu sein, daß die türkische Re¬
2271 3016 3286 3067 gierung nunmehr allen Ernstes daran geht, die Wünsche
2269 3058 3284 3111 der Albanesen zu befriedigen und damit den
2267 3101 2638 3149 Aufstand zu beenden.
2348 3143 3284 3199 Die Pforte hat an die politischen und militärischen
2270 3186 3286 3243 Chefs von Skutari und an den Gesandten in Cettinje
2269 3232 3286 3286 neue Weisungen erlassen, die in sehr versöhnlichem
2270 3275 3286 3329 Geiste gehalten sind und jedenfalls geeignet scheinen,
2266 3321 3279 3373 die Grundlage für die demnächst wieder aufzunehmenden
2270 3364 3284 3418 Verhandlungen zwischen den türkischen Bevollmächtigten
2269 3402 3284 3459 und den Delegierten der im Aufstand befindlichen Stämme
2268 3450 2432 3495 zu bilden.
2348 3494 3284 3547 Die Konzessionen, welche die Pforte den Albanesen
2270 3538 3284 3591 gewähren will, bestehen in einer Erleichterung der
2268 3581 3285 3634 Abgabenpflicht, indem die sogenannte Schaf¬
2268 3623 3283 3678 steuer fallen gelassen wird und in anderen Abgaben ge¬
2268 3668 3283 3725 wisse Erleichterungen eintreten sollen. Weiter wird den
2267 3712 3283 3764 Albanesen im Prinzip das Recht zugestanden, in der
2265 3756 3283 3802 Heimat ihren Militärdienst ableisten zu dürfen,
2267 3795 3282 3851 eine Begünstigung, die jedoch bei Eintritt besonderer Ver¬
2265 3842 3282 3894 hältnisse, die eine militärische Konzentration an anderen
2265 3886 2915 3935 Punkten des Reiches bedingt, erlischt.
2346 3931 3282 3986 In der Frage der Ablieferung der Waffen
2265 3972 3281 4024 hat die Pforte ihren anfänglich durchaus ablehnenden
2265 4017 3280 4070 Standpunkt nun doch verlassen und einen Mittelweg ein¬
2267 4060 3281 4113 geschlagen, indem sie jenen Leuten, die ihres Berufes
2264 4103 3281 4156 wegen oder zur eigenen Sicherheit in gewissen Teilen
2264 4147 3276 4202 Albaniens der Waffen bedürfen, das Recht einräumt,
2264 4190 3280 4244 Waffen zu tragen; doch dürfen Skutari und einige andere
2266 4235 3280 4286 noch näher zu bezeichnende Orte nur unbewaffnet betreten
2265 4278 2389 4314 werden.
2339 4320 3276 4375 Bei einiger liberaler Interpretierung dieser Begünsti¬
2264 4364 3277 4417 gungen in der Praxis werden sich die Albanesen mit
2263 4409 3276 4461 dieser Erledigung der sie in erster Linie berührenden
2263 4453 3275 4507 Frage gewiß bescheiden. Weitere Begünstigungen sind in
2263 4497 3277 4550 dem Schulwesen und in der Verwaltung in
2262 4541 3278 4593 Aussicht genommen; vor allem wird der Wunsch der
2260 4585 3277 4635 Albanesen, die Beamtenschaft aus dem Lande
2263 4630 3278 4683 selbst zu nehmen, soweit es die Personalverhältnisse ge¬
2262 4674 3277 4729 statten, erfüllt werden. Voraussetzung ist jedoch eine
2262 4718 3277 4771 Hebung des Bildungs= und Kulturniveaus des Landes,
2263 4762 3277 4813 zu welchem Zwecke die Pforte größere Investitionen in
2263 4807 2738 4853 Albanien durchführen will.
2341 4851 3277 4905 Dieses von der Regierung ausgearbeitete Programm
2262 4895 3277 4945 der den Albanesen zu gewährenden Konzessionen wird
2262 4939 3277 4990 nunmehr durch die demnächst wieder aufzunehmenden
2260 4984 3274 5034 Verhandlungen mit den Albanesenführern an Ort und
2262 5028 3277 5081 Stelle im Detail ausgearbeitet und dann der Regierung
2259 5072 3275 5124 zur Begutachtung vorgelegt werden. Eine Reihe
2260 5113 3282 5168 von Begünstigungen soll sofort nach Zustimmung der
