3168 4834
334 113 716 152 Seite 36. Nr. 148.
1395 110 1930 163 Innsbrucker Nachrichten
2489 124 2990 178 Samstag den 1. Juli 1911.
524 561 2799 673 Vorzügl. Kapitalsanlagen
706 689 2611 752 4% ige Pfandbriefe der tirolischen Landes-Hypotheken-Anstalt.
599 752 2720 799 Dieselben werden in Stücken zu 100, 200, 1000, 2000 und 10.000 K ausgegeben und haftet für deren abzugsfreie Verzinsung
599 788 2719 833 und seinerzeitige volle Rückzahlung dieser statutenmäßig nur über bücherlich erworbene Hypotheken ausgestellten Pfand¬
600 822 2719 869 briefe das gesamte Vermögen der Anstalt und überdies noch das Land Tirol. Pupillarsicher und rentensteuerfrei.
988 877 2332 936 4 %ige Pfandbriefe der Sparkasse Innsbruck
598 935 2719 982 pupillarsicher, Zinstermin: Februar-August, in Stücken zu K 100.—, K 1000.—, K 2000.—, K 10.000.—, bei uns genau zum
1139 975 2177 1015 selben Kurse wie bei der Sparkasse erhältlich.
669 1025 2645 1087 4%ige Kronen-Pfandbriefe der österr. Central-Boden-Credit-Bank.
598 1087 2719 1133 Für die pünktliche Verzinsung und Rückzahlung der Pfandbriefe haftet außer der hypothekarischen Unterlage das ganze
1200 1127 2114 1165 bewegliche und unbewegliche Vermögen der Anstalt.
598 1157 2717 1205 Die Pfandbriefe der Central-Boden-Credit-Bank können gesetzlich zur fruchtbringenden Anlegung von Pupillen-, Stiftungs-
892 1196 2425 1239 und Depositengeldern, sowie zu Dienst- und Militär-Heiratskautionen verwendet werden.
598 1228 2718 1275 Die von den Kupons obiger Pfandbriefe zu entrichtende Rentensteuer wird den Pfandbriefbesitzern nicht in Abzug gebracht,
1318 1268 1998 1306 sondern seitens der Bank selbst gezahlt.
649 1320 2662 1381 Emissionen der Ungarischen Agrar- u. Rentenbank Akt.-Gesellsch.
595 1380 2717 1444 4%ige Eisenbahn-Renten-Obligationen laut ungarischen Gesetzen steuer- und gebührenfrei und
596 1429 2715 1478 kautionsfähig, zu Militär-Heiratskautionen in beiden Staaten der Monarchie verwendbar, bei Anstalten der Österreichisch¬
1272 1473 2717 1515 ungarischen Bank zur Belehnung zugelassen. 1579—12—9
596 1504 2715 1569 4½%ige Pfandbriefe mit vierteljähr. Kupons, rückzahlbar im Verlosungswege binnen 50 Jahren im vollen
666 1558 2642 1603 Nominalbetrage; die Pfandbriefe und deren Zinsenkupons genießen jetzt und für die Zukunft volle Steuerfreiheit.
594 1593 2716 1640 Die Pfandbriefe sind laut Gesetzen als pupillarsicher und kautionsfähig anerkannt, weiters zu Militär-Heiratskautionen
594 1622 2715 1675 in beiden Staaten der Monarchie verwendbar, bei Anstalten der Österreichisch-ungarischen Bank zur Belehnung zugelassen.
594 1683 2714 1747 4½%ige Rentenscheine emittirt auf Grund von statutengemäß erworbenen Forderungen und Werte; die
595 1736 2714 1786 Einlösung der vierteljährigen Zinsenkupons erfolgt im Sinne des Ges.-Art. XXII v. J. 1875 § 6 ohne Abzug der Kapital¬
595 1772 2713 1819 zinsen- und Rentensteuer, die Rentenscheine sind laut Erlaß des kgl. ung. Finanzministers von Stempelgebühren befreit.
594 1806 2712 1861 Die Einlösung der zur Rückzahlung gelangenden Rentenscheine mit 102 % des Nominalbetrages ohne jeden Abzug.
593 1836 2715 1889 Die Rentenscheine sind laut speziellen Ministerialerlässen in sämtlichen Verwaltungszweigen als Geschäftskautionen und
824 1875 2480 1923 Vadien annehmbar, bei Anstalten der Österreichisch-ungarischen Rank zur Belehnung zugelassen.
347 1942 2959 2005 Vorstehende Wertpapiere sind zu günstigsten Kursen frei von Provision und Spesen erhältlich bei der
349 2028 2960 2180 Bank für Tirol und Vorarlberg
349 2192 2959 2294 Erlerstrasse 9 INNSBRUCK Erlerstrasse 9
503 2312 2790 2372 Zweigniederlassungen: Bludenz. Bozen, Bregenz, Bruneck, Dornbirn, Feldkirch, Kufstein, Meran,
493 2547 783 2602 15. Saison
1062 2550 2237 2610 In Innsbruck im nenrenovierten Saale des
2522 2557 2815 2612 15. Saison
765 2632 2541 2730 Hotel zum „Granen Bären“ heute und täglich
497 2750 2789 2960 Grosse Fremden-Konzerte
378 2979 1173 3044 der Tiroler Nationalsänger- und
377 3059 1173 3125 Schuhplattltänzer-Gesellschaft
886 3144 1147 3203 Anfang 8¼ Uhr.
1308 2977 2216 3145 Franz Ringler
2259 2981 2917 3045 aus Sillian im Pustertal.
2254 3043 2922 3096 Aeltestes Konzertunternehmen
2458 3091 2723 3141 Innsbrucks.
1927 3149 2410 3197 Eintritt 1 Krone.
375 3223 3024 3295 NB. Eintrittskarten im Vorverkauf á 80 Heller sind in dem Tabak=Spezialitäten=Verschleiß Ferd. Neßler, Maria Theresien¬
375 3261 3024 3335 straße Nr. 2, sowie in den Tabak=Trafiken M. Kleinschmid, Museumstraße Nr. 3, J. Prem, Maria. Theresienstraße Nr. 49 und L.
451 3330 3014 3388 Petrowitsch, neben der Triumphpforte während der ganzen Saison hindurch erhältlich. — Dutzendkarten für Einheimische
1177 3388 2843 3439 à 6 Kronen an der Abendkasse erhältlich. 640
429 3538 1551 3603 Ein gutgehendes, besteingerichtetes, sehr rentables
2123 3650 2900 3702 Provisionsvertreter
521 3634 1845 3812 Malchinen=Geschäft
266 3838 2091 3907 wird in einer großen Stadt Vorarlbergs wegen Todesfall verpachtet oder ver¬
268 3901 2092 3969 kauft. Reflektanten wollen sich schriftlich unter „Nr. 126“ an die Verwaltung
267 3964 2091 4032 ds. Bl. wenden. 13301—4s1
311 4040 1165 4100 Gesucht für größeres Kontor mit viel¬
267 4095 862 4143 seitiger Ausbildungsgelegenheit ein
455 4160 974 4281 Praktikant
266 4291 1162 4343 mit guter Volksschulbildung, gesund, intelligent und
266 4335 1161 4386 anstellig, durchaus ehrlich und treu, zu baldigstem
267 4379 1160 4428 Eintritt. Angebote unter „L. V. 300“ an Pirch¬
265 4422 1160 4471 ners Ann.=Burean P3336
1452 4077 1850 4165 Unstreitig
1272 4172 2010 4219 die billigste Einkaufsquelle in den neuesten
1189 4223 2093 4292 — Sommer=Kostümen —
1191 4296 2091 4345 bei A. Walchenstein, Konfektionsgeschäft, nur
1189 4341 2090 4389 Leopoldstraße Nr. 7 (ober der Triumphpforte).
1191 4385 2089 4433 Trauer= und Maß=Kostüme werden schnell und ge¬
1453 4431 2090 4477 wissenhaft ausgeführt. P3343
2123 3723 3019 3769 der ganz Tirol und auch in den kleinsten Orten
2123 3767 3018 3813 Gemischtwaren=, Galanterie=, Lebensmittel= und
2122 3811 3020 3858 Schuhwarenhändler besucht, wird zur Mitnahme von
2122 3855 3018 3906 Volksbund=Schuhcreme und Lederfett, sowie mehrere
2122 3900 3018 3950 andere epochemachende Artikel gesucht. Anträge mit
2123 3941 3018 3992 Angabe der bisherigen Tätigkeit unter „R. S.
2121 3988 3017 4039 4070“ an Haasenstein und Vogler, A.=G., Inns¬
2121 4023 3018 4076 bruck. J4070=2s2
2338 4125 2792 4241 Kalsdorfer
2120 4257 3016 4307 natürlicher, alkalisch=muriatischer Sauerbrunnen, von
2120 4301 3016 4350 hervorragenden Professoren bestens empfohlen, speziell
2119 4346 3015 4394 für Nieren= und Leberleiden. Schwärzt den Wein
2119 4390 3014 4440 nicht. Hauptniederlage: Innsbruck, Schulstraße 7,
2118 4431 3012 4483 Wilten. Vertreter: Heinrich Hierner. P3341
