2746 3589
599 277 952 319 Seite 4. Nr. 4130.
1343 258 1857 310 Illustrierte Kronen=Zeitung.
2320 243 2578 290 1. Juli 1911.
398 377 1307 466 Minister=Präsident Freiherr v. Gautsch.
516 2277 1288 2333 (Nach einer Aufnahme aus den letzten Tagen.)
191 2417 543 2498 Auskünfte.
181 2506 579 2571 J. W. T., Malaczka.
184 2562 581 2608 Hier ein Rezept für
185 2599 581 2645 Nußschnaps: In eine 3
186 2634 581 2681 Liter fassende Flasche
185 2672 581 2718 füllt man 2 Liter echten
187 2709 584 2747 Kornbranntweins und
187 2745 585 2788 gibt ungefähr 40 Stück in
188 2780 584 2825 Vierteln geschnittene
189 2816 585 2862 Nüsse, von einer Orange
189 2851 586 2897 die feinen Schalen, unge¬
189 2888 587 2935 fähr 8 Stück Gewürz¬
191 2925 590 2969 nelken und einige Stück¬
190 2960 589 3006 chen Zimmt dazu. Man
192 2997 591 3044 läßt die Flasche durch
193 3034 592 3077 acht Wochen an einem
194 3069 594 3115 sonnigen Orte stehen,
194 3107 596 3151 seiht dann den Brannt¬
194 3144 596 3186 wein ab, läßt darin ein
194 3180 598 3223 Kilo Zucker auflösen und
196 3217 599 3260 stellt die Flasche mit dem
196 3255 600 3296 Branntwein nochmals 8
198 3289 601 3332 bis 14 Tage in die
200 3326 603 3370 Sonne. Dann filtriert
199 3363 603 3405 man den Branntwein,
199 3399 604 3444 füllt ihn in Flaschen,
203 3435 609 3479 verkorkt diese gut und be¬
204 3472 593 3514 wahrt sie Keller auf.
949 2393 1279 2449 Eingesendet.
611 2448 1622 2542 Es schluchzt die Nachtigall im Hag
733 2524 1623 2594 und der Abend ist schön. Die kühle Abendluft aber
734 2560 1624 2618 birgt bei alledem umsomehr die Gefahr einer Erkältung,
739 2597 1626 2653 weil man an milden Abenden sich nicht ausreichend
735 2629 1626 2698 vorsieht. Lassen Sie, wenn Sie zu Erkältungen neigen,
733 2661 1620 2729 ab und zu eine Sodener Mineral=Pastille (Fays echte)
735 2697 1628 2758 im Wunde zergehen. Die Pastillen sind angenehm und
734 2732 1627 2805 erfrischend, und sie schützen die Schleimhäute der Luft¬
731 2772 1628 2832 wege gegen die schädlichen Einwirkungen der Nachtluft.
730 2804 1534 2868 Preis K 1.25 pro Schachtel, überall erhältlich.
619 2852 1629 2911 Generalvepräsentanz für Oesterreich=Ungarn: W. Th. Guntzert,
653 2889 1592 2946 k. u. k. Hoflieferant, Wien, IV/1, Große Neugasse 17.
722 2981 1530 3045 Neuerliche Wahlerzesse. in Galizien.
885 3045 1364 3095 200 Personen verwundet?
699 3090 1637 3153 Im ostgalizischen Bezirke Kalusz=Wojnilow=Nad¬
623 3135 1637 3198 worno, den bisher die Ukrainer Romanczuk und
623 3176 1638 3243 Dr. Lahodynski vertraten, sind die Wahlen noch
626 3220 1640 3287 immer nicht beendet und erst am 3. d. soll der entscheidende
628 3265 1642 3331 Wahlgang stattfinden. Unter der Wählerschaft
629 3309 1642 3374 herrscht eine außerordentliche Erregung und
627 3354 1643 3418 es soll bereits zu blutigen Krawallen gekommen
631 3397 1645 3459 sein, bei denen etwa 200 Personen verwun¬
619 3444 1445 3502 det und einige sogar getötet wurden.
1701 314 2623 371 Ein Telegramm aus Lemberg meldete zunächst
1611 367 1778 406 Folgendes:
1702 385 2624 441 In mehreren Nachbargemeinden von Kalusz sind
1610 421 2625 479 Bauernunruhen entstanden. Aus Stryj wurde Mili¬
1612 457 2627 513 tär und Gendarmerie requiriert, da die Bauern
1613 493 2626 550 Häuser in Brand steckten, Brücken zerstörten,
1615 528 2625 585 Telegraphenstangen umwarfen und Eisen¬
1614 564 2628 621 bahnschienen beschädigten. Es soll zu einem Zu¬
1615 600 2629 658 sammenstoß zwischen Bauern und Militär ge¬
1616 635 2628 693 kommen sein, wobei angeblich mehr als 200 Per¬
1617 670 2629 727 sonen verwundet und einige auch getötet
1617 723 1907 764 worden sein sollen
1704 741 2632 797 Spätere Meldungen bestätigen, daß von Seite der Bauern
1620 776 2631 834 Gewalttätigkeiten vorgekommen seien und daß sich
1622 812 2633 870 daher der Bezirkshauptmann von Kalusz zwecks persön¬
1622 847 2634 906 licher Ueberwachung in die Landgemeinden begeben habe, doch
1623 885 2536 942 sei von Gewalttätigkeiten vorläufig noch nichts bekannt.
1755 959 2502 1043 Die Landesumlagen in Böhmen.
1702 1034 2636 1095 Da durch die Lahmlegung des böhmischen Land¬
1623 1079 2638 1140 tages infolge der Obstruktion der Deutschen die Steuer¬
1624 1122 2639 1185 ausschreibung nicht im gesetzmäßigen Wege erfolgen kann,
1624 1166 2639 1227 hat der Landesausschuß vom Kaiser die Erlaub¬
1626 1207 2640 1273 nis erhalten, die Steuer so wie bisher einheben zu dürfen.
1627 1262 2254 1315 Amtlich wird hierüber verlautbart:
1723 1305 2646 1361 Prag, 30. Juni. Der Kaiser hat dem Beschluß des
1629 1341 2646 1398 Landesausschusses des Königreiches Böhmen vom 21. Juni,
1632 1377 2647 1434 betreffend die provisorische Forteinhebung der Landes¬
1632 1412 2647 1470 zuschläge zu den direkten landesfürstlichen Steuern mit
1634 1448 2649 1505 Ausnahme der Personaleinkommensteuer für die Zeit vom
1637 1483 2651 1541 1. Juli bis 31. Dezember 1911 die Allerhöchste Genehmigung
1636 1518 2652 1576 mit der Einschränkung erteilt, daß diese Zuschläge während des
1636 1555 2649 1613 bezeichneten Zeitraumes nur im bisherigen Aus¬
1644 1593 2467 1648 maße von 55 Prozent eingehoben werden dürfen.
1904 1667 2399 1746 Der „fliegende Tod“.
1730 1742 2501 1800 Wieder ein Todessturz eines Aviatikers.
1720 1793 2660 1855 Die schwarze Liste des „fliegenden Todes“ wird von
1644 1839 2662 1900 Woche zu Woche länger und fast könnte man schon wie
1645 1883 2663 1945 im Kriege in gewissen Zeitabschnitten eine Namensliste
1648 1927 2661 1990 der im Kampfe um die Eroberung der Lust „Gefallenen“
1648 1990 1902 2035 veröffentlichen.
1728 2017 2665 2076 Diesmal ereilte der „fliegende Tod" wieder einen
1651 2063 2666 2126 französischen Offizier. Auf dem Flugfelde von Chalons¬
1653 2109 2667 2170 sur=Marne unternahm Donnerstag der Leutnant
1651 2152 2666 2215 Trochon seinen ersten Aufstieg. Er stürzte und
1653 2197 2669 2261 zog sich so schwere Verletzungen zu, daß er bald
1655 2262 1910 2306 darauf starb.
1939 2292 2385 2340 Beim ersten Flugversuch.
1748 2338 2667 2393 Leutnant Trochon vom dritten Kolonialartillerieregi¬
1658 2375 2669 2433 ment verließ erst vor einem Monat Toulon und wurde als
1659 2412 2670 2469 Aviatiker der Schule von Mourmelon zugeteilt, wo er auf
1658 2451 2509 2507 einem Farmanzweidecker seine Lehrzeit durchmachte.
1751 2485 2672 2541 Donnerstag lenkte er zum erstenmal den Zwei¬
1662 2520 2673 2578 decker allein. Er flog in geringer Höhe und zeigte sich ganz
1662 2557 2674 2618 geschickt in der Handhabung des Apparates. Als er aber im
1664 2592 2675 2654 Gleitfluge landen wollte, bemerkten Offiziere, die ihm zu¬
1664 2623 2678 2691 sahen, zu ihrem Schrecken, daß der Pilot den Motor noch
1665 2666 2676 2728 nicht abgestellt hatte, trotzdem das Flugzeug bereits
1670 2703 2678 2761 1½ Meter über dem Boden schwebte. Sie riefen Trochon zu,
1669 2739 2678 2801 dieser beugte sich rasch nach vorne, stellte die Zündung ab,
1668 2777 2676 2837 setzte aber in der Verwirrung gleichzeitig das Höhen¬
1670 2812 2679 2872 steuer in Bewegung und im nächsten Augenblick zer¬
1671 2849 2683 2911 schellte schon das Flugzeug auf der Erde, indem es sich
1670 2884 2682 2947 überschlug und mit dem Vorderteile, das vollständig in Trüm¬
1673 2941 1977 2982 mer ging, aufstieß.
1756 2958 2684 3017 Der junge Offizier erlitt einen Schädelbruch und wurde
1674 2995 2684 3055 von dem Flugfelde in das Garnisonsspital von Chalon ge¬
1675 3032 2685 3091 bracht, wo er, ohne das Bewußtsein erlangt zu haben, starb.
1676 3080 2205 3129 Trochon war erst 24 Jahre alt.
2104 3107 2276 3147 * * *
1857 3155 2514 3209 Von München nach Berlin.
1773 3203 2691 3260 Eine Flugleistung, wie sie in Deutschland bisher noch
1680 3240 2692 3301 nicht vollbracht worden ist, hat der Oberingenieur Hirth aus
1679 3276 2695 3338 München auf seinem Rumpler=Eindecker ausgeführt. Er war
1682 3312 2695 3372 Donnerstag um halb 7 Uhr mit einem Passagier in
1683 3345 2698 3411 München aufgestiegen und kurz vor halb 9 Uhr in Nürn¬
1682 3384 2742 3446 berg gelandet. Gestern in früher Morgenstunde setzte er den
1685 3423 2698 3485 Flug fort und landete nach kurzer Zwischenlandung in Leip=
