1536 2288
725 0 820 23 1336
97 49 1442 109 die Vorübergehenden beſchädigt werden könnten. Ebenſo iſt das Ausſchütteln von
96 97 1442 160 Staub⸗ und Abwiſchtüchern, Teppichen u. dgl. verboten. Auch darf an Straßen
96 144 1440 208 vor Fenſtern, Erkern und dergleichen Etwas ausgeſtellt oder ausgehängt werden,
95 193 1441 253 ohne es vorher vor dem Herabfallen hinreichend zu ſichern. Schilder, Tafeln
95 240 1440 299 und andere Gewerbszeichen dürfen nur flach an der Mauer oder auf den Gewölbs⸗
95 288 1439 347 thüren, nicht aber in der Art angebracht werden, daß ſie in die Straße hinaus⸗
93 335 1440 396 ragen, wodurch leicht die körperliche Sicherheit gefährdet und die Paſſage beirrt
94 382 1440 443 werden kann. Lampen und Laternen dürfen vor den Gewölben nur in einer Höhe
94 429 1441 491 von mindeſtens 7 Fuß über dem Erdboden angebracht und müſſen ſo befeſtigt
92 476 1438 539 werden, daß keine Gefahr des Herabfallens und der Beſchädigung der Paſſanten
93 523 1439 585 entſteht. Die Flügel der gegen die Straße ſich öffnenden Gewölbethüren, ſowie
91 572 1439 633 die Fenſterläden in den Erdgeſchoſſen der Häuſer ſind dergeſtalt an der Wand zu
92 620 1437 681 befeſtigen, daß ſie nicht vom Winde hin und her getrieben werden können; auch dürfen
91 667 1435 727 die hierzu etwa verwendeten Haken nicht ſo angebracht ſein, daß ſich die Vorüber⸗
90 715 1300 773 gehenden daran beſchädigen können. (Verdient allerwärts Nachahmung!)
173 763 1436 823 Am 29. Juni ſind abermals 10 däniſche Kriegsgefangene, da dieſe Schleswiger
92 809 1435 868 ſind, von Wien in ihre Heimath abgegangen. Ein Oberlieutenant vom k. k.
91 857 1435 917 Platzkommando begleitete die aus der Gefangenſchaft Entlaſſenen bis auf den
91 904 367 948 Nordbahnhof. —
172 951 1434 1012 Die Spitze des Stephansdomes zu Wien hat ihre eigene Geſchichte.
91 998 1435 1058 Die erſte Spitze des Stephansdomes war ein Thurmknopf (1433); bei dem erſten
90 1046 1436 1108 Reparationsbau (1514) wurde vom Steinmetz Gregor Hauſer und ſeinem Bruder
89 1094 1433 1155 dem kaiſerlicher Jäger Leonhard Hauſer die gewagte Aufgabe unternommen, den
90 1142 1432 1202 Gipfel des Thurmes in kleine Stücke zu zerſtemmen und die durch einen Blitzſchlag
88 1188 1432 1251 gekrümmte Eiſenſtange des oberen Theiles wieder gerade zu biegen, was durch ein
89 1238 1430 1298 fortwährend unterhaltendes Kohlenfeuer nach langer Zeit gelang. In der erſten
87 1284 1431 1344 türkiſchen Belagerung (1529) litt die hohe Spitze des Thurmes durch die feindlichen
86 1331 1430 1391 Kugeln bedeutend, ein Erdbeben (1590) beugte noch mehr den oberen Theil und
88 1378 1428 1439 ſo geſchah abermals ein Reparationsbau, bei welchem der ſteinerne Knopf beſeitigt,
85 1425 1430 1486 und ein kupferner (36 Eimer faſſend) mit Halbmond und Stern hinaufgeſetzt
85 1472 1429 1534 wurde. Nach abermaliger Beſchädigung bei der zweiten türkiſchen Belagerung
85 1521 1428 1581 (1683) ließ Kaiſer Leopold I. ſtatt des Halbmondes ein Kreuz auf den Thurm
83 1568 1427 1629 ſetzen, welche Rieſenarbeit der gewandt Ziegeldecker Reſſytko aus Troppau unter⸗
84 1617 1428 1677 nahm. Der von ihm dazu verwendete Kletterapparat koſtete 11 fl.! Er erhielt
86 1663 1427 1723 1000 fl. und ein neues Gewand für ſich und ſeine Kinder. 1687 wurde ein
83 1711 1426 1773 Doppeladler ſammt Kreuz aufgeſetzt, 1809 beſchädigte das Bombardement der
82 1758 1426 1819 Franzoſen den Thurm, was 1810 einen Reparationsbau durch den Hofarchitekten
81 1805 1427 1868 Aman zur Folge hatte. 1842 wurde wegen abermaliger Gefahr an einer Herſtellung
82 1852 1423 1913 gearbeitet, der Adler mit dem Kreuze abgenommen und durch einen neuen erſetzt.
80 1899 1425 1963 Dieſer Letztere, im Juli 1860 abermals herabgenommen, wiegt 280 Pfund, hat
80 1945 1424 2008 eine Höhe von 10 Fuß 5 Zoll, eine Breite von 4 Fuß 10 Zoll, und iſt um volle
79 1993 1423 2056 3 Fuß 2 Zoll höher als der vorige. Die alten Inſchriften ſind auf den neuen
79 2042 1424 2105 Adler übertragen worden. Die Wiederauſſetzung des Adlers und des Kreuzes iſt
79 2089 554 2139 bereits in Angriff genommen.
