3488 5255
150 190 333 228 Nr. 11085
790 195 1058 238 Wien, Samstag
1385 201 1963 240 Neue Freie Presse.
2319 208 2546 245 6. Juli 1895
3080 213 3227 248 Seite 13
119 268 1116 366 Geschäftlicher Wegweiser.
97 359 1139 406 Anzeigen für diese Rubrik übernimmt die Annoncen=Expedition
183 394 1044 438 M. Dukes, I., Wollzeile 6—8. Telephon Nr. 917.
94 460 1133 528 L. Adler sen., Wechselstube, I., Am Hof 5,
144 502 1138 546 In= und ausländ. Fonds, Lose, Action, Prioritäten, Münzen, Banknoten,
114 517 1143 575 Börse=Operationen. Exotische Werthpapiere. Provinz=Aufträge sorgfältigst.
67 2769 1112 2838 Drognerie „Zum Schwan", I., Franz=Josephs=
69 2815 1112 2861 Qua 2 Naphtalin, Camphor, Carbolkalk, Carbolsäure, Insektenpulver 2c. 2c.
93 2848 1113 2887 Billigst Preise. Provinzaufträge prompt. En gros, en détail. Preisblatt gratis u. frco.
1161 273 2194 342 Neuestes für Damen. Die schönsten Krägen
1226 303 2200 365 von fl. 4, Sammt=Capes von fl. 7; Jaquets von fl. 5; Wettermäntel von fl. 9,
1181 329 2204 389 Loden=Costüme von fl. 12, Kleider von fl. 12. J. U. Plank, II., Praterstraße 36.
1158 390 2190 456 Wechselstube Rudolf Reitler, Wien, I., verl.
1239 442 2196 480 Kärntnerstraße 51, vis-à-vis der Oper, Ein= und Verkauf aller Gattungen
1182 468 2111 503 Werthpapiere, Lose, Valuten. Lose auf Theilzahlungen. Börseaufträge conlantest
1443 470 2189 505 Saluten. Lase auf Thcilzahlungeii. Börsenaufträge conlantest
1156 504 2198 570 Linoleum (Korkteppiche), dauerhaftest. Boden¬
1162 550 2199 596 belag für ganze Räume, auch Läufer, Waschtisch=Vorlagen verbesserter Methode.
1178 583 2202 627 Joseph R. Reisner, Wien, I., Kalowratring 7. Telephon Nr. 3833.
1157 621 2206 686 Bremer und Hamburger Cigarren, Habana=
1222 672 2207 709 Importen, Cigaretten und Tabake. Größte Auswahl bei J. J. Rupprecht
1181 698 1952 735 sel. Sohn, Nürnburg, Königsstraße 76 und Kaiserstraße 10.
1154 745 2197 811 Linoleum (Korkteppiche), dauerhaftest. Boden¬
1200 798 2195 857 belag für ganze Räume, auch als Läufer, Waschtisch=Vorlagen 2c. F. C. Coll¬
1176 825 1929 858 mann's Rachf. A. Reichle, Wien, I., Kolowratring Nr. 3.
1152 862 2189 934 Exotische Werthpapiere. Goldschmidgasse 6.
1152 952 2191 1018 Stanislaus Scheich, Bank= und Wechsler¬
1210 1004 2193 1044 geschäft. I., Goldschmiedgasse 6. Coul. Ausführung von Börse=Operationen,
1174 1029 2096 1068 sorgfält. Erledigung aller sachlichen Aufragen. Exotische Werthpapiere.
1151 1067 2192 1137 Gas= und Petroleum=Motore, im Betriebe
1235 1120 2195 1160 die billigsten und solidesten. Höchste Auszeichnungen. Prospecte gratis. Anton
1179 1145 2144 1190 Schropp, Wien. VII., Döblergasse 10.
1150 1193 2193 1263 Schuhwichse, Leder = Conservirungsmittel
1220 1246 2191 1285 „Cirage a Harnais“ für Pferdegeschirre 2c., Leder=Lack. Selbsterzeugung:
1174 1272 2194 1310 F. Smetana. Wien, X., Sennefelderg. 32. Mäßige Preise. (Provinzauftr. promptest.)
1148 1310 2193 1379 S. Springer, Marchand-tailleur, Wien, I.,
1239 1363 2194 1404 Schottenring 33. Nouveantés feinster In- und Ausländer Stoffe. Special=
1172 1390 1903 1424 Salon für exacteste Effectuirung feinster Herren=Garderobe.
1147 1426 2186 1492 Eduard Urban, Bankgesch., Brünn, empf.
1221 1480 2191 1517 sich für alle in sein Fach einschlagenden Geschäfte. Specialität: Anlehens=Lose¬
1172 1506 2122 1541 geschäft. Verkauf aller Lose auch gegen Raten. Solide Agenten werden gesucht.
1143 1551 2182 1615 Fichtennadel= u. Eibisch=Bonbons v. D. Ull¬
1148 1596 2190 1643 mann's Söhne, sehr wirksame Mittel gegen Husten, Heiserkeit 2c., in Päckchen
1170 1631 1521 1660 zu 10 kr. tu den Apotheken.
1142 1667 2184 1734 Die Mehlspecialitäten .von Franz Watzek,
1144 1712 2187 1758 früher Neuer Markt Unter Lauben, befindet sich jetzt Bräunerstraße Nr. 12.
1141 1755 2175 1824 Theater=Tricots u. alle Sorten Wirkwaaren,
1144 1802 2181 1848 Reithosen für Damen und Herren, Joh. P. Winkler, k. u. k. Hof= u.
1165 1835 2031 1874 Kammer=Lieferant, Wien, I. Bezirk, Kärntnerstraße Nr. 53 b.
1141 1883 2182 1950 Möbel=Fabrikslager Jacob Weiner's Erben,
1143 1928 2186 1975 Wien, II., Gr. Stadtgutgasse 34 (gegr. 1856). Reichhaltigstes Lager so¬
1165 1962 2186 2000 lider Möbel aller Art an gros et en détail. Ill. Kataloge gratis u. franco.
1140 2000 2184 2064 Mich. Wospiel, k.u.k.priv. Sonnen= u. Regen¬
1235 2054 2185 2091 schirm=Fabrik, Wien, IV., Mittersteig 17 a, Phorusgasse 16 (vis-à-vis Markt¬
1163 2079 2176 2116 halle). Gegründet 1848. Reichhaltigstes Lager aller Genres. En grós et en détail.
1140 2117 2176 2184 Eiskästen mit entnehmbarem Eis= u. Wasser¬
1214 2169 2178 2206 behälter und Kühlkammern von M. Weinmann, techn. comm. Leiter, Wien,
1165 2195 2183 2238 XV., Gasgasse 6.
1333 2235 2182 2297 Wechselstube Alfred Weisz, I., Wipplinger¬
1232 2285 2183 2324 straße 4. (Ecke Hoher Markt.) Alle Renten, Lose, Pfandbriefe, Valuten. Börsen¬
1165 2313 1846 2347 aufträge coulant. Auskünfte und Informationen gratis.
1280 2391 2045 2468 Hotel-Anzeiger.
1143 2471 1682 2530 Achensee-Pertisau.
1705 2465 2181 2522 „Hotel Stefanie“, 3 Mi¬
1705 2495 2177 2552 nuten von Dampfschiff-Stat.
1169 2542 2178 2589 entfernt; feine Wr. Küche; Pilsner-Bier vom Fasse; warme Bäder.
1142 2590 1349 2644 Aussee.
1367 2577 2182 2634 Hotel Sonnenschein, rituelle Küche, Aus¬
1349 2620 2180 2671 sicht auf das schönste Gebirgspanorama, elektrisch
1166 2640 1709 2699 beleuchtet, Omnibus am Bahnhof. 8229
1134 2716 1346 2767 Aussee;
1142 2708 2179 2756 Steiermark. Hôtel Erzherzog Franz Carl
1364 2745 2178 2786 u. „zur Post“. Haus ersten Ranges. Elektrische
1167 2775 2178 2822 Beleuchtung. 12 Balcons (neu), grosse Speisesäle. Schattiger
1166 2810 2178 2856 Restaurations-Garten und Veranden und als gute Küche be¬
1166 2844 2179 2888 kannt. Besitzer HANS SCHUSTER. 6602
1137 2893 1689 2970 Attnang-Puchheim,
1709 2880 2188 2938 Salzkammergut, Ob.-Oe. Bahn¬
1710 2914 2183 2973 hof-Restauration, verbunden m.
1165 2957 2177 3005 dem Bahnhof-Hôtel, bester Comfort. Bes. JOSEF KOCH, Bahnhofrest.
1134 3015 1416 3066 Budapest.
1429 2997 2181 3053 „Hôtel Jägerhorn“, Hôtel I. Ranges,
1431 3036 2174 3088 im Centrum der Stadt, nahe den Landungs¬
1162 3076 2174 3121 plätzen der Donau-Dampfschiffe, in schönster Situation, neu und
1161 3110 2174 3155 comfortabel eingerichtet. Café und Restaurant im Hause sehr
1161 3139 2175 3198 besucht, vorzügliche Bedienung. KAMMER ERNÖ. 1043
1132 3198 1364 3255 Bremen.
1394 3181 2173 3237 Bahnhofs-Wirthschaft. Vorzügl. Küche,
1394 3212 2175 3274 Table dhôte, feine Weine. Diners à part. Wein¬
1162 3260 2172 3304 grosshandlung G. EBRECHT. 3494
1128 3300 1381 3362 Dresden.
1412 3294 2171 3357 Original Wiener „Café Central“,
1411 3328 2169 3389 nächste Nähe der Bahnhöfe, sowie aller Sehens¬
1160 3371 1673 3414 würdigkeiten. PETER PEBÖCK. 10123
1124 3422 1547 3482 Frankfurt a. M.
1558 3411 2172 3466 Hôtel Continental, Haus s. R., vis-
1124 3450 2169 3505 -vis d. Hauptbahnhofe. Elektr. Licht,
1158 3492 2168 3534 Centralbeizung, Lift u. Comf.Bes. R. GERSTENBRAND a. Wien.
1126 3546 1545 3600 Frankfurt a. M.
1553 3539 2169 3586 Hôtel Schwan. Altrenomm. Hôtel
1558 3566 2168 3617 1. Ranges. Hier wurde d. d.-fr. Friede
1156 3607 2169 3653 (Mai 1871) abgeschl. Prachtv. Hof, Ren.-Styl. Bes. ED. STERN.
1120 3662 1513 3715 Franzensbad.
1552 3655 2167 3704 „Kaiserhof“ (vorm. „Philadelphia“).
1539 3684 2167 3729 Grosses comfortables Familienhotel ersten
1154 3725 2168 3768 Ranges, in der Nähe der Bäder-Quellen, inmitten herrlicher Park-
1156 3759 2164 3803 u. Gartenanlagen. Anerkannt gute curgemässe Küche. Civile Preise.
1124 3806 1517 3864 Franzensbad.
1541 3789 2169 3847 „Hotel Post“ mit Privat¬
1535 3826 2164 3878 häusern „Kaiserhaus“ und
1177 3869 2164 3914 „Villa Impériale“, erstes und grösstes Etablissement. 4835
1122 3929 1510 3989 Franzensbad.
1524 3925 2165 3974 Kopp’s Königsvilla, 106—108 Salz¬
1517 3956 2162 4004 quellstrasse. Neuestesgrosses Hotel u. Pen¬
1154 3994 2162 4038 sion. Wiederholt Absteigequartier höchster u. hoher Herrschaften.
1119 4038 1348 4097 Goisern.
1369 4026 2162 4087 Das Erzh. Marie Valerie-Bade-Eta¬
1372 4070 2162 4121 blissement (alkalische Schwefeltherme), Hotel
1150 4110 2162 4154 und Pension, ist eröffnet. Prospecte auf Verlangen gratis. 1082.
1119 4157 2159 4208 Hamburg. Hôtel zu den vier Jahreszeiten.
1420 4142 2164 4202 Haus 1. Ranges. Jungfernstieg u. Alsterbassin,
1417 4186 2159 4242 Haus I. Ranges. Jungfernstieg u. Alsterbassin,
1149 4226 1999 4269 Lift u. elektrische Beleuchtung. Besitzer A. PAEGEL. 6281
1117 4273 1419 4329 Innsbruck.
1442 4262 2155 4319 Hôtel Victoria, Hôtel Garni, vis-à-vis
1443 4300 2156 4351 dem Bahnhof. Neu eröffnet. Elektr. Beleucht.
1145 4342 2155 4384 Portier am Bahnhof. GILBERT, Besitzer beider Hotels. 10131
1110 4397 1416 4451 Innsbruck.
1436 4376 2158 4436 Hotel Stadt München, 3 Min. v. Bahnhof.
1434 4427 2153 4466 Als bestes Haus II. R. bekannt. Comfort I. R. Wr.
1145 4458 2154 4503 Küche, vorz. Getr., ausgez.Tir.Weine. Restaurationsgart. Elektr. Bel.
1109 4507 1261 4560 Ischl.
1285 4508 2155 4550 „Hotel Austria“ an der Esplanade. Familienhotel
1286 4542 2154 4582 Sr. kais. Hoheit des Herrn Erzherzogs Franz Karl. 10125
1109 4588 2150 4671 Karlsbad. Hôtel Kroh ersten Ranges.
1109 4677 1396 4731 Karlsbad.
1413 4668 2150 4718 „Hôtel Lyon“. Exquisite Küche, ff.
1409 4697 2152 4747 Getränke. JOSEF PEITHNER, Hotelier. 10122
1111 4759 1385 4810 Karlsbad.
1411 4739 2150 4800 Charwat’s Weinstuben (Hausmarke
1409 4780 2149 4827 Schützenwein) ist als bestrenommirtes Local
1139 4817 2096 4868 anzuempfehlen. ERNST CHARWAT. 10121
1105 4868 1426 4938 Klagenfurt.
1460 4872 2147 4911 „Hôtel Kärntnerhof“ im Centrum
1460 4906 2148 4949 der Stadt, am Cardinalsplatz, sehr schöne
1138 4937 2148 4981 Fremdenzimmer zu mässigen Preisen. 10439
1104 4981 1487 5045 Kopenhagen
1503 4974 2143 5033 Hotel König von Dänemark,
1504 5024 2144 5064 ersten Ranges am Königs-Neumarkt. Mäss.
1138 5049 2144 5094 Preise. Oest.Zeit.Deutsche Bedien. Fahrstuhl. Elektr.Licht.R. KLÜM.
1105 5105 1248 5157 Köln.
1276 5098 2143 5154 Hôtel Continental; in nächster Nähe des Cen¬
1274 5130 2142 5182 tralbahnhofes am Südportal des Domes, Elektr. Licht,
1134 5170 2144 5217 Dampfheizung und Aufzug. F. OBERMAIT. 3493
2225 294 2470 344 Laibach.
2221 281 3269 332 Hotel Elefant. Haus I. Ranges. Bade=
2496 311 3269 360 Anstalt im Hause; sehr schöne Café- u. Restau¬
2256 351 3267 391 rations-Localitäten. JOSEFINE GNESDA. 6611
2222 399 2457 453 Leipzig.
2482 382 3268 441 Alleiniges Wiener Restaurant, Beet¬
2223 425 3267 480 hovenstrasse 1, vis-à-vis des neuen Gewandhauses
2255 465 3268 510 und des deutschen Reichsgerichtes. Besitzer A. HANNES, 8944
2223 523 2480 576 Linz a. D.
2495 514 3268 566 Hotel Krebs, am Landungsplatze der Dampf¬
2490 539 3268 599 boote. RUD. NEUBAUER, zugleich Besitzer des
2254 582 3268 634 Hôtel Neubauer in Bad Hall, Ob.-Oesterreich. 6607
2221 630 2615 691 Maria-Schutz
2629 620 3270 680 am Semmering. „Hôtel Bellevue“,
2221 655 3264 708 756 M. h., 30 Min. v. d. Station. Luftcurort,
2253 698 3265 745 windgesch., renov., Post, Telegr. u. Teleph. i. Hause. Omnib. b. a. Zügen.
2221 741 2419 804 Meran.
2436 732 3261 792 Grand Hôtel Meran. Vornehmstes Haus. Das
2220 773 3268 825 ganze Jahr geöffnet. Pension. F. FREYTAG, Besitzer.
2222 837 2428 891 Meran.
2439 828 3269 883 „Hôtel Habsburgerhof“ u. Dependance, Haus
2447 855 3268 913 ersten Ranges, am Bahnhofsplatz. Das ganze Jahr
2251 896 2791 937 geöffnet. Besitzer JOSEF FUCHS. 5942
2217 930 3013 1024 München. Hôtel ContinentaI,
3020 933 3273 990 Haus I. Ranges.
3035 971 3250 1024 Beste Lage.
2249 1011 3267 1056 Höchster Comfort. Mässige Preise. Elektr. Beleucht. Lift.
2220 1059 2493 1118 München.
2507 1046 3274 1107 Bahnhofhôtel Stecher gegenüber d. Cen¬
2501 1087 3266 1140 tralbahnhof, Arnulfstr. 16, mit allem Comfort
2250 1128 3266 1174 der Neuzeit ausgestattet. Mässige Preise. 10518
2219 1171 2513 1236 Nürnberg.
2535 1164 3274 1224 Hotel Strauss. I.Rang., beste Lage, vis-a-vis
2532 1205 3266 1263 Post u. Telegraph. 150 Zimmer. Elektr. Licht.
2247 1246 3264 1291 Restaur. u. Weinstube, franz. Küche, ausges. Weine. GUSTAV TODT.
2217 1293 3263 1348 Pilsen.
2431 1278 3268 1338 Hotel „Pilsener Hof“, neu erbaut, mit grossen
2215 1321 3262 1373 luftigen eleganten Zimmern, Personen-Aufzug u. Bäder.
2248 1362 3262 1406 Eleg. Restaurations- u. Café-Localitäten. BAUER & BUSCHEK. 4833
2211 1407 2540 1467 Pörtschach
2551 1395 3263 1460 am Wörthersee! ALOIS STAREK's
2211 1435 3261 1485 Grand Restauration und Café ersten
2243 1478 3262 1523 Ranges! Im Mittelpunkte des überraschend schönen Parkes von
2243 1511 3262 1558 Ernst Wahliss’ Etablissement und des ganzen Sees! Schönste
2244 1543 3261 1589 Fernsicht von den Terrassen und Veranden der Restauration und
2243 1580 3261 1630 des Cafés. Täglich alle Saison-Specialitäten, sowie Wiener, unga¬
2241 1615 3259 1663 rische, französische, englische und italienische National-Speisen.
2211 1662 2356 1724 Prag.
2387 1665 3259 1712 „Hôtel schwarzes Ross“, Haus I. Ranges, am
2386 1699 3260 1744 Graben, beste Lage, aller Comfort, civile Preise.
2244 1731 2889 1770 H. & K. CIFKA, k. u. k. Hoflieferanten. 6601
2208 1775 2371 1834 Prag.
2389 1763 3259 1829 „Hôtel blauer Stern“ (CARL SELTMANN).
2209 1813 3258 1861 Haus ersten Ranges, hervorragende Lage, elektrische
2242 1847 3260 1897 Beleuchtung im ganzen Hause. 10793
2209 1896 2368 1965 Prag.
2388 1898 3257 1944 Café-Restaurant Bellevue am Franzensquai.
2387 1932 3257 1974 Schönste Lage. Rendez vous aller Fremden. 10129
2205 1973 2427 2032 Prerau.
2448 1964 3255 2026 „Hotel Prerau“. Neu eröffnetes Hotel mit
2209 2007 3252 2061 Restauration und Kaffeehaus, sehr schönen luftigen
2239 2044 3254 2092 Zimmern zu billigen Preisen. CLEMENT L. JEŽIŠEK. 4881
2208 2093 3255 2142 Reichenhall.
2586 2085 3260 2144 Hôtel Bavaria. Bahnst. Kirchberg.
2208 2121 3253 2176 Knotenpunkt f. d. schönsten Ausflüge, sehr
2237 2163 3256 2208 sch. Zimmer u. vorzügl. Küche zu mäss. Preis. J. ZUCKRIGl. 6280
2203 2210 2496 2267 Salzburg.
2508 2198 3260 2259 Elektricitäts-Hôtel, herrlichste Lage,
2197 2239 3252 2291 100 Fremdenzimmer, Lift, alle Räume elek¬
2236 2279 2546 2310 trisch beleuchtet. 10536
2200 2330 2488 2386 Salzburg.
2498 2313 3301 2380 Hôtel u. Restaur. Mirabell. Schönster
2502 2349 3252 2405 Garten Salzburgs, Restaur. Sehensw.I.R. Dampf¬
2237 2376 3262 2440 heizg.'Elektr. el, Comf. Zimmer. FRANZ MAYR, Hôtelier. 10128
2203 2434 2416 2493 Tarvis.
2435 2422 3250 2489 Hotel Schnabelegger, Haus I. Ranges, elektr.
2211 2467 3251 2519 beleuchtet Bäder. Touristen bevorzugt. 8365
2200 2520 3250 2599 Teplitz.
2446 2504 3253 2568 Hôtel „zur Post“, I. Ranges, Centrum der
2421 2557 2907 2590 Stadt. Omnibus am Bahnhof. 6609
2200 2602 2890 2664 Velden am Wörthersee.
2910 2594 3248 2650 „Etablissement
2914 2628 3246 2683 Wahlis.“ Schön¬
2233 2671 3244 2716 ster Punkt am See. Anerkannt beste Restauration und Café.
2232 2705 3246 2751 Central-Landungsplatz der Dampfschiffe, mit directem Anschluss
2233 2740 3245 2785 von und zu den Eisenbahnzügen. Leopold Arlhofer. 8342
2201 2780 2450 2840 Venedig.
2458 2772 3250 2836 Volpisch' „Rest. Pilsen“ i.d. Intern. Kunst¬
2207 2797 3246 2869 ausstellg. Oesterr., ung., ital. u. franz. Küche b. pers.
2230 2852 3246 2901 Bed. Bes. d. Pilsner Bierhalle inVenedig; Triest vis-à-vis d. alten Post.
2198 2900 2368 2955 Wien.
2376 2889 3245 2950 „Hotel Erzherzog Karl“, ersten Ranges, neu
2206 2933 3245 2987 renovirt, elektrisch beleuchtet, feinstes Restaurant,
2227 2970 3245 3017 Garten, Säle und chambres séparées. 10434
2200 3018 2371 3073 Wien.
2393 3003 3241 3067 Residenz-Hotel, I., Teinfaltstr. 6, gegenüber dem
2206 3049 3241 3102 Hofburgtheater. Haus ersten Ranges. Vornehmste Lage.
2225 3087 3241 3135 Aller Comfort, elektr. Beleuchtg., Dampfhzg. Jos. Zillinger, Hot.
2194 3135 2367 3187 Wien.
2385 3121 3240 3188 Hôtel Stadt Frankfurt, I., Seilergasse 14.
2386 3168 3240 3214 Renommrtes Haus I. Ranges mit allem Comfort.
2225 3203 3240 3250 Zimmer von 2 fl. an ohne Service-Berechnung. Beste Wiener und
2223 3237 3243 3287 französische Küche, berühmter Weinkeller. Personenaufzug.
2193 3285 2335 3339 Wien.
2367 3269 3240 3336 Hotel Zillinger, IV., Wiedener Hauptstrasse 25.
2369 3319 3239 3368 Sammelpunkt für Kaufleute u. Geschäftsreisende. Ange¬
2217 3349 3238 3400 nehmes Logis. Zimmer von 80 kr. aufw. MAYERHOFER, Besitzer.
2194 3399 2357 3453 Wien.
2392 3387 3241 3447 Hôtel Höller, gegenüber den k. k. Hof-Museen
2201 3431 3236 3478 und dem Deutschen Volkstheater. Zimmer für 1 Person
2223 3468 3237 3513 von 1 fl. bis 3 fl.; für 2 Personen von 1 fl. 80 kr. bis 4 fl. Grosse
2221 3502 3235 3551 Restaurations - Localitäten mit Gartenveranda. Mässige Preise.
2221 3536 3238 3581 Nach dem Theater stets frische Küche. 6615
2186 3591 2357 3654 Wien.
2380 3578 3235 3645 Pension Vienna (Seng), IX., Frankgasse 6, Mez¬
2199 3623 3232 3677 zanin, nächst der Universität. Elegant, gut, mässige
2221 3661 3232 3709 Preise. Aerzten Rabatt. MADELEINE SENG. Telephon 7005. 10229
2188 3709 2351 3765 Wien.
2374 3693 3233 3758 Pschorrbräu, k. k. österr. Hoflieferanten, Aus¬
2196 3739 3232 3789 schank der Brauerei Pschorr in München. In Wien
2214 3775 3234 3825 I., Jasomirgottstrasse 3/5, nächst dem Stephansplatz. 10437
2185 3823 2391 3879 Zürich.
2413 3809 3228 3875 Grand Restaurant u. Café Metropole,
2409 3855 3227 3907 Stadt-Quai, Sebenswürdigk., Münchener Bürgerbräu
2217 3890 3229 3941 u. Pilsnerbier, vorzügl. Weine, intern. Küche, alle Zeitungen. 9654
2183 3948 2394 4004 Zürich.
2184 3939 3228 3995 Gd. Hôtel National & Terminus. Haus
2182 3971 3225 4023 ersten Ranges. Elektrische Beleuchtung. Lift. Mau¬
2214 4009 3226 4056 rischer Speisesaal. Grand Café-Restaurant. Mässige Preise. 7706
2184 4087 3225 4181 Hôtel „z. Kronprinz“, Dresden.
2438 4184 2969 4223 Besitzer: Reinhold Schulze.
2178 4213 3223 4264 Gut renom. Hotel, nach drei Seiten frei und schön gelegen, ganz nahe dem Schloß.
2178 4247 3225 4289 Opernhause und sämmtlichen Sehenswürdigkeiten. Sechs Minuten nah dem Bahnhof
2178 4274 3215 4315 Berlin, Leipzig, Schlesien. Hydr. Perfonen=Aufzug. Bäder, Telephon. Preise mäßig.
2564 4305 3227 4339 Pension von 5. M an. 10523
2253 4360 3170 4474 Alpen-Luft-Curort Rad Fusch,
2175 4465 3220 4508 schönste und gesündeste Lage, mit prächtigem Gebirgspanorama, billige und gute Ver¬
2172 4492 3218 4553 pflegung. Zum Sommer=Aufenthalte bestens geeignet. Post= und Telegraphenstation
2176 4496 2295 4546 im Hause.
2212 4547 3167 4602 9229 Hotel Flatscher.
2244 4623 3141 4694 Sommerwohnungen und Einzelzimmer!
2172 4704 3217 4796 Wald-Idylle „Adamthal“
2168 4794 3214 4842 in den N.=Oest. Voralpen, 2000 Fuß Seehöhe, 1 Stunde von
2168 4828 3213 4879 d. Nied.=Oest. St.=B.=St. Hainfeld, Fahrpost u. Omnibusverkehr,
2168 4862 3209 4914 Fiaker zu den Wiener Zügen, windgeschützt, staub= und rauchfrei, in
2166 4897 3210 4947 Mitte von 150,000 Joch Kiefern=, Fichten= u. Tannenwaldungen, mit
2165 4932 3207 4982 Hôtel Garni, Dependance, einzelnen Villen, vorzüglichem Restau¬
2165 4967 3206 5018 rant. Alle Gebände unmittelbar am Walde, mit schattigen
2164 5001 3208 5050 Wegen, Ruheplätzen und Aussichtswarten. Wiesenfreiheit für Kinder
2164 5036 3207 5087 und Erwachsene zum Barfußlaufen, Bäder, Billard, Clavier, ruff.
2163 5070 3207 5118 Kegelspiel, Croquetplatz 2c. 2c. Wohnungspreise billig ohne Neben¬
2163 5105 3223 5157 taxen. Jagdvergnügen und Forellenfischerei zur Verfügung.
2248 5149 3224 5200 Auskünfte ertheilt umgehend die Direction der Gebirgs=
2161 5183 3201 5238 Sommerfrische Adamthal bei Hainfeld, N.=Oe.
67 2886 1112 2954 Carl Hoffmann jun., IX., Alserstraße 38 (Drei¬
105 2937 1112 2978 lauferhaus), empfiehlt ein reichhaltiges Lager moderner Damenkleider, Co¬
92 2963 1110 3003 stüme, Jacken, Krägen in= und ausländ. Modestoffe zu mäßigen Preisen.
66 3002 1109 3067 Orig. engl. Messingbett, Waschtische, Ein¬
142 3055 1110 3095 sätze, Zelle, Bänke, Tische u. sämmtliche einschl. Eisenmöbel. Firma Carl
90 3083 726 3117 Hartmann. I., Liebenberggasse 6. Preisliste gratis.
66 3119 1104 3183 Glaser's Original=Füllung von Dreher's
69 3163 1105 3209 Klein=Schwechater und Pilsner Export=Lagerbier. Franco ins Haus
75 3196 990 3238 von 10 Flaschen aufwärts. XI/5, Jägerstraße 35. Telephon 7742.
63 3237 1107 3300 K. k. priv. Hirschkräuter=Zeltchen, 20mal
72 3283 1106 3326 prämiirt. Bestes Mittel gegen Husten u. Heiserkeit. Theater=Dosen à 10 kr. Probefl.
80 3314 1107 3351 Hirschkräutersaft à 25 kr. Echt nur von L. Haift, Wien, VI., Mariahilferstr. 117.
60 3359 1105 3429 Bei Brust= u. Lungenleiden wird Dr. Wil¬
136 3392 1108 3451 helm's Kefirpulver zur Selbst=Darstellung der Kefirmilch mit bestem Erfolge
82 3417 1107 3476 angewendet. Preis 1 fl. 20 kr. für 10 halbe Liter. Zu haben in allen Apotheken.
59 3475 1101 3543 Meraner Rothweine vorzüglicher Qualität
155 3528 1106 3566 empfiehlt in Gebinden von 50 Litern aufwärts Jofef Hölzl, Weinproducent
85 3554 671 3587 u. Kellerei in Obermais (Meran), Tirol.
60 3593 1101 3659 J. B. Hardtmuth, k. u. k. Hof=Hutwaaren=
148 3646 1103 3682 Lieferant, Wien, I., Lichtensteg 2 (früher Kohlmarkt 3). Reichhaltigstes Lager
93 3667 1103 3709 in engl. u. Wiener Seiden= u. Filzhüten. Specialist in Livréehüten u. Einschlägigem.
58 3708 1097 3774 Landschaftlicher Rohitscher Sauerbrunn,
58 3753 1102 3799 vorräthig in allen Apotheken, Mineralwasser= und Spezereihandlungen. Engros=
83 3786 948 3824 Lager und General=Vertretung: J. Kaltenegger, Wien, XVIII/2.
55 3825 1099 3889 Möbel=Fabriks=Niederlage von Ang. Knob¬
137 3880 800 3911 loch's Nachf., VII., Breitegasse 10—12. Gegr. 1835.
54 3915 1095 3979 Tapeten=Niederlage von W. Klobasser, Wien,
128 3968 1097 4006 I. Bezirk, Kolowratring Nr. 8. Tapeten von der einfachsten bis zu den feinsten
80 3995 1005 4036 Sorten. Billige Preise.
53 4032 1090 4094 Rollbalken aus Stahlblech u. Sonnenplachen
119 4083 1096 4122 erzeugt in bester Ausführung die k. u. k. a. priv. Gußstahlwaarenfabrik Müller
77 4110 1037 4148 & Witzmann (Inzersdorf b. Wien), V/1, Ziegelosengasse 28 (Telephon 7780).
121 4156 1096 4220 Manz'sche k. k. Hof=, Verlags= und Univer¬
125 4186 1100 4247 sitäts=Buchhandlung, Wien, I., Kohlmarkt 20, Specialgeschäft f. Rechts- u. Staats¬
65 4212 1068 4274 wissenschaft. Reichh. Lager geb. u. ungeb. Werke aus allen Zweigen d. Literatur.
57 4489 1082 4573 Holzriemenscheiben, öst.=ung. Patent, billiger
58 4555 1087 4594 und praktischer als eiserne, empfiehlt Julius Mauersberger, Dresden,
60 4616 1088 4687 500 Closetpapier 15kr. Schottwiener Papier¬
60 4673 1088 4711 fabrik, Wien, VIl., Kaiserstraße Nr. 76. — Filiale: I., Tuchlauben Nr. 7 (im
75 4735 1085 4802 Mercur, Wechselstuben = Actiengesellschaft,
126 4789 1087 4826 Wien, I., Wollzeile 10, Mariahilferstraße 74 B. Ein= und Verkauf aller
93 4272 1068 4335 Firma= u. Aufschriftstafeln aus Spiegelglas,
99 4324 1073 4362 Holz, Blech, Metallguß, Buchstaben a. Holz, Zink, Bronze, Goldglas, Aufschr. a. Mauern
93 4351 1071 4387 Schaufenst. 2c O. Müller. V., Kettenbrückeng. 13. Kostenüberschl. nach Größenangabe.
86 4381 1085 4455 Drahtbürsten, Piassava=Besen, alle Sorten
119 4439 1089 4478 technische Bürsten, Josef Markl, Specialist, Wien, V/2, Spenger¬
75 4466 452 4499 gasse Nr. 36. Telephon 8916.
77 4585 269 4613 Sachsenplatz 4 A
74 4699 389 4729 Bazar), Papierhandlung.
69 4815 1009 4851 Gattungen Werthpapiere, Lose, Valuten 2c. Promessen zu allen Ziehungen.
119 4905 1082 4944 Franzensbrückenstr. 13. Betten aller Art, Betteinsätze, Kinderbetten,
68 4931 1083 4971 Waschtische, Gartenmöbel. Specialit.: Volleisenbetten. Schutz geg. Ungeziefer.
61 4854 1085 4917 Eisenmöbelfabrik Herm. Reye & Co., II.,
68 4931 813 4977 Waschtische, Gartenmöbel. Specialit.: Volleisenbetten. Schutz gege. Ungeziefer.
69 4969 1083 5035 „Sultanin“ = Cigarettenhülsen, anerkannt
143 5021 1084 5060 Vorzüglichstes! Gesetzt geschützt. Specialitäten=Cigarettenhülfen= u. Ci¬
0 5046 1075 5095 garrenspitzen=Fabrik Brüder Opawski. IV/1, Kettenbrückeng. 8 (en gros en détail)
61 5083 1086 5147 Glasätzerei und Schildermalerei, Buchstaben¬
109 5137 1083 5169 fabrik und Dampfglasschleiferei F. Ofter. Wien. V., Hundsthurmerstraße 25,
63 5163 1083 5206 Teleph, 4084. Gegr. 1834.) Lager v. Cmail=, Glas=, Holz= u. Metall=Buchst.
93 575 1130 644 Aixer Tafelöle. „Zum Oelbaum“, Wien,
170 629 546 662 I., Tegetthoffstraße Nr. 1.
91 667 1133 736 Artaria & Co., Kunst= u. Landkartenhandlg.,
153 719 1135 758 I., Kohlmarkt 9. — Alte und neue Radirungen und Stiche, Porträts, Austriaca
118 744 1034 782 Viennensia. Kartographischer Verlag, Depot der k. k. Generalstabskarten.
91 781 1133 848 Pinsel= u. Borstenwaaren=Fabrik, Joh. B.
107 834 1131 874 Allertshammer, VI., Magdalenenstraße 12. Ellgros=Lager von Kleider-, Kops=,
115 859 1130 901 Taschen=, Zahn=, Nagel= u. sonstigen Bürsten. Alleinverkauf per Bude'schen Maßstäbe.
89 896 1133 968 Cascara=Sagrada=Pastillen „Barber“. Vor¬
90 945 1132 992 züglichstes, von ersten Capacitäten empfohlenes, mild wirkendes Purgirmittel.
112 976 1132 1017 Einziger Erzeugungsort: Apotheke „Zum heiligen Geist“, Wien, I., Operngasse 16.
87 1014 1134 1084 Bisenius Franz Carl, Associé d. k. u. k. Hof=
88 1061 1132 1108 Kunstfeuerwerker A. Stuwer, Wien, I., Singerstr. 11, Mezz. Ausführ. v. Decorat.,
112 1093 1125 1131 Illuminat. u. Kunstfeuerwerken loco u. ausw. Prompt. Verf. all. Erzengn. Preisl. grat.
88 1131 1130 1200 J. Audel's überseeisches Pulver, Specialität
143 1183 1130 1226 zur Ausrottung u. Vernichtung aller Insecten, als: Schwaben, Russen, Wanzen 2c.
111 1209 995 1249 Prospecte gratis. Central=Depot F. Berlyak, Wien, I., Naglergasse 1.
86 1248 1122 1314 Transportable Eisenbahnen. Eisenbahnbe¬
87 1293 1129 1341 darf, Weickum=Kugelschubthore 2c. bei Weickum's Nachs. E. v. Bucher,
110 1328 719 1361 Wien, XIV/1, Neubergenstraße 32. Telephon 6271.
84 1363 1127 1434 Cravaten=Nouveautés, I., Franz=Josephs=
144 1414 1128 1458 Quai 7, Hermann Baumgärtner. Reichhaltigste Auswahl, billigste Preise.
109 1442 1126 1484 En gros, en détail. Prov.=Austr., selbst kleinstes Quantum, rascheste Effectuir.
82 1480 1119 1548 Specialität. Direkter Bezug von Thee von
84 1527 1123 1574 der Insel Ceylon. Brocken=Pecco per Kilo fl. 3.55, Pecco=Souchong per Kilo
106 1557 1126 1600 fl. 3.20. Souchong per Kilo fl. 3. F. Berlyak, Wien, X., Naglergasse 1.
82 1597 1119 1663 Patent=, Muster= und Markenschutz erwirkt
98 1648 1124 1689 in allen Staaten Ingenieur Victor Monath (früher A. Busch), behördl.
104 1676 693 1709 autoris. Patent-Anwalt, I., Jasomirgottstraße 4.
81 1712 1122 1780 Gas= und Benzinmotoren, Pumpen, Trans¬
163 1764 1123 1806 missione, die besten, billigsten, mit d. gold. Medaille ausgezeichnet, 2jähr.
105 1789 1122 1831 Garantie, bei J. Blaschke, Gasmotorenfabrik, V., Rampersdorfgasse 14.
78 1827 1121 1896 Bade zu Hause in Dittmann's Wellen=Bade¬
157 1880 1121 1922 schaukel! (Patent 45/1595), nervenstärkendstes Wellenbad. Als Voll=, Sitz= u.
103 1907 1120 1946 Kinderbad verwendbar. Carl Becker, V/I, Traubeng. 1 a, Tel. 5089. Preisl. gratis.
77 1944 1121 2014 Werkzeuge für Maschinen, Gas 2c., Gewind=
81 1991 1122 2038 Schneidewerkzeuge: Original=Mitworth: Reibahlen: schl. Profil=Traisser
102 2022 1122 2064 2c. Werkzeugfabrik Heinr. Bink, XVI., Panikengasse 34. (Telephon 6463.)
76 2062 1116 2132 Eisschränke, Eiskammern, Eishäuser. Inge¬
110 2113 1120 2156 nieur Franz Bollinger, Wien, VI., Magdalenenstraße 4, neben dem
101 2144 376 2172 Theater an der Wien.
76 2178 1120 2248 Schweißblätter, die besten, in allen Aus¬
149 2230 1120 2272 führungen liefert die Fabrik A. Eichberg, Wien, IX., Wasagasse 3.
103 2255 838 2294 Ebenso alle Sorten Knöpfe. Provinzaufträge prompt.
73 2295 1117 2364 Vorhänge. Carl Feiner, I., Hoher Markt 1,
136 2348 1120 2388 Fabriksniederlage von Tüll= und Spitzenvorhängen bester Qualität, per Fenster
98 2374 923 2409 von fl. 1.20 aufwärts, Illustrirte Preiskataloge gratis und franco.
71 2413 1111 2475 Siegmund Fluß, Dampfkunstfärberei, chem.
72 2457 1115 2503 Masch.=Wasch. f. Herren=, Damen= u. Kindergarderobe. Etabl. I. Rang. Wien, II.,
97 2491 1114 2529 Kl. Sperlg. 3, Brünn. Ferdinandsg. 28, Prag. Wenzelspl. 58 neu. Prov.=Auftr. prompt.
69 2529 1113 2598 Julius Franke, VI., Hirschengasse 4, Albums,
128 2581 1116 2620 Mappen f. Adressen, Dipl., Photogr. 2c., Bucheinbände, Reliefprägungen, Leder¬
91 2607 1114 2644 ciselirungen, Montirung v. Ledersitzmöbeln u. Stickereien u. allen einschl. Arbeiten.
70 2642 1110 2711 Exotische Werthpapiere. Edmund Grün,
72 2689 1114 2736 IX., Kolingasse 10. Coulantester Ein= u. Verkauf; Ausgabe des authentischen
98 2724 754 2757 Cursblattes für exotische Werthpapiere jeden Montag.
