3200 4836
257 133 637 174 Seite 14. Nr. 148.
571 233 743 278 Tischler
211 272 1104 325 der Möbel gut repariert, wird gesucht. Schmer⸗
210 316 1104 381 lingstraße 4, 1. Stock. 13379
467 378 856 427 Tüchtige Packerin
211 419 1104 472 welche bereits in einem Exportgeschäfte tätig war,
211 464 1104 516 wird sofort ausgenommen Adamgasse Nr. 19,
211 508 1105 559 Parterre rechts. 13378
454 569 860 620 Tapeziererlehrling
213 612 1107 663 gegen Anfangslohn wird sofort aufgenommen bei
212 655 1106 709 K. Schnurmann, Fischergasse 14. 13393
440 715 879 762 Frau Amalie Mair
212 758 1108 811 Dienst= u. Wohnungsvermittlungsbureau, Pfarr⸗
213 804 1105 853 gasse Nr. 1. Gesucht werden: tücht. Kellnerinnen,
211 848 1107 897 Serviererinnen, Schank u. Buffetkassierin, Kü⸗
213 892 1108 942 chen= und Hausmädchen, Abwascherinnen, Schank⸗
212 936 1107 987 burschen u. Speisenträger. 13392
562 997 762 1044 Büglerin
212 1039 1106 1090 wird sofort aufs Land gesucht. Näh. Heiliggeiststr.
215 1084 1109 1146 15 im Laden. 13404
447 1146 872 1193 Tüchtiges Mädchen
215 1188 1107 1238 für alle Arbeit neben Kindermädchen gesucht. Näh.
214 1232 1108 1281 Dora Schulhof, Andreas Hoferstr. 40. 13401
560 1292 755 1337 Mädchen
216 1335 1111 1385 welches bürgerlich kochen kann, sehr sauber und
218 1379 1110 1427 stink sowie sittsam ist, ab 15. Juli, event. früher
217 1422 1049 1478 gesucht. Adr. in d. Verwltg. unter Nr. 13394.
412 1483 912 1531 Eine Schirmarbeiterin
217 1525 1109 1576 wird für auswärts gesucht. Adr. in der Verwltg.
218 1574 671 1612 d. Bl. unter Nr. 13381.
490 1631 842 1678 Perfekte Köchin
219 1673 1113 1723 die auch etwas Hausarbeit verrichtet, zum ehesten
220 1717 1112 1767 Eintritte gesucht. Lohn 40—50 Kronen. Vorzu⸗
218 1762 1110 1811 stellen bis 4 Uhr. Adr. in der Verwltg. d. Bl.
219 1807 1056 1868 unter Nr. 13413.
413 1865 926 1912 Ordentliche Bedienerin
221 1909 1111 1959 für 4 Stunden nachmittags gesucht. Museumstr.
220 1954 1114 2016 Nr. 7, 1. Stock. 13412
414 2013 918 2063 Tüchtiger Tagschneider
222 2058 1115 2108 für dauernd gesucht; Jahresposten. Offerte unter
222 2102 1115 2151 „R. A. Nr. 100“ an Haasenstein u. Vogler. J4162
433 2161 888 2210 Tüchtige Kontoristin
223 2205 1117 2254 mit sehr schöner Handschrift, Kenntnis des Ma⸗
223 2249 1119 2299 schinschreibens u. Stenographie, wird per 15. Juli
224 2292 1118 2344 gesucht. Absolventinnen der Handelsschule bevor⸗
224 2337 1118 2389 zugt. Gefl. Offerte unter „Fleißig 4159“ an
225 2383 1118 2432 Haasenstein u. Vogler Innsbruck. J4159
418 2442 926 2490 Mehrere Zimmerleute
225 2485 1119 2535 werden aufgenommen bei Alois Kofler, Zimmer⸗
225 2529 1120 2579 meister Innsbruck, Amraserstr. 39. J4152
276 2673 1039 2755 Käufe u. Verkäufe
466 2843 884 2896 Zöpfe von K 3.50
227 2887 1124 2938 sowie Haareinlagen von K 1.80 aufwärts bei
227 2932 1124 2983 J. Tonninger, Klaudiastraße 20. J3566 0s9
231 2991 1124 3042 Altrenommiertes Fleisch= u. Selchwaren⸗
442 3034 1126 3086 geschäft in Innsbruck J4021=2s2
232 3079 1126 3129 modern eingerichteter Fabrikationsbetrieb, wird unter
230 3123 1127 3176 günstigen Bedingungen verkauft oder verpachtet. Nur
230 3168 1128 3219 tüchtigen Fachmännern und nachweisbar strebsamen
233 3213 1129 3261 Leuten wird das Geschäft übergeben. Offerte unter
235 3256 1027 3307 „O. R. Z. 4021“ an Haasenstein u. Vogler.
488 3317 876 3365 Gelegenheitskauf.
278 3358 1131 3409 Ein Prismen=Glas mit 18facher Vergrößerung,
231 3403 1132 3458 neu, ist preiswert zu verkaufen. Adresse erliegt
235 3448 1133 3497 in der Verwaltung d. Bl. unter Nr. 13094. 2s2
453 3508 908 3556 Junge Vorstehhunde
235 3550 1136 3601 hellsilbergrau, echtrassig, gute Rasen, preiswert zu
236 3595 1134 3645 verkaufen. Menzel, Leifers bei Bozen, (Ansicht⸗
236 3642 1136 3701 sendung). 13060=2s2
236 3706 1137 3757 Wohnhaus mit Huf= und Wagenschmiede
238 3751 1137 3801 Wasserkraftgebläse u. Oekonomiegebäude, in größerem
238 3794 1137 3844 Industrieorte des Oberinntales (einzige Schmiede des
239 3839 1130 3889 Ortes) bei geringer Anzahlung (3000 K) verkäuflich
239 3883 1140 3935 Näh. bei L. Sterzinger, Rassereith, oder Haasenstein
240 3928 1141 3979 und Vogler. J3998=3s2
266 3987 1119 4039 Komplette Küchengeschirreinrichtungen
244 4030 1135 4083 in jeder gewünschten Ausführung u. allen Preis⸗
242 4074 1135 4128 lagen, liefert das Spezialhaus für Küchenge⸗
243 4119 1135 4172 räte. Kiebachgasse 7. Verzeichnisse hierüber er⸗
244 4160 1134 4223 halten Sie kostenlos. 800—0s1
626 4225 772 4271 8tung!
290 4265 1145 4318 Tiroler Landjäger, groß, 12 Stück 2 K, kleine
247 4309 1146 4360 24 Stück 2 K, Wiener Salami kg K 1.60, Kra⸗
246 4354 1145 4410 kauer Salami, hart, K 3.20. Versand nach allen
247 4398 1148 4452 Richtungen. Vertreter werden gesucht. M. Erhart,
250 4444 1151 4494 Amtvorstraße 10, Innsbruck. .12838—3s2
1323 133 1849 177 Innsbrucker Nachrichten
1330 228 1824 277 Sehr billig verkäuflich
1138 271 2034 322 größeres Wohn= und Geschäftshaus in vorzüg⸗
1137 311 2031 369 licher Lage an kaufkräftige Reflektanten. Adresse
1137 361 2032 411 übernimmt aus Gefälligkeit Herr Matthias Wink⸗
1138 405 2030 454 ler, Innsbruck, Maria Theresienstr. 22. 732=0s1
1347 462 2034 512 Fahrrad mit Freilauf 2s2
1136 505 2032 558 zu verkaufen bei Martin Schenker, Schuhmacher,
1139 550 2034 598 Universitätsstraße 13. 13019
1312 611 1867 655 Guterhaltene Mandoline
1138 653 2033 704 wird zu kaufen gesucht. Gefl. Anträge unter „Man⸗
1138 697 2035 749 doline“ an die Verwaltung ds. Bl. 13s91=2s2
1372 754 2035 801 Gebrauchte Violine 13191=2=2
1138 800 2037 851 zu kaufen gesucht. Gefl. Angebote mit Preisangabe
1139 845 2037 896 unter „Sch, gebraucht“ an die Verwaltung ds. Bl.
1254 903 2037 952 Eine Fleisch=Schneidemaschine 3s3
1145 946 2040 998 für elektr. Betrieb samt Motor billig zu ver⸗
1146 989 2039 1041 kaufen. Näh. Bozen, Museumstr. 16. 13124
1267 1049 1904 1099 Zinshaus mit Geschäftsladen
1140 1091 2038 1144 in Innsbruck ist sofort unter günstigen Bedingungen
1141 1137 2038 1185 zu verkaufen. Alles nähere von 9 Uhr vorm. bis
1142 1181 2037 1232 2 Uhr nachm. Hofgasse 8, zweiten Stock. 13059=3s2
1186 1236 1993 1289 Ein schottischer Schäferhund (Colli)
1142 1282 2037 1335 Männchen, 2 Jahre alt, schön gezeichnet, ist preis⸗
1145 1328 2039 1378 wert zu verkaufen. Adresse in der Verwaltung ds.
1144 1371 2040 1433 Bl. unter Nr. 13195. 2s2
1249 1428 1933 1483 Leichter viersitziger Jagdwagen
1145 1474 2039 1526 ist billig zu verkaufen oder gegen einen Viktoria⸗
1145 1521 2042 1570 wagen umzutauschen. Näh. unter „F. B. 61“
1149 1564 1961 1606 in der Verw. 13128-
1451 1622 2041 1671 Frauenhaare J3645=10s8
1148 1666 2038 1717 ausgekämmt oder abgeschnittene, kauft jedes
1148 1709 2040 1761 Quantum Haarhandlung Heinrich Ballak, Inns⸗
1147 1755 1971 1804 bruck, Andreas Hoferstraße 9, ersten Stock.
1453 1848 1733 1887 Kinderwagen
1148 1890 2042 1940 zu verkaufen. Klostergasse Nr. 4, r. 13319
1296 1948 1895 1995 Guterhaltene Rähmaschine
1150 1992 2045 2043 und gebrauchte Betten werden verhältnishalber
1150 2037 2042 2086 billig verkauft. Adr. in der Verw. ds. Bl.
1151 2083 2036 2143 unter Nr. 13320.
1508 2140 2047 2189 Fahrrad 13300
1153 2184 2046 2233 mit Torpedo=Freilauf und neuen Mantel ist
1157 2228 2051 2279 preiswert zu verkaufen. Hassingerstr. 1, 1. Stock
1155 2280 1247 2317 links.
1440 2334 1761 2378 Nahe bei Hall
1154 2375 2049 2424 ist ein schönes Zinshaus zu verkaufen mit 8
1155 2419 2050 2468 Zimmer, 2 Küchen, 2 Keller, 2 Hochdruck⸗
1154 2464 2049 2513 brunnen, schöner Gemüsegarten. Das Haus mit
1156 2509 2051 2557 Wasserkraft ist aus freier Hand billig zu ver⸗
1157 2553 2050 2602 kaufen. Näh. zu erfragen bei Ferdinand Driendl,
1156 2597 2050 2644 im Absamer Aichat, Nr. 196, 1. St. 13322
1424 2657 1775 2703 Küchenkredenzen
1158 2699 2051 2748 Kästen doppelt und einfach und Verschiedenes
1156 2743 2051 2793 ist preiswert zu verkaufen. Mentlgasse 8. 13325
1343 2803 1862 2853 Photographen=Apparat
1159 2846 2052 2896 Kodak, 10x12½ sehr gut erhalten ist billig
1158 2892 2053 2939 zu verkaufen. Näh. in der Verw. ds. Bl. unter
1158 2941 1371 2975 Nr. 13327.
1329 2994 2052 3045 Sehr billig zu verkaufen, 13327
1160 3038 2056 3088 weißer Leinenrock und Stickereibluse, grauer
1160 3082 2055 3132 Damen=Lodenmantel, schwarzes Sommerkleid und
1160 3127 2054 3178 noch diverse Kleidungsstücke. Bahnstr. 20, 3. St.
1528 3187 2057 3232 Gesucht 13260
1163 3230 2058 3281 wird ein kleines Haus, geeignet zu einer
1164 3273 2059 3325 Wäscherei. Anzahlung 5000 Kronen. Briefe
1163 3317 2057 3370 unter „Kleines Haus“ an die Verw. ds. Bl.
1312 3386 1913 3437 Gutgehendes Schuhgeschäft
1165 3428 2062 3482 auf gutem Zukunftsposten ###t sofort verhält⸗
1165 3474 2057 3527 halber billig zu verkaufen. Briefe an die Verw.
1166 3518 2060 3581 ds. Bl. unter „Schuhgeschäft“. 13259
1461 3583 1773 3625 Zu verkaufen:
1168 3619 2062 3672 Große Küchenkredenz, Tisch, Stühle, Wandbrett,
1168 3663 2062 3718 harte Bettstatt m. Federmatratze, weicher Kasten,
1170 3708 2066 3762 Waschtisch, 4 Rohrseßel, Hängelampe, Flaschen
1170 3752 2065 3806 usw. And. Hoferstr. 16. 1. St. r. 13258
1548 3815 1683 3861 Billig
1172 3855 2069 3909 ist eine oder zwei Zimmer=Einrichtungen zu
1174 3899 2069 3954 verkaufen oder auch an bessere Leute auszubor⸗
1175 3942 2068 4000 gen. Anatomiestraße 11, 2. St. links. 13261
1438 4005 1813 4052 Wegen Todesfall
1176 4044 2069 4097 werden mehrere Einrichtungsgegenstände billig
1176 4088 2071 4152 verkauft. Hahmongasse 2, part._13262
1494 4154 1757 4199 Wäscherolle
1179 4193 2073 4249 gut erhalten, auch für Wirte, ist billig zu
1177 4236 2072 4293 verkaufen. Neuhauserstr. 18, 1. St. 13265
1319 4294 1939 4347 Ein schönes Kinderbettstattl
1181 4339 2076 4394 weiche Bettstelle samt Nachtkastl, Blech=Wasch⸗
1183 4383 2075 4441 geschirr ist billig zu verkaufen. Innstraße 63,
1181 4428 2072 4481 2. St., Stöckl. 13266
2385 123 2906 174 Samstag den 1. Juli 1911.
2440 227 2582 269 Bilder
2064 267 2952 317 billig zu verkaufen, darunter prachtvoller hl.
2064 311 2955 357 Antonius, Adr. in der Verw. ds. Bl. unter
2064 356 2955 416 Nr. 13264.
2215 415 2958 465 Guterhaltener Sportwagen 13263
2064 457 2956 509 ist billig zu verkaufen. Glasmalereistr. 4, 2. St. l.
2231 519 2795 564 Schöne Villa mit Garten
2068 561 2961 611 ist in Hall zu verkaufen. Briefe unter „Villa“
2066 606 2960 667 postlagernd Hall. P3344
2132 664 2895 714 Neugebautes Hans im Oberinntal
2066 707 2963 757 mit Möbeltischlerei, ist um den äußerst billigen
2068 752 2963 802 Preis von 18.000 Kronen bei ganz kleiner An⸗
2069 797 2963 846 zahlung zu verkaufen. Kostenlose Auskunft erteilt
2069 841 2962 891 das konz. Realitäten=Büro Anton v. Guggenberg,
2069 874 2963 935 Innsbruck, Museumstr. 33. P3346
2324 947 2708 994 Gelegenheitskauf.
2112 989 2963 1038 Gasthaus mit Realgewerbe samt Inventar, ma⸗
2068 1033 2963 1082 schinell eingerichteter Fleischhauerei, große Kel⸗
2068 1077 2965 1128 lereien, für jedes Geschäft geeignet, auf zwei
2069 1121 2964 1170 Hauptstraßen in einer Kurstadt Südtirols gele⸗
2069 1165 2964 1214 gen, ist sofort äußerst preiswert zu verkaufen. An⸗
2068 1209 2961 1258 zahlung nach Übereinkommen. Briefe unter „R.
2069 1251 2964 1303 M. 3322“ postlagernd Kitzhübel. 13374
2323 1313 2713 1358 Gelegenheitskauf.
2114 1355 2965 1404 Fahrrad mit Freilauf, wenig gefahren, ist ver⸗
2071 1399 2966 1449 hältnissehalber zu verkaufen. Näh. im Fahrrad⸗
2072 1444 2965 1504 geschäft Leopoldstr. 5.  J4146
2190 1502 2841 1549 Hartes Bett mit Federeinsatz
2072 1545 2967 1595 Sofa, einf. Waschtisch, Singer=Nähmaschine, schöne
2073 1589 2964 1640 Bilder u. Spiegel sind preiswert zu verkaufen.
2074 1634 2966 1684 Grillparzerstr. 12, 2. Stock. 13376
2368 1696 2675 1734 Lorbeerbäume
2074 1737 2968 1786 zu kaufen gesucht. Preis u. Höhenangabe unter
2075 1779 2967 1831 „Lorbeerbäume“ postlagernd Innsbruck. 13407
2361 1842 2675 1888 Junge Hunde.
2116 1882 2966 1933 Schöne, junge, reinrassige Rattler zu verkaufen.
2076 1926 2968 1987 Höttingerau 34, 1. Stock. 13390
2262 1985 2966 2035 Junge dänische Doggen P3354
2077 2027 2969 2077 von einem halben Jahre bis 2 Monaten sind ver⸗
2078 2072 2968 2123 käuflich. Innstr. 13, Gasthaus „Gold. Kreuz“.
2289 2134 2753 2179 Für Hxndeliebhaber.
2122 2175 2967 2225 Reinrassige, 7 Wochen alte Buldoggen sind
2078 2219 2965 2269 preiswert abzugeben. Innsbruck, Fallbachgasse 9
2077 2262 2968 2315 Stöcklgebäude. 13399
2261 2323 2786 2376 Eleganter Kinderwagen
2081 2363 2958 2415 fast neu, nur von gesundem Kinde benützt, preis⸗
2080 2407 2960 2460 wert zu verkaufen. Adr. in der Verwltg. d. Bl
2081 2456 2969 2514 unter Nr. 13394.
2382 2516 2673 2557 Zu verkaufen
2083 2555 2956 2604 Kommode mit Marmorplatte, 2 Bilder, Feld
2083 2600 2971 2649 stecher u. verschiedenes. Maria Theresienstr. 13.
2083 2643 2971 2705 Stöckl links, 2. Stock. 13398
2084 2700 2970 2754 Ein noch guterhaltenes „Puch“=Fahrrad
2084 2744 2971 2795 ist um 100 Kronen zu verkaufen. Liebeneggstr.
2087 2789 2970 2849 12, 1, Stock links. 13397
2304 2849 2753 2892 Bereits neue Möbel
2087 2893 2944 2942 sind wegen Übersiedlung preiswert zu ver⸗
2088 2933 2941 2987 kaufen. Adr. in der Verw. ds. Bl. un.
2085 2985 2939 3043 Nr. 13396.
2211 3039 2855 3088 2 scharfe Bernhardinerhunde
2087 3082 2953 3134 wegen Abreise preiswert zu verkaufen. Adr.
2091 3128 2937 3187 der Verwaltung unter Nr. 13306.
2176 3184 2896 3239 Doppelwaschkasten u. Nachtkastl
2090 3227 2926 3279 mit Marmorplatte (hart) sowie großes Küch⸗
2092 3271 2931 3325 geschirr zu verkaufen. Grillparzerstr. 8, Parte
2090 3316 2933 3380 rechts. 133
2234 3375 2841 3426 Eine gutgebende Wäscherei
2093 3417 2942 3470 ist familienverhältnissehalber zu verkaufen. Br.
2095 3462 2931 3516 an die Verwaltg. d. Bl. unter „Wäscherei“. 12.
2327 3509 2939 3572 Billig zu verkaufen
2095 3565 2949 3617 sehr schöner Divan, 1 hartes Bett mit Einst
2097 3608 2942 3661 1 Nachtkastl, 2 weiche Betten. Innstraße 85, erst
2094 3653 2944 3717 Stock. 133
2388 3718 2705 3759 Herrenfahrrad
2098 3754 2956 3809 sehr gut erhalten, ist zu verkaufen. Speckbacherst
2098 3799 2945 3852 Nr. 18, Parterre links. 133
2303 3860 2792 3909 Schlagbarer Waldteil
2101 3902 2971 3953 Maß 2200 Klafter, ist zu verkaufen. Nähere
2100 3945 2967 4000 Höttingerau Nr. 69 beim Eigentümer. 1330
2408 4008 2682 4051 Hansverkauf
2147 4047 2964 4101 Haus mit Gemischtwarengeschäft, großem Stöck
2103 4091 2955 4147 gebäude, in schöner Lage, ist billig zu verkauf
2104 4135 2933 4191 oder zu vertauschen, mit Geschäft am Lande,
2104 4179 2958 4235 der Umgebung Innsbrucks. Anzahlung nach Über⸗
2103 4224 2947 4275 einkommen. Näh. in der Verwltg. d. Bl. 1
2105 4273 2995 4332 ter Nr. 13364.
2331 4329 2769 4377 Einige Gartentische
2105 4367 2992 4424 sind mit oder ohne Eisensessel billig abzugeben.
2108 4412 2971 4469 Haibacher, Neurauthaasse 4. 1335
