3488 5365
214 223 352 258 Seite 4
773 213 1048 260 Wien, Samstag
1463 201 2061 250 Neue Freie Presse.
2525 198 2752 240 1. Juli 1911
3109 191 3306 232 Nr. 16830
254 292 1201 344 Aus dieſer Darſtellung geht hervor, daß das entſcheidende
170 331 1202 386 Moment für die Einlöſung der Geſellſchaft das Ergebnis der
170 371 1202 426 (gerichtlichen Schätzung der Objekte bilden wird. Wie
170 411 1202 466 in Rathauskreiſen verlautet, beabſichtigt die Gemeinde der
181 451 1200 506 Allgemeinen Elektrizitätsgeſellſchaft 12½ Millionen Kronen
171 491 1202 545 als Abſchlagszahlung zu bieten, während dieſe einen um
170 530 1201 589 mehrere Millionen höheren Betrag verlangt. Die Einlöſungs⸗
171 572 1202 628 ſumme wird darum auf Grund des Schätzungsergebniſſes be⸗
179 610 1204 665 ſtimmt werden. Durch die Kündigung des Vertrages erfahren
180 651 1203 704 die Prozeſſe der Allgemeinen Elektrizitätsgeſellſchaft gegen
180 689 1202 744 die Kommune Wien ſelbſtverſtändlich keine Siſtierung, ins⸗
172 730 1202 784 beſondere ſchwebt jetzt das Verfahren wegen der von der
172 765 1201 825 Allgemeinen Elektrizitätsgeſellſchaft geforderten Schadenserſatz⸗
173 806 1202 864 ſumme von 1,630.000 K., weil das Unternehmen die Gemeinde
172 850 1202 906 haftbar macht, daß ihm der Magiſtrat geſetzwidrig die Her⸗
173 893 825 945 ſtellung von Hauptanſchlüſſen verbietet.
251 930 1202 984 Die Allgemeine Oeſterreichiſche Elektrizitätsgeſellſchaft iſt im
174 970 1203 1025 Jahre 1891 gegründet worden, indem ſie in alle Rechte und
173 1011 1200 1067 Pflichten des Vertrages aus dem Jahre 1887 eingetreten iſt,
182 1050 1204 1105 den die Firma Siemens & Halske mit der Gemeinde Wien
182 1089 1204 1144 hinſichtlich der Zentrale Neubaugaſſe und Körblergaſſe abge⸗
175 1137 411 1192 ſchloſſen hatte.
263 1204 1129 1278 Der aviatiſche Gordon Bennett-Preis.
919 1282 1171 1323 Wien 1. Juli.
258 1331 1212 1388 Heute gelangt auf dem Flugplatze von Eaſt Church
179 1369 1207 1432 in England der aviatiſche Gordon Bennett⸗
184 1415 1209 1471 Preis zur Entſcheidung. Um dieſen kann jedes Land mit
177 1454 1209 1508 maximal drei Vertretern kämpfen. Oeſterreich wird in
176 1492 1206 1548 dem Wettbewerbe leider auch heuer nicht vertreten
174 1533 1210 1588 ſein. Es haben wohl ſeinerzeit die Oeſterreichiſche
176 1572 1214 1629 Motorluftfahrzeuggeſellſchaft, dann kaiſerlicher
177 1609 1210 1668 Rat Joſef Fleſch und die Oeſterreichiſch⸗unga⸗
177 1651 1214 1707 riſchen Autoplanwerke Nennungen abgegeben, allein
178 1687 1211 1750 das ſpät einſetzende Frühjahr und die ſehr ungünſtige Wit⸗
185 1731 1211 1788 terung in den letzten Monaten haben eine gründliche Vor⸗
187 1771 1211 1828 bereitung der Apparate und der Flieger nicht in dem Maße
187 1811 1211 1870 zugelaſſen, das einzig einen Erfolg verbürgen könnte. Im
189 1851 1210 1912 heutigen Wettfliegen werden nur drei Nationen vertreten ſein,
190 1891 1214 1949 und zwar England als Verteidiger des Preiſes, dann
190 1931 1216 1989 Frankreich und die Vereinigten Staaten von
189 1969 1216 2026 Nordamerika. Der Sieg dürfte aller Wahrſcheinlichkeit
181 2010 1216 2068 nach an Frankreich fallen, für das Leblanc (Eindecker
188 2051 1212 2109 Blériot), der Gewinner des vorjährigen Rundfluges durch
190 2090 1213 2150 Oſtfrankreich, dann Chevalier (Nieuport⸗Eindecker) und
195 2130 1220 2188 Nieuport ſelbſt (Nieuport⸗Eindecker) mit Apparaten ins
195 2168 1216 2230 Feld ziehen, die eine Geſchwindigkeit von 125 bis
180 2208 1219 2266 130 Kilometern per Stunde zeigen. Die Diſtanz
197 2257 838 2312 des Wettfliegens beträgt 150 Kilometer.
494 2339 925 2405 Staatseiſenbahnrat.
932 2392 1183 2429 Wien, 1. Juli.
268 2437 1222 2494 Die Verhandlungen des Staatseiſenbahnrates fanden heute
192 2476 1219 2533 mit den Beratungen der Ausſchüſſe für Angelegenheiten des
186 2515 1220 2582 Perſonenverkehres und des Güterverkehres
193 2555 466 2610 ihre Fortſetzung.
262 2607 1221 2651 Im Ausſchuß für Angelegenheiten des Güterverkehres
195 2644 1223 2692 beſprach zu Beginn der Beratung Miniſterialrat Dr. von
195 2671 1225 2771 Pichler die Erneuerung des Ausnahmstarifes für
195 2726 1223 2772 Heizöl und brachte zur Kenntnis, daß das Eisenbahn⸗
196 2750 1224 2811 miniſterium mit Rücksicht auf den Zuſammenhang der zwiſchen
198 2787 1226 2848 den allgemeinen Petroleumtarifen und der Begünſtigung für
197 2825 1226 2891 Heizöl beſtehe, der Anſchauung ſei, daß eine Aufhebung oder
196 2867 1225 2925 Aenderung dieſer Begünſtigung nur im Zuſammenhange mit
198 2905 1225 2964 einer Aenderung der allgemeinen Petroleumtarife tunlich wäre.
198 2945 1226 3004 Das Eiſenbahnminiſterium hat die Abſicht, die letzteren Tarife
201 2981 1227 3042 im Falle einer Konſolidierung der Verhältniſſe der Petroleum⸗
199 3022 1229 3082 induſtrie einer Reviſion zu unterziehen und bei dieſem
200 3061 1227 3122 Anlaſſe auch die Frage der Heizöltarife zu regeln. Die Be⸗
202 3101 1230 3164 günſtigung für Heizöl ſei daher vom Juni 1911 bis zum
200 3140 1228 3200 Ablauf des Giltigkeitstermins der allgemeinen Petroleumtarife,
175 3180 1230 3239 das iſt bis zum 10. Auguſt 1911, verlängert worden.
281 3217 1232 3277 Es gelangte auch der Antrag des Mitgliedes Dr. Hans
206 3257 1228 3318 Grafen Lariſch⸗Mönnich, betreffend Durchrechnung
208 3298 1229 3357 der Frachtſätze im Verkehr zwiſchen den Stationen der
207 3334 1232 3397 öſterreichiſchen Staatsbahnen und der Auſſig⸗
207 3377 1231 3435 Teplitzer Bahn zur Verhandlung. Der Regierungs⸗
203 3413 1232 3471 vertreter Sektionsrat Dr. Scheike führte aus, daß die Durch⸗
208 3453 1231 3514 rechnung der Gütertarife zwiſchen den Stationen der Auſſig⸗
204 3492 1232 3553 Teplitzer Bahn und den Staatsbahnen einen Ausfall von zirka
208 3532 1232 3589 3 Millionen Kronen, davon allein 2·2 Millionen Kronen für
209 3570 1232 3630 Kohlentransporte, zur Folge haben würde. Da auch das gleiche
208 3612 1233 3670 Recht wie die Intereſſenten der Auſſig⸗Teplitzer Bahn jene der
191 3650 1234 3709 übrigen Privatbahnen haben und mit Rückſicht auf die finan⸗
210 3687 1233 3749 ziellen Konſequenzen einer ſolchen Maßnahme ſei das Eiſen⸗
212 3727 1234 3787 bahnminiſterium nicht in der Lage, den Antrag zu akzep⸗
211 3772 1219 3829 tieren. Der Antrag wurde abgelehnt.
250 3807 1236 3866 Zum Antrage des Mitgliedes Janotta, betreffend die
211 3846 1235 3905 Einführung des bei den preußiſchen Staatsbahnen üblichen
213 3884 1237 3944 Vorganges bei telephoniſchen Güteraviſierun⸗
214 3926 1242 3985 gen erklärte der Regierungsvertreter Dr. Gintl, daß zu⸗
214 3964 1237 4023 folge der Inſtruktionsbeſtimmungen die Frage der telephoni⸗
214 4003 1236 4063 ſchen Güteraviſierungen im Bereiche der Staatseiſenbahnver⸗
216 4058 600 4101 waltung geregelt werde.
402 4101 1054 4147 Der Eiſenbahnverkehr nach Bosnien.
287 4140 1238 4198 In der heutigen Sitzung des Staatseiſenbahnrates ſtellte
211 4179 1238 4242 Mitglied Abg. Maſtalka den Antrag, einen direkten kom⸗
213 4218 1240 4281 binierten Eiſenbahn⸗ und Schiffahrtstarif von öſterreichiſchen
213 4257 1237 4316 Stationen über Trieſt und die dalmatiniſchen Häfen nach
214 4295 1236 4356 Eiſenbahnſtationen Dalmatiens, Bosniens und der Herzegowina
212 4336 1239 4398 nach Art des norddeutſch⸗öſterreichiſch⸗ungariſchen Eiſenbahn⸗
214 4373 1239 4432 verbandes zu erſtellen, welcher für den Verkehr zwiſchen
212 4413 1241 4473 Schweden und Norwegen einerſeits und Oeſterreich⸗Ungarn
216 4453 1238 4510 andererſeits beſteht. In der Begründung des Antrages wird
216 4492 1242 4551 ausgeführt: Trotzdem die heutigen Tarifſätze nach Bosnien
215 4531 1240 4592 und der Herzegowina doppelt ſo hoch ſind als nach Kal⸗
217 4570 1241 4631 kutta und China, wird es wegen des in politiſchen Rückſichten
217 4608 1242 4667 begründeten Widerſtandes der ungariſchen Staatsbahnen nicht
216 4643 1242 4707 Möglich ſein, durch direkte Eiſenbahntarifſätze volle Abhilfe
220 4688 1244 4749 zu ſchaffen. Es wäre daher angezeigt, für den genannten
219 4727 1244 4781 Verkehr aus den cisleithaniſchen Ländern nach Bosnien und
220 4765 1244 4827 ſpeziell nach Dalmatien und der Herzegowina billigere Sätze
219 4805 1245 4859 im Wege des kombinierten Bahn⸗ und Seeverkehres über
219 4843 1245 4906 Trieſt und dalmatiniſche Häfen, wobei die Agentie des Oeſter⸗
221 4883 1245 4938 reichiſchen Lloyd die Umladung der Güter aus den Waggons
221 4922 1245 4976 in die Schiffe und aus den Schiffen in die Waggons be⸗
223 4962 667 5015 ſorgen würde, anzuſtreben.
296 5000 1248 5054 Nach den koloſſalen Opfern, welche die öſterreichiſchen
221 5040 1249 5099 Steuerträger und in erſter Reihe die öſterreichiſche Induſtrie
223 5079 1248 5133 gebracht haben und zum Zwecke der Angliederung dieſer
223 5118 1251 5172 Länder an die öſterreichiſche Monarchie auch weiterhin werden
224 5151 1251 5211 bringen müſſen, iſt dieſes von der öſterreichiſchen Induſtrie
218 5196 1251 5252 zum Zwecke der Ermöglichung und Verbilligung der Handels⸗
1246 277 2267 335 beziehungen in dieſen Ländern geſtellte Verlangen gewiß be⸗
1246 317 2267 376 rechtigt und für die Entwicklung der ganzen Staates nützlich
1246 363 1499 410 und notwendig.
1321 396 2267 454 Aeußerſt mißlich und unerträglich ſind die heutigen Ver⸗
1249 435 2269 494 hältniſſe zu einer Zeit, wo der öſterreichiſchen Induſtrie ſämt⸗
1247 472 2267 534 liche überſeeiſchen fremden Kolonien zugänglicher ſind als
1248 510 2268 571 die eigenen direkt angrenzenden Länder Bosnien, Herzego⸗
1251 557 2269 611 wina und Dalmatien, trotzdem Abhilfe in der Hand der
1251 595 2268 650 Staatsverwaltung liegt und eine ſolche ohne jede Opfer,
1252 633 2270 691 reſpektive ohne jede weitere Ermäßigung der Frachtſätze mög⸗
1251 681 1366 724 lich iſt.
1323 712 2273 771 Die bei dem Transporte erreichten Erſparniſſe würden
1252 749 2275 807 unſerer regen Induſtrie genügen, damit ſie auch in Hinkunft
1252 791 2273 847 in dieſen Ländern eine feſte Poſition, welche, ihr für die
1251 831 2272 886 dargebrachten Opfer mit Recht gebührt, bewahren könnte.
1253 871 2276 925 Es wird ſohin der Antrag geſtellt, einen direkten kombinierten
1253 907 2276 963 Tarif aus den cisleithaniſchen Ländern nach Bosnien, Herze⸗
1255 950 2274 1003 gowina und Dalmatien via Trieſt nach den dalmatiniſchen,
1254 989 2277 1042 bosniſchen und herzegowiniſchen Stationen von allen für die
1254 1026 2181 1083 Induſtrie wichtigen öſterreichiſchen Stationen zu erſtellen.
1251 1102 2275 1177 Das Befinden des Hofoperndirektors Mottl.
1506 1174 2016 1213 (Telegramm der „Neuen Freien Preſſe“.)
1923 1207 2241 1248 München, 1. Juli.
1325 1250 2272 1309 In dem Befinden des Hofoperndirektors Mottl hat nach
1251 1284 2276 1345 den heute vormittags im Krankenhauſe erteilten Auskünften die
1249 1330 2273 1383 kleine Beſſerung, die ſich geſtern einſtellte, bis heute früh
1252 1367 2274 1425 angehalten. Das ſchwankende Befinden bleibt aber nach wie vor
1248 1418 1409 1467 ſehr ernſt.
1373 1484 2176 1553 Der internationale Seemannsſtreik.
1384 1553 2168 1603 Mißhandlung von chineſiſchen Streikbrechern.
1332 1593 2278 1649 Cardiff, 1. Juli. Für Liverpool angeworbene Chineſen
1254 1633 2282 1690 wurden hier von Ausſtändigen durch die Straßen
1255 1682 1766 1734 gejagt und mißhandelt.
1454 1723 2093 1770 Beſchlüſſe der Ausſtändigen in Hull.
1332 1764 2278 1824 Hull, 1. Juli. Eine Verſammlung von 12.000 Aus⸗
1255 1802 2278 1866 ſtändigen lehnte es ab, den von den Führern des Aus⸗
1259 1844 2276 1902 ſtandes angenommenen Einigungsbedingungen zuzu⸗
1257 1881 2280 1941 ſtimmen, ſolange nicht auch eine Regelung der Forde⸗
1257 1921 2281 1981 rungen der Dockarbeiter erfolgt ſei. Die Eiſenbahn⸗
1257 1962 2284 2018 arbeiter haben ihre Stellungnahme bis zu der für morgen an⸗
1259 2003 1857 2055 beraumten Verſammlung aufgeſchoben.
1326 2049 2215 2101 Beſchlüſſe der Rhedervereinigung in Nordengland.
1336 2091 2284 2147 Newcaſtle, 1. Juli. In einer Verſammlung der Rheder⸗
1260 2130 2285 2190 vereinigung von Nordengland wurde angekündigt, daß Schritte
1261 2169 2286 2230 getan werden ſollen, um zu erreichen, daß 25 Prozent der
1260 2206 2286 2269 geſamten nichtgecharterten Schiffe der Welt
1262 2254 2001 2305 aus dem Verkehr gezogen würden.
1278 2332 2274 2413 Das portugieſiſche Trennungsgeſetz und die
1689 2402 1866 2462 Mächte.
1517 2463 2040 2508 (Telegramm der „Neuen Freien Preſſe“.)
1499 2492 2255 2542 Berlin, 1. Juli.
1341 2536 1960 2591 Aus Liſſabon wird berichtet:
1345 2573 2284 2634 Am kommenden Montag den 3. Juli tritt das
1266 2619 2290 2683 vorbehaltlich der ſpäteren Genehmigung durch die National⸗
1267 2660 2288 2726 verſammlung erlaſſene Dekret über die Trennung
1267 2707 2287 2770 von Kirche und Staat in Kraft. Dadurch wird
1266 2752 2289 2815 eine ernſte völkerrechtliche Streitfrage
1268 2795 2290 2862 aufgerollt, denn die proviſoriſche Regierung hat bisher
1271 2839 2291 2908 noch nicht auf die Anfragen der hieſigen fremden
1268 2882 2290 2946 diplomatiſchen Vertretungen darüber geantwortet, ob die
1268 2922 2291 2991 in Portugal beſtehenden ausländiſchen Kirchen
1271 2974 2291 3033 und geiſtlichen Geſellſchaften von der Wirk⸗
1270 3018 2291 3078 ſamkeit ſämtlicher Beſtimmungen des Trennungsdekrets
1272 3072 1613 3121 ausgenommen ſind.
1350 3106 2294 3164 Der engliſche Geſchäftsträger wie der
1271 3150 2293 3209 deutſche, italieniſche und franzöſiſche
1272 3195 2292 3252 Geſandte haben dem Miniſter des Auswärtigen,
1274 3239 2295 3297 Machado, mitgeteilt, daß ſie die Erſtreckung jener
1275 3282 2297 3344 Beſtimmungen auf die fremden Kirchen und deren Kirchen⸗
1275 3326 2294 3384 vermögen nicht anerkennen. Sie haben weiter erklärt,
1275 3369 2296 3427 wenn die portugieſiſche Regierung nicht vor Ablauf
1275 3414 2298 3471 dieſes Monats beſtimmte Zuſicherungen gebe, daß die
1276 3458 2297 3515 fremden Kirchen und deren Eigentum vollſtändig von
1279 3501 2293 3558 der Giltigkeit des Trennungsgeſetzes ausgeſchloſſen ſind,
1278 3545 2298 3602 ſo würden am 1. Juli alle dieſe fremden Kirchen
1279 3588 2299 3646 geſchloſſen und auf ihnen die betreffenden
1278 3633 2299 3690 Nationalflaggen gehißt, alſo den portu⸗
1279 3676 2300 3742 gieſiſchen Behörden der Zutritt zu dieſen Gebäuden un⸗
1280 3728 1707 3786 möglich gemacht werden.
1358 3764 2303 3822 Auch Rußland, Oeſterreich⸗Ungarn
1279 3807 2303 3866 und Spanien ſind, obwohl keine Kirchen ihrer
1284 3852 2300 3911 Landesangehörigen in Portugal beſtehen, entſchloſſen,
1282 3897 2302 3956 das Vorgehen der genannten vier Mächte zu unterſtützen.
1433 3981 2145 4053 Ungariſches Abgeordnetenhaus.
1537 4054 2058 4092 (Telegramm der „Neuen Freien Preſſe“.)
1950 4089 2273 4129 Budapeſt, I. Juli.
1359 4137 2306 4190 Im Abgeordnetenhauſe wurde heute zunächſt das Inter⸗
1281 4170 2309 4229 pellationsbuch verleſen. Dasſelbe enthält unter anderen eine Inter⸗
1283 4217 2308 4272 pellation des Abg. Lovaszy, der an den Landesverteidigungs⸗
1283 4254 2307 4309 miniſter Hazai die Frage richtet, ob er Kenntnis davon beſitze,
1284 4294 2309 4348 daß zwei Reſerveoffiziere, die bei der jüngſten Abgeordnetenwahl
1283 4334 2309 4389 in Szegedin oppoſitionell geſtimmt haben, vom Oberſten ihres
1285 4379 1790 4424 Regiments beſtraft worden ſeien
1362 4412 2310 4465 Hierauf wird vor ziemlich leeren Bänken die Appro⸗
1285 4450 2310 4506 priationsdebatte fortgeſetzt. Zu derſelben ſprachen zu⸗
1283 4489 2310 4543 nächſt Stephan Szabo (Achtundvierziger Landwirtepartei) und
1286 4529 2312 4584 Stephan Haller (Volkspartei), welche beide wegen Mißtrauens
1285 4564 2140 4621 gegen die Regierung die Vorlage abzulehnen erklärten.
1363 4607 2312 4661 Der nächſte Redner war der Abg. Benedek (Juſth⸗
1287 4646 2313 4701 Partei), der in einer mehr als einſtündigen Rede ſeinen ab⸗
1288 4691 1815 4738 lehnenden Standpunkt begründete.
1364 4724 2232 4777 Hierauf ging das Haus auf die Interpellationen über.
1288 4807 2314 4869 Die Unabhängigkeitsparteien und das Wehr⸗
1740 4859 1859 4906 geſetz.
1370 4912 2315 4968 Die Bemühungen, eine Kooperation der beiden
1295 4956 2318 5014 Gruppen der Unabhängigkeitspartei gegen die militäriſchen
1294 5000 2317 5057 Vorlagen zu ſtande zu bringen, dauern fort. Dienstag
1293 5043 2319 5098 abends findet ein gemeinſames Bankett der
1295 5086 2316 5145 Mitglieder der beiden Parteien ſtatt, bei welchem auch
1294 5133 1996 5188 politiſche Reden gehalten werden ſollen.
2343 271 3312 331 Die kroatiſche Abgeordneten im ungariſchen
2715 321 2931 371 Reichstag.
2395 374 3339 431 Der geſtrigen Rede des kroatiſchen Abgeordneten
2316 418 3339 477 Szekulics, der in der Appropriationsdebatte wohl
2318 463 3343 523 die Beſchwerden der Kroaten aufzählte, das Budget aber
2319 507 3342 567 nicht ablehnte, war eine längere Beratung im Klub der
2321 551 3345 611 kroatiſchen Abgeordneten vorausgegangen. Der Abgeord⸗
2320 596 3344 656 nete Papratovics vertrat den Standpunkt, daß die
2322 641 3346 701 kroatiſchen Abgeordneten das Budgetgeſetz ſolange nicht
2321 685 3342 745 votieren ſollen, bis alle kroatiſchen Beſchwerden ſaniert
2323 730 3347 790 ſeien. Einen ähnlichen, wenn auch in der Form ge⸗
2320 775 3344 835 mäßigteren Standpunkt vertrat der Abgeordnete Pin⸗
2323 821 3347 878 terovics. Auf Wunſch des Banus Dr. v. Toma⸗
2313 860 3333 919 ſics, der erklärt, daß er im Falle der Annahme des
2322 908 3345 971 Antrages Papratovics ſeine Demiſſion geben müßte,
2325 959 2881 1010 wurde dieſer Antrag abgelehnt.
2404 1003 3347 1064 In den ungariſchen Regierungskreiſen legt man der
2323 1050 3346 1110 geſtrigen Konferenz der kroatiſchen Abgeordneten kein
2324 1095 3346 1155 Gewicht bei, da es ſich nur um die Unzufriedenheit eines
2325 1139 3349 1201 einzelnen Abgeordneten handelt. Sollte Papratovics auch
2328 1184 3349 1246 aus dem Klub austreten, ſo würde dies doch die Lage
2324 1229 3349 1291 nicht im geringſten ändern. Es beſteht gegenwärtig
2327 1274 3350 1335 nicht die Abſicht, in Kroatien irgend
2325 1317 3349 1381 welche wichtige Aenderungen durchzu⸗
2328 1368 2514 1432 führen.
2366 1451 3310 1512 Die Sozialdemokraten und die Juſth⸗Partei.
2407 1511 3352 1570 Das ſozialdemokratiſche Organ „Nepſzava“ kriti⸗
2327 1555 3352 1614 ſiert die geſtrige Rede des Wortführers der Juſth⸗Partei,
2331 1598 3354 1658 Ludwig Hollo. Das Blatt findet es auffallend, daß
2329 1637 3354 1700 Hollo nur von dem allgemeinen und nicht von dem all⸗
2329 1685 3356 1743 gemeinen, gleichen, geheim und länderweiſe auszuüben⸗
2329 1728 3354 1785 den Wahlrecht geſprochen habe. In dem Tone wie Hollo
2333 1771 3358 1830 hätten auch die Gegner einer wirklich demokratiſchen Wahl⸗
2326 1819 2650 1877 reform geſprochen.
2328 1903 3353 1983 Der Vortrag des Profeſſors Carrel über das
2327 1968 3354 2045 Wachſen von Geweben außerhalb des Körpers.
2372 2047 3317 2108 Mitteilungen eines hervorragenden Wiener
2707 2096 2975 2147 Phyſiologen.
3066 2146 3320 2184 Wien, 1. Juli.
2411 2192 3356 2251 Jeder Lebensvorgang in den Zellen, den wir unter
2329 2236 3345 2297 dem Mikroſkop auf dem Objekttiſch beobachten,
2335 2282 3360 2340 bedeutet das Fortleben der Zellen außerhalb des Organis⸗
2336 2327 3359 2386 mus. Die Zellen leben nicht bloß weiter, ſondern ſie
2333 2371 3357 2429 wachſen außerhalb des Körpers, was man an der Zellen⸗
2335 2415 3359 2474 teilung wahrnimmt. Profeſſor Stricker in Wien hat
2334 2461 3359 2519 bereits vor zwanzig Jahren an der Hornhaut des Froſches
2336 2501 3384 2563 beobachtet, und zwar außerhalb des Organismus unter
2337 2549 3375 2608 dem Mikroſkop, daß die Zellen wachſen, ſich vermehren,
2337 2592 3379 2651 ſich teilen und auswandern. Hiemit war das Prinzip des
2339 2639 3363 2697 Fortlebens der Zellen außerhalb des Organismus ge⸗
2338 2682 3376 2741 geben. Profeſſor Winterſtein, der bekannte Phyſio⸗
2338 2719 3375 2786 loge aus Roſtock, hat auf dem letzten Internationalen
2337 2763 3362 2830 phyſiologiſchen Kongreß im Herbſte des Vorjahres in
2341 2817 3363 2874 Wien vier Embryonen demonſtriert, welche außerhalb des
2341 2862 3365 2918 mütterlichen Körpers wachſen. Es handelt ſich alſo hier
2341 2901 3362 2963 um Tatſachen, welche bereits ſeit längerer Zeit be⸗
2341 2962 2528 3007 kannt ſind.
2422 3003 3366 3060 Intereſſant iſt die Tatſache, daß die Geſchwulſtzellen,
2342 3047 3365 3106 welche auch im Organismus ein raſcheres Wachstum
2341 3089 3381 3150 zeigen, außerhalb des Organismus raſcher wachſen, als
2346 3139 2594 3193 andere Zellen.
2425 3185 3384 3245 Die Verſuche von Carrel ſind vom phyſiologiſchen)
2346 3228 3386 3288 Standpunkte aus ſehr intereſſant, wenn ſie auch prin⸗
2347 3273 3369 3332 zipiell nichts Neues bieten. Denn wir ſehen unter dem
2350 3316 3372 3376 Mikroſkop ganz beſtimmte Lebens⸗ und Wachstumsvor⸗
2351 3362 3369 3420 gänge, zum Beiſpiel die Zuſammenziehung des Muskels,
2350 3403 3374 3462 die Teilung und Vermehrung der Zellen, und auch, wie
2350 3443 3372 3506 ſchon Stricker beobachtet hat, das Wandern der Zellen.
2351 3492 3373 3549 Der ganze Fortſchritt, der Transplantation in der
2352 3534 3388 3593 Chirurgie, das heißt das Ueberpflanzen von Geweben und
2351 3577 3390 3635 Gewebsteilen auf andere Stellen desſelben Menſchen oder
2352 3622 3372 3680 anderer Menſchen beruht ja auf dem Ueberleben der Ge⸗
2350 3666 3374 3723 websteile außerhalb des Organismus. Zweifellos hat
2352 3708 3372 3767 Carrel durch eine ausgebildete Verſuchstechnik auf dieſem
2351 3753 3371 3811 Gebiete ſehr intereſſante Beobachtungen gemacht. Ob dieſe
2352 3797 3371 3858 Beobachtungen für die praktiſche Medizin von Bedeutung
2352 3847 2968 3900 ſind, kann erſt die Zukunft lehren.
2350 3950 3376 4010 Operation an einem Enkel des Grafen Witte.
2607 4016 3128 4052 (Telegramm der „Neuen Freien Preſſe“.)
2437 4057 3375 4114 Frankfurt am Main, 1. Juli. Von kompetenter
2352 4101 3374 4158 Seite wird Ihrem Korreſpondenten mitgeteilt, daß die
2353 4145 3372 4202 Gerüchte, Graf Witte ſei in Frankfurt operiert worden,
2354 4188 3375 4246 unrichtig ſind. Es liegt eine Verwechſlung vor. Nicht
2355 4233 3376 4290 an Grafen Witte, ſondern an einem ſeiner
2355 4277 3374 4335 Enkel wurde eine geringfügige Ope⸗
2352 4326 2901 4377 ration vorgenommen.
2434 4365 3374 4421 Graf Witte befindet ſich vollkommen wohl und
2354 4409 3375 4466 hat geſtern im Kreiſe einer ihm ſeit langem bekannten
2357 4452 3385 4511 Familie ſeinen Geburtstag gefeiert. Er reiſt heute in ein
2358 4497 3378 4555 deutſches Bad und wird ſich hierauf nach längerem Auf⸗
2357 4544 3171 4599 enthalte dortſelbſt nach Biarritz zurückbegeben.
2480 4630 3260 4687 Die Millionen des Fürſten Oginski.
2612 4693 3123 4729 (Telegramm der „Neuen Freien Preſſe“.)
2442 4731 3386 4789 Berlin, 1. Juli. Aus Petersburg wird ge⸗
2365 4776 3388 4834 meldet: Wegen der Millionenerbſchaft des
2366 4819 3387 4879 Fürſten Oginski, die zu dem Senſationsprozeſſe
2360 4856 3386 4922 Wonljarljarski führte, ſteht ein zweiter aufſehen⸗
2366 4904 3386 4966 erregender Prozeß bevor. Geſtern wurde der Mitarbeiter
2366 4952 3390 5010 der „Nowoje Wremja“, Gaideburow, verhaftet,
2368 4995 3388 5055 der beſchuldigt wird, das Teſtament des Fürſten zu
2365 5039 3398 5101 Gunſten ſeiner Frau, angeblich einer außerehelichen Tochter
2366 5089 2963 5144 Oginskis, gefälſcht zu haben.
