3488 5345
928 194 1200 247 Wien, Samstag
164 212 354 247 Nr. 11085
1455 194 2037 247 Neue Freie Presse.
2300 194 2526 247 6. Juli 1895
122 283 1145 332 ihrem „Rosengärtlein“ erzählt, von dem die verzweifelten Ge⸗
123 322 1147 375 fangenen den Todessprung in den Abgrund machten. Bald er⸗
121 361 1147 407 blicken wir dann das Schloß und Kloster Schönbihel und das
123 400 1148 447 auf einer Felsenkrone gelegene Stift Melk, die Perle unter den
122 437 1148 485 berühmten Benedictiner=Klöstern Oesterreichs. Dort verlassen die
122 476 1147 524 Wiener, welche bis an die Spitze der Wachau gelangen wollen,
123 514 1150 563 das Schiff um 7 Uhr Morgens. Eine reiche Auswahl herrlicher
123 553 1149 604 Partien steht ihnen zu Gebote. Bahn und Schiff stehen ihnen für
124 591 1149 642 die Rückkehr zur Verfügung. Sowol die Dampfschifffahrt=Gesell⸗
122 630 1149 679 schaft als die Staatsbahnen geben Rundreisekarten für die Fahrt
124 669 1150 718 aus, welche die Benützung beider Fahrgelegenheiten gestatten.
123 706 1149 757 Jeder Sonntag bringt in die Wachau neue Gäste, und die herr⸗
122 746 1150 796 liche Gegend, der duftige Wein und die freundliche Aufnahme
123 779 1151 836 ziehen sie bald wieder in das schöne Donauthal, das an Reiz
123 827 901 874 hinter den schönsten Rheinpartien nicht zurücksteht.
202 871 1151 921 [Russische Kirche in Marienbad.] Großfürst
122 910 1150 958 Wladimir von Rußland übergab vor seiner Abreise aus
125 950 1151 996 Marienbad dem Besitzer des dortigen Hotel=Casinos, Herrn
123 983 1152 1037 Petzoldt, als Beitrag für die Erbauung einer russischen Kirche
124 1035 467 1072 in Marienbad 200 fl.
205 1073 1152 1123 [Aus Curorten und Sommerfrischen.] Der
126 1112 1153 1163 Schulschluß naht, an einigen Unterrichtsanstalten haben die Ferien
125 1151 1154 1203 sogar schon begonnen, und zahlreiche Familien, welche blos diesen
126 1191 1152 1238 Termin abwarten, um der Stadt den Rücken kehren zu können,
126 1229 1154 1279 rüsten zur Abreise. Seit Wochen bildet die Frage: Wohin? fast
127 1267 1154 1317 das ausschließliche Tagesgespräch, und es werden alle Behelfe zu
125 1306 1154 1357 Rathe gezogen, um die Erholungspause in der zweckentsprechendsten
126 1344 1155 1394 und dabei angenehmsten Weise verbringen zu können. Hand in
126 1384 1152 1434 Hand mit der Entwicklung der Verkehrsmittel macht sich das
129 1421 1154 1468 Streben immer deutlicher bemerkbar: Nur weit weg! Es werden
129 1461 1155 1511 manchmal förmliche Recordfahrten veranstaltet, und Viele, denen
131 1499 1155 1549 es die Mittel gestatten, nehmen Sommeraufenthalt jenseits der
127 1538 1155 1589 schwarz=gelben Grenzpfähle, um weit, weit entfernt von heimischen
129 1571 1155 1628 Stimmungen und Verstimmungen volle Erholung zu suchen. Aber
130 1616 1157 1665 es ist doch nur die Minorität, die überwiegend große Masse bleibt
129 1655 1155 1704 im Lande und nährt sich redlich von unserer Alpenluft und noch
130 1694 1156 1744 substantielleren Dingen. Die localen Behörden in unseren Cur⸗
130 1732 1156 1781 orten und Sommerfrischen bieten Alles auf, um etwa bestehenden
130 1770 1157 1820 Uebelständen abzuhelfen und Einrichtungen zu schaffen, welche
130 1805 1155 1862 dazu beitragen, den Strom der Reisenden im Inlande festzuhalten.
131 1848 1155 1898 Auch kleinere, idyllische Plätze thun sich darin vortheilhaft hervor.
130 1886 1153 1937 Aus Gaming in Niederösterreich wird uns geschrieben: Harz⸗
132 1922 1157 1977 duflende Fichtenwälder, welche mit grünen Bergmiesen wechseln,
131 1961 1158 2015 umrahmen den schmucken Markt, der durch die Flügelbahn
132 2002 1158 2053 Pöchlarn=Kienberg=Gaming zum natürlichen Ausgangspunkt für
132 2037 1158 2091 die reichlohnenden Ausflüge zum Oetscher, Dürrenstein und zu
132 2079 1160 2131 den Lunzer Seen wird. Der Besuch dieses Gnadenwinkels der
134 2118 1159 2168 Natur wächst von Jahr zu Jahr und der Verschönerungsverein
134 2158 1159 2208 daselbst ist bemüht, den Sommergästen den Aufenthalt zu einem
133 2196 1160 2250 genußreichen zu machen; einem viel gehegten Wunsche und wahr⸗
134 2236 1160 2286 haften Bedürfnisse entsprechend, wurde das hier bereits bestehende
134 2274 1160 2324 Bad im Vorjahre bedeutend vergrößert und mit Warmbädern
135 2312 1160 2363 sammt Douche neu hergestellt; das Vollbad wird von spiegel⸗
135 2352 1160 2400 klarem Quellwasser gespeist und erreicht die Temperatur von 17
136 2385 1161 2435 bis 19 Grad. Die Bade=Anstalt befindet sich, landschaftlich reizend
135 2423 1161 2481 gelegen, im Weichbilde des Ortes. Historisch erhält Gaming Be⸗
137 2461 1160 2519 deutung durch seine im 14. Jahrhundert von Herzog Albrecht II.
135 2515 509 2556 erbaute Karthäuserkirche.
214 2545 1162 2595 Auch heuer wird der inmitten von Föhren= und Tannen⸗
136 2583 1163 2634 wäldern herrlich gelegene Luftcurort Alexanderhof nächst
138 2617 1162 2675 Siegenfeld, unweit von Baden gern von Reconvalescenten auf⸗
136 2661 1163 2712 gesucht. Der Curort bietet durch hervorragende klimatische Ver⸗
135 2693 1163 2751 hältnisse, als auch durch sonstige Vortheile einen angenehmen Auf⸗
136 2738 1164 2789 enthalt. Durch die hohe Lage ist die Luft von ausgezeichneter
136 2772 994 2828 Reinheit und Frische.
216 2815 1164 2866 Aus Bozen schreibt man uns: Das Project, die Sommer⸗
138 2854 1164 2905 frischorte am Ritten mit der Stadt Bozen durch die Errich⸗
137 2893 1164 2945 tung einer Bergbahn näher zu verbinden, begegnet vielen Sym⸗
138 2932 1165 2983 pathien und hat begründete Aussichten auf Verwirklichung, umso⸗
138 2971 1165 3022 mehr als keine bedeutenden Schwierigkeiten bei diesem Unternehmen
139 3003 1165 3057 obwalten und auch der Finanzplan ein günstiger ist. Diese Berg⸗
138 3046 1166 3099 bahn, schmalspurig, theilweise als sogenannte Adhäsionsbahn, theil⸗
139 3081 1166 3138 weise als Zahnradbahn gedacht, soll von einer privaten Gesellschaft
139 3125 1166 3177 gebaut und unterhalten werden, und wird demnächst die Tracirung
139 3164 1166 3213 der Strecke vorgenommen werden. Der Ansgangspünkt sollte in
139 3204 1167 3250 St. Oswald am Fuße des Oberbozener Berges sein, von wo aus
140 3241 1167 3292 die Bergbahn in Serpentinen und durch einen kleinen Kehrtunnel
140 3280 1166 3329 beim Plonerhof zur Sommerfrische „Oberbozen“ emporsteigt. Hier
141 3319 1168 3368 wendet sich dann die Bahn über das Plateau des Berges gegen
141 3356 1168 3408 Nordosten (Adhäsionsstrecke) nach Klobenstein und Lengmoos am
142 3396 1168 3446 Ritten; an diesem Orte soll vorläufig die Endstation sein, doch
1190 275 2216 321 ist beim Prosperiren des Unternehmens deren Fortsetzung bis auf
1190 308 2216 361 Rittnerhorn (zum Schutzhause des Oesterreichischen Touristen⸗
1191 354 2217 399 Clubs) in weitere Aussicht genommen. Die Entfernung von Bozen
1191 392 2217 438 bis Klobenstein am Ritten beträgt ungefähr 12 Kilometer; die
1191 430 2217 476 Herstellungskosten würden sich auf etwa 800,000 fl. belaufen. Die
1192 469 2218 515 Bergbahn auf den Ritten soll hauptsächlich Fremdenverkehrszwecken
1193 513 1292 544 dienen.
1272 554 2220 600 [Rectorswahl.] Aus Graz wird uns gemeldet: Zum
1193 586 2220 639 Rector der hiesigen technischen Hochschule für das nächste Studien⸗
1193 629 2220 678 jahr wurde heute der Professor der chemischen Technologie,
1194 673 1669 722 Maximilian Kraft, gewählt.
1274 721 2221 771 [Brand.] Aus Laibach wird berichtet: Gestern um
1196 752 2221 811 11 Uhr Vormittags brach in der Ortschaft Schwiza im poli⸗
1194 799 2221 845 tischen Bezirke Laibach ein großes Schadenfeuer aus, welches, durch
1195 838 2223 884 den Wind begünstigt, 13 Wohn= und 29 Wirthschaftsgebäude
1195 868 2223 927 einäscherte. Ein Grundbesitzer kam bei dem Versuche, sein Vieh
1194 911 2222 961 zu retten, ums Leben. 19 Stück Vieh gingen zu Grunde. Der
1196 947 2220 1000 Schaden übersteigt 24,000 fl., die Versicherung ist eine minimale.
1196 993 2225 1038 Es wird angenommen, daß Unvorsichtigkeit die Ursache des Feuers
1196 1036 1368 1077 gewesen sei.
1277 1078 2225 1125 [Für das Franenstudium] Der ungarische Unter⸗
1196 1115 2225 1163 richtsminister richtete an das Professoren=Collegium der Budapester
1197 1154 2225 1203 Universität die Anfrage, ob dasselbe den Besuch der Vorlesungen
1197 1192 2226 1240 durch Frauen für zulässig halte. Die medicinische und philosophische
1197 1233 2225 1279 Facultät, welche sich in erster Reihe für diese Frage interessirten,
1197 1272 2226 1318 sprachen sich für die Zulassung aus. Dieser Ansicht pflichtete nun⸗
1197 1311 2226 1356 mehr auch der Universitäts=Senat bei, welcher aussprach, daß den
1199 1349 2226 1395 Frauen der Besuch von Fall zu Fall zu gestatten sei, und solche,
1198 1380 2227 1434 welche die vorschriftsmäßige Vorbildung besitzen, Medicin und
1198 1427 2228 1472 Pharmacie studiren und Diplome erlangen können. Der Senat
1197 1465 2228 1510 theilte diese seine Entscheidung der in Rede stehenden Frage dem
1199 1501 1466 1549 Ministerium mit.
1278 1550 2229 1597 (Berliner Gewerbe=Ausstellung 1896.] Die
1198 1590 2229 1635 seit vielen Jahren in Vorbereitung begriffene, gewerbliche Aus⸗
1198 1629 2229 1673 stellung in Berlin wird nunmehr im Jahre 1896 stattsinden. Nach
1199 1667 2229 1714 dem uns vom Arbeitsausschusse zugesendeten Programm wird die
1199 1707 2229 1756 Ausstellung 24 Gruppen umfassen, und zwar nebst den rein
1200 1744 2230 1790 gewerblichen Erzeugnissen alle Wohlfahrtseinrichtungen, sowie den
1199 1784 2228 1829 heutigen Stand der Gesundheitspflege und der Unfallverhütung,
1201 1822 2230 1873 ferner den Gartenbau, Unterricht und Erziehung, Sport, Re⸗
1200 1857 2230 1905 staurationswesen, endlich auch eine Colonial=Abtheilung zur Vor⸗
1201 1899 2230 1944 führung bringen. Die Ausstellung soll ein Gesammtbild der Ber⸗
1201 1938 2232 1983 liner Gewerbe=Thätigkeit bieten und die Bedeutung Berlins als
1201 1977 2230 2022 Industrie= und Handelsstadt klarstellen. Auch dem Kunstgewerbe
1201 2016 2231 2062 soll hervorragende Aufmerksamkeit gewidmet werden. Um demselben
1202 2055 2230 2100 neue Ideen zuzuführen, kommen kunstindustrielle Arbeiten früherer
1201 2088 2233 2144 Zeiten zur Ausstellung, und Kaiser Wilhelm hat die Ge⸗
1202 2124 2231 2178 nehmigung zur Expositron der in seinem Besitze befindlichen kunst⸗
1203 2170 2228 2216 gewerblichen Schätze ertheilt. Der Ausstellungsplatz wird sich im
1203 2210 2231 2255 Treptower Parke befinden und soll größer werden als der aller
1203 2248 2232 2294 seitherigen Weltausstellungen in Europa. Auch der Unterhaltung
1204 2287 2229 2336 soll in erster Reihe durch die Erbauung von „Alt=Berlin“
1207 2318 2232 2370 auf einem Platze von 45,000 Quadratmetern Ausdehnung Rech⸗
1206 2364 2233 2410 nung getragen werden. Dasselbe soll Berlin in seinem Schaffen
1205 2403 2233 2449 wie im Genießen zeigen und in die Tage zurückversetzen, „da der
1206 2441 2234 2486 Märker noch schwere Grenzwacht hielt". Auch eine „Straße von
1205 2480 2233 2524 Kairo", die bekanntlich als Rue de Caire bei der Pariser Aus⸗
1205 2519 2235 2565 stellung 1889 figurirte, soll es geben. Hier soll die Berliner Kunst
1206 2558 2232 2604 imitirender Decoration an einem bekannten Object die Eigenart
1204 2597 2235 2645 genau erfassender Nachschaffung darthun. Die Ausstellung soll
1204 2636 2235 2684 vom Mai bis October 1896 datern. Protector derselben ist
1206 2668 2235 2719 Prinz Friedrich Leopold von Preußen, Ehrenpräsident der
1206 2714 2085 2758 preußische Handelsminister Freiherr v. Berlepsch.
1287 2760 2236 2805 [Wiener im Norden.] Aus Bergen wird uns ge⸗
1207 2798 2238 2844 meldet: Die Reisegesellschaft, welche sich an der Nordlandsfahrt
1208 2837 2238 2882 des Wissenschaftlichen Clubs betheiligt, ist glücklich in Bergen ein⸗
1207 2868 2238 2922 getroffen. Montag wurde bei überaus schlechtem Wetter der
1209 2912 2238 2959 Svartisen=Gletscher besichtigt. Dienstag hatte sich das Firmament
1208 2953 2238 3000 wieder aufgeklärt und gestattete auf der Insel Torge den Aufstieg
1209 2991 2239 3037 auf den Hullat, eine interessante kleine Bergpartie. Mittwoch fand
1209 3030 2239 3075 die Fahrt nach dem felsenumschlossenen prächtigen Geirangerfjord
1209 3062 2240 3114 statt, wo die vielen von den schroffen Bergwänden herabstürzenden
1209 3108 2240 3153 Wasserfälle ein mächtiges Echo wecken. Gestern Abends fand auf
1211 3147 2055 3193 dem Schiff eine improvisirte Theater=Vorstellung statt.
1290 3194 2242 3240 [Hermanu v. Helmholtz.] Ein in Berlin am
1210 3233 2241 3279 8. September v. J. zusammengetretenes Comité hat den Beschluß
1211 3271 2241 3318 gefaßt, dem großen Forscher dortselbst ein seiner Verdienste
1214 3310 2241 3361 würdiges Denkmal zu setzen, und im Juni dieses Jahres hat sich
1211 3349 2242 3393 in Wien ein aus österreichischen Gelehrten zusammengesetztes
1212 3387 2242 3433 Comité auf Anregung des Professors der Physiologie Sigmund
3122 184 3246 220 Seite 5
2260 263 3285 312 Exner und unter dem Vorsitz des Professors der Philosophie
2259 303 3284 352 Robert Zimmermann zu dem Zwecke gebildet, die Ab⸗
2260 343 3284 391 tragung dieser wissenschaftlichen Ehrenschuld durch Sammlung von
2260 381 3286 430 Beiträgen innerhalb Oesterreichs zu fördern. Die Einsendung der⸗
2258 420 3285 469 selben, spätestens bis zum Schlusse dieses Solarjahres, erfolgt an
2261 459 3289 506 die k. k. Rectoratskanzlei der Universität unter der Adresse des
2261 496 3287 544 Helmholtz=Denkinal=Comités und zu Handen des Herrn Kanzlei⸗
2261 535 3292 583 directors kaiserlichen Rathes Tomaschek (I., Franzensring 6).
2340 582 3290 629 [Vaticanische Bibliothek.] Aus Rom wird uns
2262 622 3288 668 berichtet, daß die durch den Tod des Monsignore Carini er⸗
2263 660 3289 709 ledigte Stelle des ersten Präfecten der vaticanischen Bibliothek
2265 699 3294 746 am 22. Juni dem P. Franz Ehrle S. J. definitiv übertragen⸗
2265 746 2427 783 worden ist.
2343 785 3289 833 [Das Herz Ludwig's XVII.] Aus Paris wird ge⸗
2265 824 3296 872 meldet, daß Don Carlos, Herzog von Madrid, der sich seit
2266 864 3305 909 dem Tode des Grafen von Chambord als das Haupt des Hauses
2266 902 3291 948 Bourbon betrachtet, in den Besitz des Herzens Ludwig's XVII.,
2266 941 3291 989 des unglücklichen Dauphin, der 1795 als Gefangener im Temple
2265 980 3293 1027 gestorben ist, gelangt sei und daß die Echtheit dieser Reliquie
2266 1018 3293 1066 urkundlich erwiesen sei. Die Geschichte dieses Herzens soll folgende
2266 1057 3294 1109 sein: Zu Anfang Juni 1795 erhielt Dr. Jean Baptiste Pelle⸗
2267 1096 3294 1143 tan von dem großen Sicherheitsansschusse den Auftrag, den
2269 1131 3296 1182 Sohn „Capet's“ während seiner Krankheit zu behandeln. „Leider
2268 1174 3294 1220 war es zu spät," erzählt Pelletan in seinen erst im vorigen Jahre
2268 1205 3293 1265 veröffentlichten Memoiren. „Das königliche Kind war in Folge
2270 1251 3296 1298 eines chronischen Durchfalls völlig geschwächt, und befand sich in
2271 1290 3296 1337 einem solchen Zustande des Verfalles, daß ich meinen Auftrag⸗
2269 1329 3296 1376 gebern officiell ankündigte, es sei nichts zu hoffen, als das baldige
2269 1359 3296 1414 Ende der Leiden des unglücklichen Knaben." Der Tod trat am
2271 1407 3297 1454 8. Juni 1895 ein. Wie Pelletan weiter erzählt, war bei der
2271 1443 3297 1492 Autopsie des Leichnams keine Spur eines gewaltsamen Todes zu
2271 1483 3296 1530 constatiren. Pelletan nahm das Herz an sich und berichtet über
2272 1523 3297 1575 dessen Aufbewahrung in seinen Memoiren Folgendes: „Ich legte
2272 1561 3297 1608 das Herz in eine mit Weingeist gefüllte Krystallvase und stellte
2272 1598 3299 1646 diese Vase auf die höchste Reihe meiner Bibliothek. Nach acht
2272 1639 3296 1686 oder zehn Jahren fand ich das Herz vertrocknet und somit
2273 1671 3295 1724 geeignet, ohne weitere Vorsichtsmaßregeln anfbewahrt zu werden."
2272 1709 3298 1763 Nach der Rückkehr der Bourbonen that Pelletan zahlreiche Schritte,
2273 1755 3299 1808 um ihnen das Herz Ludwig's XVII. zu übergeben, aber erfolglos.
2272 1787 3299 1841 Vor seinem im Jahre 1828 erfolgten Tode ließ er die Reliquie
2273 1833 3298 1880 dem Erzbischof von Paris, Monseigneur de Quelen, zugehen,
2274 1872 3299 1918 der Frau Pelletau hierüber eine Bestätigung ausstellte. Ehe in⸗
2273 1911 3299 1957 dessen die Verhandlungen über den Uebergang derselben in den
2273 1948 3298 1996 Besitz der königlichen Familie zum Abschlusse gelangten, brach die
2273 1988 3300 2034 Revolution vom Jahre 1830 herein, bei der der erzbischöfliche
2273 2027 3299 2079 Palast geplündert wurde. Ein gewisser Lescroart fand das Herz
2273 2066 3303 2112 und die dabei befindlichen Memoiren des Dr. Pelletan, nahm aber
2273 2097 3299 2151 nur die Papiere an sich und ließ die Vase zurück. Als er aus
2275 2144 3298 2190 der Lectüre der Documente erkannte, welch werthvolle Reliquie
2275 2182 3300 2233 er zurückgelassen, schrieb er dem Sohne des Dr. Pelletan, der mit
2274 2213 3300 2267 ihm und einigen Angestellten des erzbischöflichen Palastes Nach⸗
2275 2260 3301 2306 forschungen anstellte und die Bruchstücke der Vase glücklich in
2276 2298 3301 2346 einem Sandhaufen mit dem Herzen wiedergefunden haben soll.
2276 2338 3302 2384 Von Pelletan jun. gelangte das Herz in den Besitz einer
2276 2377 3303 2421 Madame Dumont, die es ihrem Sohne vermachte, von
2276 2415 3303 2462 dem es nun dem Herzog von Madrid übergeben worden
2276 2453 3301 2500 ist. Hierüber berichtet der Pariser „Figaro“ Folgendes:
2276 2483 3303 2538 Am Morgen des 22. Juni fand sich der Graf Urbain de
2277 2530 3304 2578 Maillé, Vertreter des Herzogs von Madrid, in der Wohnung
2278 2570 3304 2614 des Herrn Eduard Dumont in dem Pariser Vororte Neuilly
2276 2605 3304 2657 ein. In seiner Begleitung erschienen zahlreiche Würdenträger der
2275 2639 3305 2694 legitimistischen Partei und der Notar Morel. Graf de Maillé
2280 2686 3306 2731 überreichte Herrn Dumont einen Brief von Don Carlos, den
2281 2725 3307 2769 Dumont mit lauter Stimme den Anwesenden, die sich ehrfurchts⸗
2279 2763 3306 2809 voll erhoben hatten, verlas. Der Prinz dankte in diesem Schreiben
2279 2802 3303 2848 Herrn Dumout für die Huldigung, die er ihm mit dem Geschenke
2280 2841 3308 2886 des Herzens Ludwig's XVII. gemacht, und erklärte, diese werthvolle
2281 2879 3306 2932 Reliquie des königlichen Märtyrers in der Capelle des Schlosses
2280 2918 3306 2965 von Frohnsdorf niederzulegen. Der Reliquienbehälter ist eine
2282 2949 3307 3003 eiförmige Krystallvase, die von einer zwei Centimeter hohen Lilie
2282 2996 3308 3043 aus vergoldetem Kupfer überragt wird. Sie schließt ein aus⸗
2281 3035 3308 3083 getrocknetes Herz ein, das am oberen Ende durch einen kleinen
2282 3073 3308 3120 Kupfercylinder hochgehalten wird. Auf dem inneren Grunde liegen
2283 3111 3307 3157 fünfzehn zerbrochene Krystattstücke. Herr Dumont leistete dann
2284 3150 3308 3197 einen feierlichen Eid, daß dieses Herz das ihm von seiner Mutter
2283 3189 3312 3235 vermachte sei, die ihrerseits dasselbe von dem Herrn Gabriel
2283 3228 3310 3276 Pelletan erhalten, der es 53 Jahre in seinem Besitze gehabt
2285 3266 3311 3313 und auf sein Ehrenwort versichert, es im erzbischöflichen Palaste
2289 3306 3311 3352 gefunden und für das erkannt zu haben, das sein Vater Mon⸗
2284 3344 3313 3391 seigneur de Quélen eingehändigt hatte. Herr Dumont legte darauf
2286 3383 3316 3428 die Krystallschale in ein Kästchen aus weißem Leder, das mit
370 3487 1144 3522 Nachdruck verboten. Uebersetzung vorbehalten. Copyright, 1895.
252 3548 1064 3647 Ueber allen Gipfeln.
436 3661 875 3703 Roman von Paul Heyse.
560 3725 768 3754 (41. Fortsetzung.)
412 3775 904 3814 Dreiundzwanzigstes Capitel.
221 3831 1172 3878 Sie erreichten das Schlößchen, als die graue Wolkendecke sich
145 3865 1172 3918 eben in ein feines Geriesel aufzulösen begann. Der Fürst entließ
143 3910 1172 3958 seinen Gast mit einem freundlichen Händedruck und sagte: „Wenn
145 3947 1172 3996 das Bild nicht allzu trübe gerathen ist, gehört es Ihnen als ein
146 3989 891 4035 Souvenir an Ihren ersten Tag in Buenretiro."
174 4026 1172 4074 Erk verneigte sich, gerührt von aller Güte, die ihm hier zu
146 4066 1172 4115 Theil wurde. Dann eilte er, in seine Wohnung zu kommen. Ihm
147 4104 1172 4152 war unfroh zu Muthe. Er konnte sich nichts Besseres wünschen,
147 4137 1174 4189 als in dieser Waldeinsamkeit unter so liebenswürdigen Menschen
147 4181 1173 4231 eine zeitlang sich wohl aufgehoben zu fühlen. Und doch, gerade in
147 4220 1173 4269 dieser beschaulichen Stille empfand er den Stachel in seinem
148 4259 1173 4305 Innern und den Streit der anklagenden und beschönigenden Ge⸗
146 4297 1175 4344 danken um so quälender. Es war ihm peinlich, in dem Gemal
149 4336 1173 4384 dieser schönen Frau einen so innerlich vornehmen Menschen ver⸗
151 4375 1174 4424 ehren zu müssen, der ihm arglos das unumschränkteste Gastrecht
150 4414 1175 4463 gewährte. Dann wieder trat das Bild der Fürstin mit all seinem
149 4453 1176 4500 fremdartigen Reiz wieder vor ihn hin, und allerlei sophistische
148 4491 1175 4538 Versucherstimmen wurden in ihm wach, zu denen sich der eigen⸗
149 4530 1175 4579 sinnige Grimm und Gram um seine verlorene Liebe und Freund⸗
149 4569 1175 4617 schaft gesellte. Er saß, eine Cigarette zwischen den gepreßten Lippen,
151 4608 1177 4654 am Fenster seines behaglichen, mit hellen Möbeln ausgestatteten
149 4647 1175 4695 Wohnzimmers und sah in den Hof hinab, in den der laue Regen
151 4685 1176 4732 niederrauschte. Immer von neuem grübelte er in sich hinein und
152 4722 1176 4772 wälzte verhängnißvolle Zukunftsfragen. Zuletzt beschwichtigte er sich
151 4763 1177 4808 mit der wohlfeilen Weisheit, daß Niemand gegen Sternenlauf und
153 4801 1177 4847 Schicksal sich aufbäumen könne, und daß man niemals weiter
151 4842 968 4886 komme, als wenn man nicht wisse, wohin man gehe.
230 4879 1177 4925 Sein Diener hatte ihm gesagt, man erwarte ihn um Sieben
153 4917 1178 4969 zum Diner. Er fand dieselbe Gesellschaft in demselben Raum, bis
153 4956 1177 5003 auf den Doctor, der, wie er hörte, ein= für allemal vom Erscheinen
155 4987 1178 5042 am Abend dispensirt worden war, da er diese Stunden für seine
154 5032 1177 5081 Privatarbeiten brauche und eine so üppige Tafel nicht vertrage.
157 5073 1177 5119 „Sie werden diesen steinernen Gast nicht sehr vermissen.“ flüsterte
155 5111 1191 5159 die Waldstein ihrem Tischnachbar zu. „Da er bald dahinter kam,
155 5151 1178 5202 meine ganze Mathematik beschränke sich darauf, zu glauben, zwei⸗
156 5190 1179 5239 mal zwei sei vier — obwol ich mir allenfalls einreden ließe. es
1214 3478 2241 3522 könne unter Umständen auch fünf sein — hat er auf jede Con⸗
1214 3515 2241 3563 versation mit mir verzichtet. Wie haben Sie Ihren Nachmittag
1215 3556 2241 3602 zugebracht? Wir hofften eigentlich, Sie würden uns noch ein
1215 3592 2241 3639 bischen Gesellschaft leisten. Uns überlaufen? Welche Idee! Wir
1214 3633 2240 3678 sind manchmal froh, wenn hinter den Tapeten nur eine Maus raschelt.
1215 3672 2243 3720 In meinem Erbbegräbniß auf dem alten böhmischen Schlosse stelle
1217 3711 2242 3757 ich mir's ungefähr so amüsant vor, wie an einem Regentage in
1215 3749 2241 3795 Buenretiro. La pluie indessen hat der Himmel beschert, Sie
1215 3793 1771 3833 sollen uns le beau temps machen."
1293 3826 2243 3872 Nachdem das Mal vorüber war, das wiederum nicht lange
1216 3863 2242 3911 währte, aber von ausgesuchter Feinheit war, ging man in ein
1216 3900 2245 3951 durch wenige hohe Lampen mäßig erhelltes Gemach, wo ein Flügel
1216 3943 2243 3988 unter einer schönen Blumen=Estrade stand und niedrige seidene
1217 3982 2245 4029 Divans, wie die Fürstin sie liebte, zur Siesta einluden. Erk
1217 4021 2244 4072 wurde gebeten, seine Skizzenbücher zu zeigen, und erschien mit
1217 4060 2245 4106 einem halben Dutzend großer und kleiner Zeichenbücher, die er auf
1217 4090 2243 4144 seinen Reisen in Asien gefüllt hatte. „Ich gehorche dem Wunsch
1216 4136 2245 4183 Ihrer Durchlauchten," sagte er, „doch die meisten dieser Kritzeleien
1216 4175 2244 4221 haben nur einen Erinnerungswerth, und wenige sind darunter, die
1216 4217 1969 4261 vor künstlerischen Augen Gnade finden würden."
1295 4253 2245 4298 Der Fürst, hinter seiner Gemalin stehend, die ihre Cigarette
1216 4291 2246 4338 darüber ausgehen ließ, Blatt um Blatt mit lebhaftem Interesse
1217 4335 1642 4377 umzuwenden, sagte zu Erk:
1298 4369 2245 4414 „Meine Frau und Sie haben dieselbe Lehrerin gehabt, höre
1217 4407 2246 4453 ich. Wann haben Sie Unterricht bei Fräulein Valentin genommen?
1218 4450 1767 4492 Sie ist ja so viel jünger als Sie."
1296 4485 2246 4532 Es gab Erk einen Stoß gegen das Herz, von Lena hier reden
1218 4529 1379 4570 zu müssen.
1299 4563 2246 4608 „Vor meiner Abreise nach Japan, Durchlaucht. Das Fräu⸗
1218 4602 2247 4650 lein war noch nicht neunzehn Jahre alt, aber bereits sehr weit in
1219 4638 2246 4686 ihrer Kunst, so daß ich auf den Gedanken kam, mich ein wenig
1218 4679 2245 4725 von ihr schulen zu lassen, da mir daran lag, in den fernen Län⸗
1220 4718 2246 4763 dern, die ich sehen sollte, müßige Stunden auf diese Weise aus⸗
1220 4756 2246 4802 zufüllen. Leider dauerte der Unterricht nur sechs Wochen. Ich
1220 4795 2247 4843 hätte es sonst wol etwas weiter gebracht. Fräulein Valentin ist
1222 4838 1522 4880 eine gute Lehrerin."
1300 4872 2248 4918 „Gewiß“, versetzte der Fürst. „Auch du, liebe Rica, hast viel
1221 4911 2247 4957 bei ihr zugelernt. Aber auch sonst verehre ich das Fräulein sehr.
1220 4951 2095 4996 Sie ist die wahrhafteste Natur, die mir je begegnet ist."
1301 4989 2247 5034 „Ich hoffe, Durchlaucht, present Company always excepted,“
1220 5032 1616 5073 sagte die Gräfin lächelnd.
1299 5067 2247 5113 Die Fürstin, die selten auf eine Aeußerung ihres Gemals
1219 5106 2247 5182 einging, hob das Kinn ein wenig und sagte: „Lassen Sie doch,
1217 5144 2247 5191 liebe Florence. Wir wissen ja, in den Augen des Fürsten hat
1207 5183 2248 5230 Fräulein Valentin alle Qualitäten, die das weibliche Geschlecht
2285 3473 3311 3521 gewöhnlich entbehrt. Sie brauchen sich Ihres engouement nicht
2284 3513 3208 3557 zu schämen, mein Gemal. Ich theile dasselbe vollkommen."
2365 3558 3328 3607 „Ich muß mich näher erklären,“ sagte der Fürst, dessen gelb⸗
2283 3596 3312 3644 liches Gesicht eine leichte Röthe überflog. „Ich finde das Fräulein
2283 3635 3311 3683 darum so ungewöhnlich liebenswürdig, weil sie sich niemals die
2284 3674 3310 3723 geringste Mühe gibt, es zu sein, und in jedem Augenblick sich
2285 3717 2565 3756 selber treu bleibt."
2365 3752 3310 3801 „Und wir Anderen, Durchlaucht, nicht wahr? müssen beson⸗
2285 3783 3312 3839 dere Anstrengungen machen und wol gar ein bischen heucheln, um
2285 3830 3311 3876 uns beliebt zu machen?" fragte die muntere Gräfin. „Erlauben
2285 3867 3310 3915 Sie mir die Bemerkung, daß es nur ein Zeichen unserer Be⸗
2285 3906 3313 3956 scheidenheit ist, wenn wir uns nicht im Negligé zeigen möchten,
2286 3939 3335 3994 sondern ein wenig Liebenswürdigkeits=Toilette machen. Fräulein,
2285 3985 3314 4037 Valentin scheint zu glauben, sie habe das nicht nöthig. Vielleicht
2287 4026 2987 4070 hat sie Recht, la nature l'a fait pour elle.“
2367 4071 3315 4123 „Sie wissen, Gräfin,“ versetzte der Fürst, sich heiter ver⸗
2287 4110 3313 4159 neigend, „daß ich selbst Ihre kleinen Bosheiten liebenswürdig finde.
2287 4149 3315 4197 Was aber unsere Malerin betrifft, so ist sie von jeder Rücksicht
2289 4187 3317 4233 auf den Eindruck, den sie etwa macht, vollkommen frei, und darin
2288 4226 3316 4273 liegt eben das Distinguirte ihres Wesens. Das arlesische Blut
2289 4265 3315 4314 muß ein ganz besonderer Saft sein, und der deutsche Vater hat
2289 4304 3315 4350 die Race umsoweniger verderben können, als er selbst eine edle
2289 4342 3315 4388 Künstlernatur war. Ich hoffe, liebe Rica, da ich aus meinem
2289 4373 3315 4429 faible für dies Fräulein nie ein Hehl gemacht habe, du lässest es
2289 4419 3314 4467 mich wissen, wenn du sie zur Lection hier draußen erwartest. Wenn
2288 4451 3316 4505 Herr v. Friesen dann theilnehmen will, kann ja eine kleine länd⸗
2290 4500 2794 4542 liche Akademie errichtet werden."
2365 4540 3313 4588 Erk verneigte sich stumm. Mit all seiner Weltgewandtheit
2290 4579 3315 4630 brachte er es nicht dahin, in den unbefangenen Plauderton einzu⸗
2291 4618 3316 4666 stimmen. Es war ihm eine Wohlthat, als seine Büchlein durch⸗
2290 4657 3316 4705 gesehen waren und die Gräfin sich an den Flügel setzte, um den
2290 4698 2871 4741 Abend mit etwas Musik zu schließen.
2368 4742 3316 4790 Sie spielte mit energischer Ruhe und Sicherheit ein Prä⸗
2289 4781 3317 4831 ludium von Bach, dem einige schwierige Toccaten und Fugen des⸗
2290 4819 3317 4868 selben Meisters folgten. Gleich darauf, obwol es erst nenn Uhr
2291 4856 3317 4905 war, sagte der Fürst, seiner Gemalin die Hand küssend, der kleinen
2292 4898 2964 4944 Gesellschaft güte Nacht und zog sich zurück.
2370 4944 3316 4996 „Wenn er nicht den Durchgang irgend einer Venus oder den
2291 4981 3318 5033 nächtlichen Lebenswandel einer Kassiopeia observirt," flüsterte die
2291 5022 3318 5072 Waldstein gegen Erk gewendet, „geht der Fürst gut bürgerlich um
2291 5061 3318 5111 halb Zehn zu Bett. Wir Anderen sind Nachtvögel. Nun fangen
2291 5099 3317 5149 wir erst an, zu schwirren. Und auch mit so mathematischer Musik,
2292 5133 3317 5191 wie der gnädigste Herr sie allein hören mag, sollen Sie nicht
2292 5177 3281 5226 mehr gelangweilt werden." (Fortsetzung folgt.)
