3599 5366
327 241 496 279 Nr. 178
886 243 1203 292 Wien, Samstag
1613 251 2021 304 Arbeiter-Zeitung.
2467 268 2742 304 1. Juli 1911
3147 271 3296 304 Seite 7
264 338 1274 387 Billet, ihn im Hotel Habis zu beſuchen. Das tat ich. Wir
263 377 1271 426 gingen zuſammen in die Ausſtellung, ich zeigte ihm Zürich
267 416 1272 464 und Umgebung und erlebte mit ihm einen intereſſanten
263 455 1273 503 Tag. Er erzählte mir, daß während der Unterſuchung der
263 494 1271 542 Bürgermeiſter meines Heimatsortes alſo von mir berichtet
263 532 1271 579 habe: „Der B. iſt ein ganz braver Menſch, aber als Soldat
264 572 1268 620 ſchon ein überſpannter Kopf geweſen. Bei einem Sieges⸗
262 610 1263 662 eſſen, das 1871 den der Gemeinde angehörigen Soldaten
262 649 1264 694 ſpendiert wurde, hat er geſagt: „Die Sozialdemokraten
267 687 714 730 ſiegen auch noch einmal!“
400 773 1138 840 Die Gemütsmenschen vom
594 846 918 919 Semmering.
364 928 1265 976 Bis zu welchem Grade von ſittlicher Entartung und
260 966 1265 1013 niedriger Geſinnung die kapitaliſtiſche Profitwut im Verein
259 1005 1266 1052 mit der ſpießbürgerlichen Angſt um das liebe Leben unſere
261 1044 1263 1091 wackeren Bourgeois bringen kann, zeigt ſich ſehr deutlich
262 1083 1265 1129 in dem Keſſeltreiben der Semmeringintereſſenten und der
262 1122 1264 1170 Fremdenverkehrsgſchaftlhuber gegen die Errichtung des
258 1161 1264 1207 Kupelwieſerſchen Tuberkulöſenheims für Waiſenkinder auf
259 1199 1263 1246 dem Semmering. Eine wahre Geſpenſterfurcht hat dieſe
259 1237 1262 1284 Herrſchaften ergriffen und ſie ſchämen ſich nicht, ſich ſo
263 1278 1262 1323 zu gebärden, als wenn damit, daß man ein paar Dutzend
263 1315 1262 1361 kranke Proletarierkinder in ein heilſames Höhenklima
258 1355 1262 1399 bringt, die Gefahr eines kataſtrophalen Zuſammenbruches
259 1393 1263 1441 der ganzen ſaſhionablen Semmeringwirtſchaft in greifbare
258 1429 642 1472 Nähe gekommen wäre.
360 1472 1262 1517 Um was handelt es ſich eigentlich? Es ſoll auf dem
259 1509 1261 1555 Semmering ein Tuberkulöſenheim für Waiſenkinder er⸗
257 1549 1263 1596 richtet werden, das die allerbeſcheidenſten Dimenſionen hat
257 1588 1261 1634 und, wenn es hoch geht, dreißig oder vierzig kleinen
256 1627 1262 1674 Patienten Unterkunft gewähren kann. Darin liegt für die
256 1665 1262 1711 geſunden Beſucher des Semmering nicht die geringſte
255 1703 1261 1748 Gefahr, denn durch den bloßen Anblick eines Tuberkulöſen
253 1743 1259 1789 wird die ſchreckliche Krankheit denn doch nicht übertragen,
254 1781 1260 1825 wie denn überhaupt die Uebertragbarkeit der Tuberkuloſe
257 1814 1260 1864 nicht in dem Sinne zu nehmen iſt wie etwa jene der Peſt
255 1858 1260 1901 oder der Cholera. Aber gerade um den Anblick handelt
255 1897 1258 1941 es ſich ja den Herrſchaften. Die Tuberkuloſe iſt ja all den
253 1935 1257 1979 wohlgenährten und geſundheitsſtrotzenden Herren und
253 1974 1258 2019 Damen, die ſich auf dem Semmering von den Mühſalen
252 2013 1256 2057 des Couponſchneidens und ſonſtigen leichten Geldverdienens
251 2052 1256 2097 oder von den Toiletteſorgen erholen, nichts Ungewohntes.
252 2089 1256 2136 In den Großſtädten machen ſie ſich einen Pfifferling
252 2124 1257 2175 daraus, daß rings um ſie herum in den proletariſchen
251 2168 1257 2213 Maſſen dank dem Elend, das ihre kapitaliſtiſche Aus⸗
251 2206 1257 2256 beutung erzeugt, die Seuche kraſſiert. Wenn man auf dem
251 2245 1256 2296 Semmering das Leben in vollen Zügen genießt, will
249 2285 1256 2329 man ſich nicht gern an die ſozialen Wirkungen der
250 2323 1256 2368 eigenen Tätigkeit erinnern laſſen und bebt feige vor
249 2363 1254 2407 dem bloßen Anblick, ja vor der bloßen Erwähnung
252 2401 1248 2448 einer Gefahr zurück, die in Wirklichkeit gar nicht beſteht.
251 2435 1255 2484 Um nicht zeitweilig von einem unbehaglichen Gefühl er⸗
252 2478 1256 2523 griffen zu werden, das nicht begründeter iſt als die Furcht
250 2517 1255 2561 vor Geſpenſtern, verweigert man lieber armen Proletarier⸗
251 2556 1253 2600 kindern Heilung und Rettung. Das geſchieht ſogar in den
250 2594 1254 2645 rückſichtsloſeſten und brutalſten Formen, wie eine Ver⸗
249 2634 1254 2679 ſammlung von Semmeringintereſſenten
248 2670 1252 2717 zeigte, die vorgeſtern in Breitenſtein ſtattfand und
253 2707 1254 2760 die von einer ganzen Menge bürgerlicher Herrſchaften
249 2749 1253 2793 beſucht war, welche ſonſt darauf halten, in der Oeffent⸗
249 2780 1255 2832 lichkeit als Männer von Einſicht und korrektem Urteil
249 2827 1254 2871 reſpektiert zu werden. Als in dieſer Verſammlung ein
256 2865 1254 2909 bekannter ſachverſtändiger Arzt, der als Kenner der
251 2902 1254 2949 Tuberkuloſe einen Ruf genießt, nämlich der Dozent
249 2938 1253 2990 Dr. Teleky, das Wort ergriff, um ruhig auseinander⸗
251 2983 1254 3026 zuſetzen, daß eine Anſteckungsgefahr nicht in Betracht
253 3022 1254 3066 komme, wurde er niedergeſchrien und der Abgeordnete
248 3061 1254 3103 Silberer rief ihm zu: „Wir wollen das in dieſer
249 3100 1250 3143 Verſammlung, die proteſtieren will, gar nicht anhören.“
247 3139 1251 3181 Wozu denn auch die Stimme der Vernunft anhören, wenn
250 3178 1251 3221 es ſich im Grunde gar nicht um vernünftige Erwägungen
247 3217 1251 3260 handelt! Die Herren wiſſen ja, daß es bloß eingebildete
251 3256 1252 3299 Gefahren ſind, die ſie bekämpfen. Aber wenn auch nur
247 3294 1249 3337 ein reicher Angſtmeier unter dem Banne dieſer Ein⸗
245 3333 1252 3376 bildung dem Semmering fernbleibt, ſo iſt das für ſie
244 3371 1250 3415 wahrſcheinlich ein tragiſcheres Ereignis, als wenn zwanzig
244 3411 1249 3453 Waiſenkinder an der Tuberkuloſe zugrunde gehen. So
244 3449 1250 3493 ſcheint es wenigſtens, wenn man nach den gemütvollen
244 3488 1249 3531 Debatten, die in dieſer Verſammlung abgeführt wurden,
244 3527 1248 3569 urteilen muß. Bemerkenswert iſt übrigens, daß ſich auch
246 3565 1250 3610 der Bürgermeiſter Dr. Neumayer in einer Zuſchrift
242 3604 1248 3646 dem Proteſt der Verſammlung anſchloß. Wahrſcheinlich
246 3643 1248 3687 gehört es zur chriſtlichen Weltanſchauung
246 3682 1248 3726 und zur Erneuerung der Geſellſchaft auf chriſtlicher
249 3720 1248 3764 Grundlage, von der jetzt in der „Reichspoſt“ wieder ſo
248 3760 1249 3804 viel die Rede iſt, daß man proletariſchen Waiſenkindern,
246 3798 1250 3841 die an Tuberkuloſe erkrankt ſind, die Möglichkeit der
245 3833 1247 3887 Heilung einſchränkt, damit die noblen Höhenkurorte hübſch
242 3876 1245 3921 im Herrſchaftsbereich des „Giftbaumes“ der Börſe bleiben
246 3919 369 3950 können.
344 3955 1247 4001 Wie wenig in dieſer Angelegenheit ſachliche Er⸗
242 3996 1250 4042 wägungen vorherrſchen, iſt leicht zu erkennen, wenn man
241 4035 1248 4083 den Semmering mit anderen Höhenkurorten vergleicht.
241 4070 1249 4120 Man hat noch nie etwas davon gehört, daß der Winter⸗
247 4114 1250 4156 ſport in Davos dadurch beeinträchtigt worden wäre,
248 4150 1251 4194 daß Davos eigentlich eine weltberühmte Tuberkulöſen⸗
248 4189 1249 4232 heilſtätte iſt. Im Gegenteil. Dieſen Ruf hatte Davos
244 4227 1247 4270 ſchon bevor es ein Mittelpunkt des Wintervergnügens
245 4265 1246 4310 geworden iſt, und die rodelnden Herrſchaften haben ſich
246 4304 1248 4350 nicht im mindeſten geſcheut, ihr fröhliches Treiben mitten in
245 4343 1249 4392 dieſes traurige Siechenneſt zu verlegen. Die Gefahren der
246 4383 1248 4426 Anſteckung ſind aber in Davos vielleicht größer, denn
245 4420 1247 4464 dort laufen die Tuberkulöſen frei herum, während es ſich
245 4458 1248 4501 auf dem Semmering um eine geſchloſſene Heilſtätte
242 4495 1248 4544 handelt. Freilich ſind die Kranken in Davos keine
241 4535 1249 4582 Proletarierkinder, bei deren Anblick man
243 4574 1249 4624 allerlei unbehagliche, das Vergnügen ſtörende Empfin⸗
244 4614 1251 4664 dungen zu gewärtigen hat und an unangenehme ſoziale
244 4654 1251 4704 Tatſachen erinnert wird, ſondern es ſind Klaſſengenoſſen
244 4693 1252 4739 der Lebemänner und Lebedamen aus der Bourgeoiſie, die
247 4730 1251 4786 dort Heilung ſuchen. Vor deren Sputum hat man keine
248 4773 1251 4826 Angſt, auch wenn man ſich nahe davon befindet. Dagegen
248 4810 1250 4866 aber wächſt der Bazillus zu geſpenſtiſcher Rieſengröße und
248 4854 1251 4906 verderblichſter Giftwirkung auch auf große Diſtanzen, wenn
249 4891 1253 4944 er von einem Proletarierkind abgeſetzt wird. Was von
250 4931 1255 4988 Davos gilt, das gilt übrigens auch von Meran, von
247 4965 1256 5032 Nizza, von Kairo und all den anderen faſhionablen
248 5006 1258 5070 Tuberkulöſenheimſtätten der Reichen, die andere Reiche
251 5050 1259 5111 noch nie abgehalten haben, eben dort ihr Vergnügen
250 5106 420 5142 zu ſuchen.
1422 351 2320 397 Daß ein wenn auch in beſcheidenem Maße ſozial
1319 386 2318 437 nützliches Werk unterbleibe, weil ihm die niedrigſten
1318 424 2317 474 Inſtinkte grundloſer blaſſer Furcht eines für Leben und
1316 467 2317 515 Profit mehr als billig beſorgten Geldſackklüngels entgegen⸗
1316 505 2318 554 ſtehen, werden wir nie zugeben, und wir ſind überzeugt,
1317 540 2316 592 daß ſich auch die Behörden nicht zum Werkzeug von
1316 583 2316 631 Machenſchaften erniedrigen werden, die nur beweiſen, daß
1313 622 2315 669 das ſoziale Gewiſſen der Bourgeoiſie ſofort verſtummt und
1313 660 2311 707 in brutalſte Gewiſſenloſigkeit umſchlägt, wenn auch nur
1314 698 2311 747 ein Quintchen des Proſits ganz von fern bedroht ſcheint.
1312 738 2311 784 Der Geiſt des bethlehemitiſchen Kinder⸗
1312 777 2312 825 mordes waltet auch in ſolchen Handlungen, die ſiechen
1312 815 2311 861 Kindern bloß die Lebens rettung verweigern, und man
1312 854 2315 902 kann daher gegenüber der Aktion der Semmeringleute
1310 894 2308 938 und Fremdenverkehrsgſchaftelhuber nur den Standpunkt
1310 928 2313 979 einnehmen, der am ſchärfſten ausgedrückt iſt in der Deviſe
1311 971 2312 1016 Voltaires: „Ecrasez l'infame!“ — Zertretet das Gemeine!
1857 1031 2276 1069 Semmering, 30. Juni.
1411 1071 2313 1116 An die heute vorgenommene Kommiſſionierung der
1309 1109 2310 1155 Bauſtelle für das Tuberkulöſenheim knüpfte ſich eine
1309 1148 2310 1192 Verſammlung der Semmeringintereſſenten, bei der es
1308 1187 2309 1234 womöglich noch aufgeregter zuging als geſtern. Es zeigte
1307 1220 2309 1269 ſich bei der Kommiſſionierung zunächſt, wie klein und un⸗
1308 1258 2308 1308 bedeutend das ganze Projekt iſt. Billig denkende Menſchen
1308 1302 2308 1348 würden dagegen bloß einwenden, daß man vom Schuld⸗
1308 1341 2308 1386 bewußtſein großer Kapitaliſten, die ihr ſoziales Gewiſſen
1308 1380 2307 1424 erleichtern möchten, ſchon noch umfaſſendere Humanitäts⸗
1308 1412 2309 1463 akte erwarten könnte als die Errichtung einer Heilſtätte
1306 1458 2308 1502 für zwanzig Kinder. Es iſt nicht zu befürchten, daß ſich die
1306 1496 2307 1542 Famielie Kupelwieſer im Kampfe, gegen die Volksſeuche
1305 1536 2307 1580 ruiniert, aber immerhin kommt das, was ſie leiſtet,
1313 1574 2306 1619 wenigſtens zwanzig unglücklichen Geſchöpfen zugute,
1315 1608 2306 1657 während das wilde Geſchrei der Silberer⸗Leute, daß die
1306 1653 2306 1696 Anweſenheit von zwanzig tuberkulöſen Kindern vierzehn
1305 1690 2304 1734 Millionen Werte kaput machen werde, niemanden auch
1304 1730 2304 1774 nur das geringſte nützt, den Beſtrebungen zur Bekämpfung
1310 1762 2304 1812 der Tuberkuloſe aber direkt hinderlich und feindlich iſt.
1311 1807 2303 1851 Dabei iſt die Gefahr für den Vierzehnmillionengeldſack bloß
1308 1845 2303 1893 eine eingebildete, dagegen das traurige Los von tuberkulöſen
1305 1883 2302 1927 Waiſenkindern eine harte Realität. Was aber die Einbildung
1303 1923 2303 1965 vermag, wenn es ſich um Profit handelt, davon geben die
1303 1954 2300 2005 wüſten Schimpforgien, die auch bei der Kommiſſionierung,
1302 1999 2304 2044 gefeiert, wurden, ein beſchämendes Zeugnis. Den Gipfel⸗
1301 2038 2301 2083 punkt der Sinnesverwirrung erklomm der chriſtlichſoziale
1302 2077 2301 2121 Abgeordnete Gruber, der unter anderem ſagte, die
1302 2116 2301 2160 Arbeiter⸗Zeitung ſetze ſich in dieſer Angelegenheit für das
1302 2155 2300 2200 Großkapital ein. Als ob die Semmeringhoteliers und
1300 2193 2301 2236 Villenbeſitzer und die Semmeringhabitués der „kleine
1301 2232 2301 2276 Mann“ wären. Und als ob die Gründung von Tuber⸗
1300 2271 2302 2320 kulöſenheimen eine Geſchäftsangelegenheit des Eiſenkartells
1300 2310 2300 2356 wären, dem ja die Familie Kupelwieſer allerdings an⸗
1300 2349 2298 2393 gehört. Auf die Gefahr hin, den patentierten Chriſten zu
1299 2388 2299 2430 mißfallen, können wir nichts anderes tun, als erklären, daß
1299 2427 2300 2470 wir in dieſem Falle faktiſch die Partei des Großkapitaliſten,
1299 2465 2300 2509 der tuberkulöſe Kinder retten will, ergreifen müſſen, gegen
1298 2503 2300 2547 die kleinen Männer mit den vierzehn Millionen und ihre
1299 2543 2300 2584 Gäſte aus dem Mittelſtand der „Hautefinance“, denen
1298 2580 2300 2625 dieſe Rettung nicht paßt. Vielleicht wird der Abgeordnete
1298 2619 2299 2662 Gruber der Welt auch noch einreden wollen, daß eine
1298 2659 2297 2701 Aktion, die den höchſt interkonfeſſionellen Hotel⸗ und
1297 2697 2299 2740 Villenbewohnern vom Semmering alles fernhalten will,
1297 2735 2298 2778 was eine gute Verdauung beeinträchtigen könnte, eine
1297 2774 2298 2818 eminent antiſemitiſche Tat iſt, während die zwanzig tuber⸗
1296 2813 2297 2857 kulöſen Waiſenkinder, die wir gerettet wiſſen wollen, eine
1298 2852 1900 2894 Angelegenheit des Judentums ſind.
1400 2891 2291 2936 In der Verſammlung, die ſich an die Kom⸗
1296 2930 2289 2976 miſſionierung knüpfte, hat, obgleich auch die
1297 2969 2291 3011 Wiener Stadträte Zatzka und Dr. Deutſchmann
1296 3007 2295 3050 ſowie insbeſondere der villenbeſitzende „kleine Mann“,
1298 3047 2297 3089 Generalkonſul v. Doré, Gediegenes vorbrachten, ent⸗
1295 3085 2296 3132 ſchieden der perſönlich gar nicht anweſende Oberbezirks⸗
1296 3123 2294 3175 arzt Dr. Urbauer mit einem eingehenden Gutachten
1295 3164 2294 3206 den Vogel abgeſchoſſen. „Es iſt zu befürchten,“ heißt es
1294 3202 2294 3244 darin, daß die vielen Millionen, welche auf dem Semmering
1295 3241 2295 3283 als Touriſten⸗ und Erholungsort inveſtiert ſind, verloren
1296 3279 2294 3323 gehen, falls das Projekt verwirklicht würde. Der Fremden⸗
1294 3318 2295 3361 zuzug würde aufhören. Die Tauſende von leichter Er⸗
1297 3357 2292 3399 krankten, wie Neuraſtheniker ꝛc., welche den Semmering
1295 3395 2290 3438 als Erholungsort gern aufſuchen, würden aus begreiflichen
1295 3434 2291 3476 Gründen den Ort, wo ſich Lungenkranke aufhalten, meiden,
1294 3472 2296 3515 denn die Infektionsgefahr iſt beſonders durch den
1297 3511 2297 3559 Transport mit der Bahn ſehr groß.“ Ein Arzt, der aus
1300 3548 2297 3592 Liebedienerei für Intereſſenten ſolche demagogiſche Redens⸗
1297 3588 2296 3632 arten in Form eines mediziniſchen Gutachtens von ſich
1294 3611 2298 3667 gibt, obgleich er ganz genau weiß, daß jedes Wort eine
1295 3649 2299 3705 haarsträubende Uebertreibung ist, gehört an den Pranger.
1295 3751 2297 3824 Die Agrarier verteuern die Milch.
1396 3836 2297 3876 Der Zweifel, mit dem wir von allem Anfang an der
1293 3879 2298 3919 Verſicherung des Herrn Viktor Ritter v. Greck gegenüber⸗
1293 3923 2297 3963 ſtanden, die er uns als Vorſitzender des Comités der Milch⸗
1293 3966 2297 4006 produzenten gab, erweiſt ſich immer mehr als berechtigt. Wir
1293 4011 2297 4051 haben am 24. Juni den Brief veröffentlicht, den uns Herr
1293 4054 2297 4093 v. Greck geſchrieben hat, und in dem er erklärt, daß „die Milch-
1293 4097 2294 4136 produzenten auf eigene Fauſt den Milchvertrieb übernehmen“,
1293 4139 2294 4177 daß ſie damit auch „dem konſumierenden Publikum helfen“
1292 4181 2296 4219 werden, weil ſie „dann die Milch in garantiert guter Qualität
1293 4223 2296 4263 zu 26 Heller per Liter auf den Markt bringen werden“. Wir
1292 4266 2295 4306 haben uns durch dieſe Ankündigung nicht verblüffen laſſen,
1293 4310 2295 4350 denn wir mußten es für das Wahrſcheinliche halten, daß die
1291 4353 2296 4393 Herren Agrarier mit ihr nichts bezwecken, als den Milchgroß⸗
1292 4396 2294 4435 händlern, die bisher nicht geneigt ſind, den Agrariern höhere
1291 4438 2294 4478 Preiſe zu zahlen, den Schrecken in die Glieder zu jagen.
1291 4479 2293 4520 In dieſer Ueberzeugung werden wir nun beſtärkt durch eine von
1292 4521 2291 4563 Herrn v. Greck namens des Comités nach Wüllersdorf
1294 4565 2293 4605 einberufene Verſammlung der Milchproduzenten des Bezirkes
1295 4611 1544 4648 Oberhollabrunn.
1395 4653 2292 4694 Nach dem Bericht, der über dieſe Verſammlung vorliegt,
1294 4697 1871 4737 hat Herr v. Greck folgendes geſagt:
1396 4740 2292 4779 Auf uns Milchproduzenten weiſt man als auf die Ver⸗
1293 4775 2291 4811 teuerer der Lebensmittel hin. Ganz mit Unrecht! Die es in
1294 4808 2291 4849 erſter Linie tun, ſind die, die den eigentlichen Nutzen aus
1294 4842 2290 4882 unſerer Ware ziehen: die Zwiſchenhändler. Vor einigen Wochen
1296 4877 2291 4918 hat ſich nun ein Comité gebildet, das ſich es zur Aufgabe
1299 4909 2291 4950 gemacht hat, durch die Ausſchaltung des Zwiſchen⸗
1299 4943 2291 4985 handels preisregulierend zu wirken. Der Milchpreis wird
1300 4976 2291 5020 nicht teurer, aber das Geld, das der Zwiſchenhandel ver⸗
1301 5015 2287 5056 ſchlingt, ſoll dem Landwirt zugute kommen. In dieſer Gegend
1304 5050 2285 5091 und auch an der Franz Joſefs⸗Bahnſtrecke wird Milch zum Preiſe
1281 5084 2286 5124 von 16 bis 18 Heller per Liter aufgekauft, der Konſument
2362 361 3358 402 bezahlt 26 bis 30 Heller; das bedeutet alſo eine Spannung von
2361 396 3358 438 8 bis 12 Heller. Unſer Notſchrei nach einer menſchenwürdigeren
2361 430 2981 470 Bezahlung iſt vollkommen gerechtfertigt.
2463 465 3359 506 Wir Milchproduzenten müſſen uns jetzt auf den Stand⸗
2360 500 3358 541 punkt der Selbſthilfe ſtellen, an unſere Organiſierung denken.
2360 533 3358 576 Wir werden den Milchverkauf in eigener Regie
2360 569 3362 608 übernehmen und die Finanzierung des Unternehmens von der
2360 600 3363 644 Unionbank durchführen laſſen. Wir wollen den Einheits⸗
2358 638 3358 679 preis von 24 Heller loko Wien für gut gelieferte, den ab⸗
2359 673 3358 713 gemachten Fettgehalt (mehr als 3 Prozent) aufweiſende Ware
2358 702 3362 745 für den Kauf und von 26 Heller per Liter für den
2358 741 3358 780 Verkauf feſtſetzen. Der Konſument wird alſo unter Umſtünden
2358 776 3359 816 noch billiger drauskommen und der Landwirt beſſer. Wir
2359 810 3358 851 geben dieſe gute, preiswerte Milch direkt — in eigenen
2358 845 3358 883 Verkaufsſtellen — an den Konſumenten ab, und zwar aus der
2356 879 3357 919 Kanne. Die Milch müßte vom Käufer in einer der fünfzig
2359 913 3357 954 Filialen, die wir errichten wollen, geholt werden. Wer die
2356 942 3357 987 Zuſtellung von Flaſchenmilch ins Haus will, wird ſich eben
2356 983 3363 1022 weiter dazu bequemen müſſen, bei Milchhändlern einzukaufen.
2356 1017 3358 1055 Für die Unverfälſchtheit unſerer Milch ſtehen wir ein. Wir or⸗
2356 1050 3364 1089 ganiſieren uns und das Wiener Publikum bekommt:
2356 1087 3356 1124 gute billige Milch. Dann ſoll es ſagen, ob
2355 1120 3356 1158 wir die Wucherer find. Von den zwei Hellern, die uns als
2354 1154 3356 1193 Ueberpreis verbleiben, werden die Regien gedeckt. Die Regie
2353 1182 3357 1227 wird ſogar kaum einen Heller überſteigen, ſo daß der zweite
2352 1222 3354 1261 Heller zum Reſervefonds geſchlagen werden kann, der dazu dienen
2352 1257 3355 1296 ſoll, Genoſſenſchaften oder Einzelproduzenten in ſchlechten Zeiten
2352 1291 3355 1329 zu unterſtützen. Wir werden mit dem Preiſe niemals über
2353 1326 3354 1365 26 Heller hinausgehen. Dafür ſtehen wir ein, und
2352 1361 3354 1399 jeder Arbeiter, jede Familie kann gute, geſunde, billige Milch
2351 1395 3354 1434 bekommen. Wir haben ſchon einen Erfolg zu verzeichnen: der
2351 1424 3353 1468 Milchgroßhändler Wiehart ſchließt ſich unſerer Aktion an. Wir
2350 1465 3354 1505 verfügen heute ſchon über ein Kontingent von 365.000 Liter
2350 1498 3351 1538 Milch täglich und können es noch auf das Doppelte bringen.
2352 1533 3354 1572 Es dürfen unter gar keiner Bedingung Milch⸗
2351 1567 3353 1607 abſchlüſſe mit den Milchhändlern gemacht
2350 1602 3352 1643 werden, um unſere werdende Organiſation
2350 1638 2668 1672 nicht zu ſchwächen.
2451 1679 3352 1717 Mit all dem könnte man einverſtanden ſein, und man
2347 1722 3351 1762 könnte es glauben, wenn nicht Herr v. Greck dieſer langen Rede
2348 1766 3352 1805 noch einen einzigen Satz hinzugefügt hätte, der viel bedeutungs⸗
2348 1808 3353 1848 voller iſt als die ganze übrige lange und ſchöne Rede. Er ſagte
2349 1851 2666 1886 nämlich am Schluß:
2449 1893 3352 1932 Wenn ſich die Milchhändler nicht mit uns
2347 1928 3353 1966 einigen, wallen wir vom 1. Oktober d. J. ab den Ver⸗
2346 1962 2875 1998 kauf in eigene Regie übernehmen.
2448 2005 3350 2045 Dieſer eine Satz hebt natürlich die ganze übrige Rede
2345 2048 3351 2087 vollſtändig auf. Herr v. Greck ſpekuliert alſo noch immer auf die
2347 2092 3351 2130 Einigung mit den Milchhändlern. Das heißt er will von ihnen
2345 2136 3349 2172 24 Heller; wie teuer und in welcher Qualität die Milchhändler
2344 2177 3351 2216 die Milch den Wienern verkaufen, iſt ihm aber herzlich gleich⸗
2346 2221 3351 2259 giltig. Da aber die Milchgroßhändler, die, wie auch Herr v. Greck
2344 2263 3351 2302 weiß, beſonders edle Menſchenfreunde ſind, die Preisſteigerung,
2343 2306 3349 2344 die ſie bewilligen, nicht aus ihrer Taſche tragen würden, iſt
2344 2350 3349 2389 auch ihm klar, daß, falls die Einigung, von der er ſprach, zu⸗
2343 2392 3347 2429 ſtande käme, die Konſumenten wieder bluten
2343 2435 3349 2474 müßten. Es hat zwar in der Verſammlung der Milchgroß⸗
2343 2478 3346 2516 händler Wiehart erklärt, daß die Zwiſchenhändler noch
2342 2521 3348 2560 immer genug verdienen, wenn ſie auch höhere Preiſe zahlen,
2342 2564 3347 2602 und daß er ſelbſt den Preis nicht ſteigern werde, aber bei den
2344 2607 3345 2646 anderen Zwiſchenhändlern ſetzt doch Herr v. Greck dieſe Selbſt⸗
2335 2649 3346 2688 beſchränkung nicht voraus. Wenn er nun von ſeinem
2342 2692 3346 2732 Projekt bloß als von einer Eventualität für den Fall
2341 2733 3348 2773 ſpricht, daß die Einigung mit den Milchgroßhändtern nicht zu⸗
2342 2777 3347 2817 ſtande komme, ſo iſt dieſes Projekt nicht ernſt zu
2341 2821 3346 2859 nehmen, und es beſteht die ernſte Gefahr der Er⸗
2340 2862 3343 2903 höhung des Milchpreiſes. Es heißt alſo auf der
2340 2908 2485 2944 Hut ſein!
2344 2977 3344 3050 Eine alte Kaserne — heute Wohn⸗
2533 3049 3158 3116 haus — in Flammen.
2536 3134 3145 3171 Viele Familien in größter Gefahr.
2444 3186 3346 3228 In Berlin wütete am Peter und Paulstag ein
2342 3225 3347 3268 Brand, bei dem mehr als zwanzig Familen in Lebensgefahr
2342 3264 3354 3306 ſchwebten. Sie wohnten in der ehemaligen Kaſerne des
2341 3295 3354 3346 Alexanderregiments in der Alexanderſtraße, die Staats⸗
2340 3341 3356 3383 eigentum iſt und einem Generalpächter zur Verwaltung
2339 3379 3355 3422 übergeben iſt. Das Erdgeſchoß und das erſte Stockwerk
2338 3415 3356 3460 ſind zum größten Teil zu Fabriks⸗ und Lagerräumen
2343 3455 3356 3499 hergerichtet, in den beiden oberen Geſchoſſen wohnen
2345 3492 3356 3544 nahezu fünfzig kleine Familien, die meiſt
2343 3533 3356 3577 nur ein oder zwei Zimmer, die früheren Mannſchafts⸗
2344 3573 3356 3616 zimmer, gemietet haben. Die einzelnen Räume ſind noch
2340 3612 3357 3654 von alter Zeit her fortlaufend numeriert und münden
2343 3650 3353 3692 alle auf einen gemeinſchaftlichen
2342 3688 3344 3729 breiten Korridor, der ſich vom Seiten⸗
2340 3726 3343 3770 flügel nach dem Vorderhauſe herum⸗
2341 3767 2474 3807 zieht.
2445 3805 3345 3847 Gegen 7 Uhr Morgens entdeckten die Bewohner, als
2340 3844 3346 3887 ſie die Türen öffneten, daß die langen düſteren
2341 3883 3346 3926 Korridore in allen Stockwerken völlig ver⸗
2341 3922 3345 3965 qualmt waren. Die Urſache war, wie ſich bald
2341 3962 3345 4004 herausſtellte, ein Brand im Treppenhauſe des Seiten⸗
2339 4001 3343 4044 flügels. Von dort her wälzten ſich ſchwarze beißende
2341 4040 3342 4083 Rauchſchwaden die Korridore entlang und bald folgten
2341 4079 3343 4122 gewaltige Stichflammen, die eine Länge
2340 4117 3342 4158 von 20 bis 30 Meter erreichten. Schon fingen in den
2340 4155 3342 4199 oberen Stockwerken die Wohnungstüren zu glimmen an.
2340 4192 3344 4234 Die Bewohner wurden von einem paniſchen
2340 4230 3343 4273 Schrecken ergriffen und ſtürzten in ihrer Verzweiflung,
2339 4269 3343 4313 die meiſten notdürftig bekleidet, nach dem Hofe und der
2341 4309 3343 4353 Straße zu. In die lauten Hilferufe der Männer und
2338 4348 3345 4392 Frauen miſchte ſich das entſetzliche Geſchrei
2338 4388 3345 4430 der zahlreichen kleinen Kinder, die von
2337 4420 3344 4471 ihren Müttern, in Decken gewickelt, aus den Fenſtern ge⸗
2337 4465 3343 4509 halten wurden, um ſie aus dem erſtickenden Qualm zu
2338 4502 2472 4542 befreien.
2444 4543 3342 4590 Aus allen Häuſern der angrenzenden Straßen eilten
2337 4581 3341 4632 Hunderte von Menſchen herbei, die aber keine Rettung
2337 4622 3341 4671 bringen konnten, da inzwiſchen der ganze Hof und die
2335 4662 3341 4713 Alexanderſtraße auf eine lange Strecke hin durch dicke
2333 4697 3340 4756 ſchwarze Rauchwolken verfinſtert wurden. Bald aber traf
2335 4741 3336 4795 die Feuerwehr ein, die ſofort ihre Rettungsaktion be⸗
2336 4783 3336 4835 gann. Im erſten Augenblick war gar nicht feſtzuſtellen, wo
2335 4820 3337 4869 der Brandherd eigentlich lag, denn aus allen
2334 4858 3335 4911 Fenſtern und Winkeln des lang⸗
2336 4897 3346 4949 geſtreckten Gebäudes quollen dunkle
2333 4937 3346 4999 Rauchwolken hervor. Die Feuerwehrleute
2334 4972 3345 5036 ſtellten ihre Leitern auf und ſtiegen ſowohl von der
2328 4999 3341 5078 Straße wie vom Hofe aus in die einzelnen Wohnungen
2330 5054 3340 5117 ein. Währenddeſſen wurde den geängſtigten Bewohnern
2328 5075 3337 5149 von unten zugerufen, daß ſie oben bleiben und nicht
