3168 4834
2483 59 2862 120 Nr. 148. Seite 25.
1277 92 1806 160 Innsbrucker Nachrichten
207 120 738 181 Samstag den 1. Juli 1911.
1333 173 2921 269 Galanterie-, Spiel- und -Lederwaren, Toilette-Artikel,
1332 247 2922 344 Reise - Requisiten, Nippes- und Dekorations - Artikel,
1337 323 2923 416 Glas- und Porzellanwaren, Haus- und Küchengeräte.
1336 405 2926 553 6 fixe Preise: 54 h, K 1, 2, 3, 4, 5.
489 485 1197 551 Wien, IX., Liechtensteinstr. 30
686 523 999 581 (Im eigenen Hause).
200 530 459 585 Zentrale:
168 566 2941 819 = Victoria-Versicherung=
491 824 2617 938 Die Geschäftsräume der General-Agentur für Tirol, Vorarlberg and Salzburg
258 891 2857 1022 befinden sich: Innsbruck, Maria Theresienstrasse 34 (Tschoner-Haus). — Leiter: Max Neumann.
980 1008 2139 1090 Bilanzziffern des Betriebsjahres 1910:
179 1052 2940 1187 Vermögen K 960.165.336. Prämien- u. Zinsen-Einnahme K 198.147.546. Gewinn-Reserve K 188.063.788.
1056 1187 2081 1288 Versicherungsbestand:
698 1272 2439 1372 2 Milliarden 275 Millionen 574 Tausend 864 Kronen.
407 1348 2715 1463 Liberalste Versicherungs-Bedingungen Niedrige Prämien Niedrigste Gesamtleistung.
2777 1453 2956 1508 799=40|3
738 1462 2407 1581 Unanfechtbarkeit nach einem Jahre.
917 1572 2222 1655 An allen Orten werden tüchtige Vertreter gesucht.
185 1634 2716 1754 Auskünfte und Prospekte bereitwilligst und kostenlos durch die General-Agentur und ihre Vertreter.
162 223 970 291 J1802—52-16 Kronen-Bazare.
597 290 788 323 Filialen:
166 320 632 380 Bozen, Defreggerstrasse 2;
167 374 589 419 Bozen, Laubengasse 44;
167 410 572 454 Meran, Berglauben 32;
750 307 1168 367 Marburg, Herrengasse,
752 324 1178 404 Salzburg, Zellereck;
170 444 654 491 Innsbruck, Museumstr. 12;
167 471 702 530 Laibach, Schellenburggasse 7;
753 397 1096 438 Trient, Via Oriola;
755 432 1140 475 Görz, Via Rustello 10.
755 468 1061 511 Fiume, Corao 7.
365 1718 2795 1930 J. M. Voith, Maschinenfabrik und Eisengiesserei St. Pölten.
1416 1800 2540 1916 Stammhaus Heidenheim a. Brz.
348 1891 2806 1997 Francis- und Hochdruckturbinen für jede Gefällshöhe und Wassermenge, mit garantiert höchstem Rutzeffekt, erstklassige Ausführung.
354 1975 1530 2051 Automatische Oeldruckregulatoren mit höchster Präzision.
358 2016 2121 2103 Elektrische Widerstandsregulatoren, Patent Wolff=Voith, bis zu 10.000 Volt Spannung.
921 2067 2221 2135 Auszug größerer Turbinenanlagen im Jahre 1910, in St. Pölten in Ausführung:
308 2093 2815 2193 2 Turbinen à 8000 PS für die Etsch-Werke Schnalstal der Städte Bozen-Meran. 2 Turbinen à 3080 PS für die Ruetzwerke zum Betriebe der Mittenwalderbahn
308 2123 2888 2229 8 „ à 2000 PS „ das Elektrizitäts-Werk Stern & Haferl. Gmunden. 2 „ à 1280 PS für das Elektrizitäts-Werk Bürs, Gotzner & Mutter, Bludenz
309 2177 2351 2264 1 Turbine 4000 PS d. E. W. Ignaz Spiro, Krumau, außer diesen weitere 108 Turbinenonlagen mit Leistungen von 12—385 PS.
1122 2231 2050 2288 Beim Stammhaus in Heidenheim fürs Ausland in Auftrag:
309 2259 2679 2353 Amerika: 2 Turbinen à 12300 PS für die Ontario Falls Pover Comp. Deutschland; 4 Turbinen à 1800 PS für das E.=W. Talsperre Mauer
523 2290 2857 2383 1 „ à 11590 PS detto Japan: 2 Turbinen à 2650 PS für Besshi Mine Hateba, Water Pover Plant
310 2333 2507 2425 Norwegen: 3 Turbinen à 6600 PS für die Papierfabrik Rotodden 2 „ à 1650 PS für E.=W. Yokkaichin
524 2363 2493 2454 2 „ à 15000 PS für die E.-W. Svelgfos 1 „ à 1500 PS füx E.=W. Shiroishi
524 2405 2464 2490 3 „ à 633 PS „ „ „ Skotofos 2 „ à 700 PS für E.=W. Korisho
526 2441 2489 2527 3 „ à 325 PS „ „ „ Ekien 6 „ à 2100 PS für E. W. Ujigawa.
212 2474 2964 2578 Pom 1. Jänner 1910 bis Ende September in Heidenheim und St. Pölten 329 Turbinen mit 116.074 PS, insgesamt 4049 Turbinen mit 1,168.490 PS ausgeführt und im Auftrag
624 2529 2553 2615 Eigene, auf wissenschaftlicher Basis eingerichtete Versuchsanstalt für Hoch= und Niederdruckturbinen.
1340 2591 1840 2638 Arbeiterzahl: 2600, Beamte 350.
1098 2631 2071 2690 Kataloge, Prospekte, Kostenanschläge auf Wunsch zur Verfügung
885 2666 2422 2741 Spezialität: Papierfabrikations=Maschinen und Holzschleifereien.
894 2696 2972 2791 Vertretung in Innsbruck: Ingen. G. Schubert, Erlerstraße 9. .171|7=18
813 2774 2501 2946 Die Bank für Tirol und Vorarlberg
1340 2919 1986 2976 Innsbruck (Erberstrasse 9)
1080 2748 2988 3057 verzinst Geldeinlagen auf Sparbücheln mit . . 4 ¼ 0/0
216 3024 2631 3128 Kassastunden von 3 bis 6 Uhr: grösste Rückzahlungserleichterungen: die Rentensteuer zahlt die Bank; die Verzinsung beginnt sofort.
733 2997 923 3030 J2474—52-9
741 3233 1520 3306 G. Topham & Co.
286 3157 669 3212 Gegründet 1853
253 3209 710 3269 Maschinenfabrik und
291 3267 574 3325 Eisengiesserei
1594 3127 1975 3181 Gegründet 1853
1554 3182 2010 3241 Gesellschaft m. v. H.
1550 3234 2053 3297 Wien X|1, Gudrunstr. 159
402 3331 1110 3407 bauen als Spezialitäten:
536 3422 980 3523 Vollgatter
282 3523 1242 3605 jeder Art, für Dampf= und Wassersägen.
291 3639 1221 3755 Alle Holzbearbeitungsmaschinen
231 3751 1291 3837 Kreissägen, Bandsägen, Hobelmaschinen, Fräs⸗
232 3824 1290 3908 maschinen, Fournierschälmaschinen, Maschinen
233 3895 1294 3979 für gebogene Möbel, Faßmaschinen, Trans⸗
663 3968 1298 4039 missionen. 218=26|19
236 4060 1279 4150 Prospekte, Kostenvoranschläge, In
446 4141 1092 4216 genieurbesuche gratis!
240 4249 1140 4362 Stabile Platzagenten
243 4341 1140 4405 werden für den Verkauf von in Oesterreich=Ungarn
241 4385 1144 4488 gestatteten Losen aufgenommen, auch fix angestellt.
242 4430 1066 4494 Unträge unter „Merkur“ Brünn, Neugasse 20.
919 4477 1149 4526 12230—10|9
1257 4236 1985 4342 Schöne, geräumige Wohnung
1173 4319 2072 4385 4 Zimmer, Gas, elektrisches Lich:, Parkettböden rc.,
1173 4365 2073 4428 mit allem Komfort auf Augusttermin zu vermieten.
1175 4408 2075 4476 Zu besichtigen Andreas Hoferstraße 40, 3. Stock
1174 4453 2075 4525 rechts. J4058—3|3
2103 3104 2957 3170 Verläßlichste und billigste Bezugsquelle
2081 3157 2981 3215 für böhmische n ungarische garantiert neue, doppelt gereinigte
2081 3202 2983 3310 Bettfedern und Flaumen
2381 3300 2989 3350 1 Kilo graue Bottschern von K 2,
2387 3322 2988 3381 3-80, Halbdaunen K 4-70, 5-60, Das⸗
2390 3356 2988 3417 nen K 7 u. 8, 1 Alto weißer flauchiger
2383 3391 2991 3454 Landrupf K 6-80—8., Daunen with
2386 3429 2992 3487 (Brustflaum) von K 10—12, ###instet
2381 3463 2990 3524 Schwanenflaum K 14, Fertige gotsle###
2393 3496 2990 3560 aus sehr gutem Rauling, komplett, groß
2087 3535 2988 3598 mit 2 Polster von K 16, 20, 24. Printo Daunen ####ll###g
2087 3568 2991 3632 K 32. Stepp- und Flanelldecken, Haar u. Flo###t###
2087 3604 2997 3669 5714 Matratzen, Bettüberzüge, äußerst billig 14|14
2183 3666 2898 3747 A. Zäums vormals Stöger
2182 3737 2899 3808 Beltwaren=Spezias-Geschäft
2094 3797 2992 3865 Innsbruck, Innstraße 2 (Turnusvereinshaus)
2171 3884 2923 3994 Auto Technikum Stuttgart.
2372 3993 2997 4053 Staatl. konz. Chauffeur-
2376 4038 2995 4106 Schule, Filderstrasse 63
2102 4118 2998 4192 bildet Leute jeden Standes zu tächtigen
2101 4188 2997 4267 Chauffeuren aus. 164—16|6
2282 4256 2820 4349 Laden mit Nebenlokol
2103 4347 3017 4413 im Zentrum der Stadt, ist ab 1. August zu ver⸗
2102 4390 3021 4457 mieten. Derselbe kann aber sofort bezogen wechen
2101 4419 3023 4509 Räh#### Dr. Dureg###, Leopoldstraße ###. ###
