3488 5358
231 107 443 158 Nr. 16830
810 109 1097 160 Wien, Samstag
1521 127 2099 164 Neue Freie Presse.
2513 134 2742 172 1. Juli 1911
3181 138 3336 174 Seite 23
1055 205 2512 320 INTERNATIONALE
551 392 3024 536 HYGIENE-AUSSTELLUNG
1379 616 2197 693 DRESDEN 1911.
159 740 3408 1128 Weltausstellung für Gesundheitspflege
1391 1218 2179 1283 MAI—OKTOBER.
337 1489 697 1539 Dresden,
700 1439 3225 1504 Sachsens herrliche Residenz, das Wallfahrtsziel vieler Tausende von Besuchern, birgt in diesem Jahre die Welt⸗
721 1485 3223 1566 ausstellung für Gesundheitspflege in seinen Mauern. Im Herzen der Stadt, in einem prachtvollen Park, dem König⸗
339 1561 3221 1623 lichen Grossen Garten, erhebt sich ein Komplex von za. 100 Gebäuden in grossartiger architektonischer Einheitlichkeit, weisschimmernd
340 1622 2881 1684 mit grünen Dächern, eine Stadt für sich, Belehrung, Anregung, Zerstreuung und Erholung in gleichem Masse bietend.
493 1701 3220 1763 Der Ausstellung ist die Lösung der Aufgabe gelungen, den Menschen in leicht fasslicher Art über alle Fragen der Gesundheit
339 1762 3219 1825 zu belehren. In einem Palast, „Der Mensch“, etwa 6000 qm bedeckend, wird der Besucher mit ganz neuartigen Methoden und An⸗
338 1823 3220 1887 schauungsmittel spielend unterrichtet über die Beschaffenheit des menschlichen Körpers in allen seinen Teilen, über seine Lebens⸗
336 1884 3219 1948 vorgänge, über die Krankheiten und Schädigungen des Körpers und die Möglichkeit ihrer Verhütung; über alles, was mit dem
337 1946 3219 2008 menschlichen Leben zusammenhängt: Arbeit und Erholung, Wohnung und Kleidung; über die Grundsätze einer richtigen Ernährung
335 2008 1882 2063 wird in besonderen grossen Abteilungen das Wissenswerteste dargestellt.
493 2086 3218 2150 So werden jedem Besucher gewissermassen in Unterhaltungsform Schätze an Kenntnissen geboten, die ihm für sein ganzes
336 2148 1471 2205 späteres Leben von ungeahntem Nutzen sein können.
492 2226 3216 2289 In einer Historischen Abteilung bekommt der Beschauer in Tausenden von Gegenständen Kunde von den Anschauungen, die
336 2287 3217 2350 unsere Vorfahren und die alten Völker über den Körper des Menschen und die Gesundheitspflege gehabt haben. In hochinteressanten
333 2349 3212 2413 Vorführungen werden die verschiedenen Sitten und Gewohnheiten, die sich für die Leibespflege herausgebildet hatten, die Ernährungs⸗
336 2411 1298 2465 weise, die Art des Wohnens u. s. w. gezeigt.
491 2488 3218 2550 In einer grossartigen wissenschaftlichen Abteilung mit 44 Untergruppen findet der Fachmann wie in einem grossen plastischen
332 2550 3213 2612 Lehrbuch und seinen einzelnen Kapiteln, von den hervorragendsten Gelehrten in jahrelanger Arbeit geschaffen, alle wissen⸗
337 2612 3213 2672 schaftlichen Errungenschaften auf dem Gebiete der modernen Gesundheitspflege streng systematisch und übersichtlich
335 2672 3214 2734 vorgeführt. Eine Sammlung, etwa 12 000 qm bedeckend, wie sie in dieser Vollendung nach dem Ausspruch von Fachleuten kaum
332 2735 3214 2796 in Jahrzehnten wieder zusammenzubringen ist, eine Fundstätte für jeden Hygieniker, für jeden Arzt und Teehniker, Verwaltungs⸗
333 2795 767 2840 beamten und Lehrer.
487 2874 3209 2937 Eine Sportabteilung zeigt in wissenschaftlicher Darlegung, wie in zahlreichen praktischen Vorführungen auf allen Sportgebieten,
330 2933 3208 2996 welche segensreiche Wirkung eine richtige von Uebertreibungen freie körperliche Betätigung auf den Menschen und jedes Lebens⸗
332 2997 590 3037 alter ausübt.
486 3074 3204 3134 Umrahmt und ergänzt wird jede dieser Abteilungen von zahlreichen Darbietungen der gewaltig entwickelten Industrie, (zirka
332 3136 3207 3198 56.000 qm umfassend), die die praktischen Beispiele zu den wissenschaftlichen Ausstellungen vorführt, die zeigt, wie weit die moderne
331 3197 3205 3257 Industrie heute schon die hygienischen Erkenntnisse nutzbar gemacht hat und Anregungen für das gibt, was von ihr noch gefördert
330 3258 612 3301 werden muss.
486 3332 3208 3395 In der Herkulesallee (der Völkerstrasse), an deren beiden Seiten die Paläste der fremden Staaten, grossartige hygienische Museen
331 3393 3207 3456 bergend, sich erheben und die das ganze Gebiet als Hauptverkehrsader durchzieht, flutet ständig ein gewaltiger Menschenstrom, hört
330 3457 3211 3518 man alle Kultursprachen der Erde. Die Ausstellung bietet ein Leben und Treiben, wie man es sonst nur in einem grossen Weltkurort
330 3520 588 3559 finden kann.
484 3597 3209 3657 Neben dem internationalen Besucherpublikum finden sich auch zahlreiche Vertreter fremder Völker, die in nationaler Eigenart
328 3657 3204 3717 ihre Sitten und Gebräuche vorführen. So sieht man in der Abteilung Ostasien japanische Kunsthandwerker; japanische Geishas, die
330 3715 3206 3779 Tänze und Weisen aus ihrer Heimat vortragen, indische Tanzmädchen (Nautchgirls) und Zauberer; ein äthiopisches Dorf gewährt
328 3779 3205 3829 Einblick in die Lebensweise der Bewohner des nordafrikanischen Hochlandes und ihrer Nachbarvölker. Im arabischen Café finden sich
329 3837 3204 3901 echte Derwische, Allmeh’s Bauchtänzerinnen und arabische Musik, und chinesische Rikshas vermitteln den Verkehr auf dem weit⸗
327 3902 925 3962 läufigen Ausstellungsterrain.
555 4106 2974 4162 Die Beurteilung ist eine selten einmütige, wie sie eine Ausstellung seit Menschengedenken nicht gefunden hat !
250 4188 1203 4227 ... Es ist nicht daran zu zweifeln, daß die Internationale
170 4222 1204 4262 Hygiene=Ausstellung nach Inhalt und äußerer Ausgestaltung die
170 4256 1138 4297 bedeutendste aller bisherigen deutschen Ausstellungen sein wird.
727 4301 1203 4339 (Frankfurter Zeitung.)
255 4387 1204 4427 Die Dresdner Hygiene=Ausstellung . . . ist wohl die groß⸗
168 4421 1203 4461 artigste Unternehmung auf dem Gebiete der Hygiene, die je die
168 4455 1207 4497 Welt gesehen hat. (Neues Wiener Journal.)
247 4544 1202 4583 . . . Diese überwältigende Anteilnahme ist schon ein Beweis,
168 4578 1202 4618 daß die Internationale Hygiene=Ausstellung weit über Dresden und
168 4613 1203 4654 Sachsen hinaus eine Bedeutung gewonnen hat, wie sie Veran⸗
167 4648 1203 4689 staltungen auf diesem Gebiet bisher kaum zukamen. (Der Tag.)
256 4745 1200 4784 . . . Die große Schau ist weit mehr und bedeutet etwas viel
167 4773 1200 4820 Wichtigeres, als der bescheidene Name „Hygiene=Ausstellung“ ver⸗
166 4814 1201 4854 muten läßt . . . Die berühmtesten Mediziner aus allen Ländern
168 4848 1200 4889 der Erde haben sich zu einem erlauchten Areopag zusammengetan,
167 4883 1200 4923 um in einem imponierenden und geschlossenen Ganzen die Größe
167 4918 1200 4961 und ungeheure Mannigfaltigkeit der Aufwendungen darzustellen,
167 4947 1201 4993 die heute für das höchste Gut der Menschheit, die Gesundheit,
168 4983 1201 5028 überall gemacht werden. (Berliner Tageblatt.)
255 5076 1200 5119 . . . Eine Stadt, eine Stätte der Gesundheit ist diese Aus⸗
168 5105 1198 5150 stellung. . . . Ein Werk, wie es großartiger bisher nicht dem
168 5145 1200 5190 Gedanken der Hygiene diente, einer Kulturtat, auf die wir stolz
1246 4187 2283 4230 sein können. Und nicht nur wir, die gesamte, zivilisierte Welt
1247 4219 2284 4263 mit uns. ... (Neue Freie Presse, Wien.)
1334 4294 2281 4334 ... Die Internationale Hygiene=Ausstellung in Dresden be⸗
1247 4330 1803 4367 deutet eine Kulturtat ersten Ranges.
1609 4373 2282 4413 (Leipziger Neueste Nachrichten.)
1334 4442 2282 4482 ... In dieser Wirkung und in der Durchdringung der breiten
1246 4474 2284 4517 Masse mit hygienischer Erkenntnis liegt die Bedeutung der Aus⸗
1245 4513 2062 4552 stellung. Sie will namentlich der Aufklärung dienen.
1861 4558 2281 4596 (Kölnische Zeitung.)
1334 4626 2280 4666 So wie diese Ausstellung aufgebaut ist, wo alles darauf abzielt,
1246 4662 2282 4701 Laien und Fachleuten Wissen und Belehrung in der leichtesten,
1247 4697 2281 4736 anschaulichen Form darzubieten, darf man sicher sein, daß sie
1246 4727 2281 4772 nutzbringend sein werde für Millionen von Menschen. Jeder wird
1245 4766 2279 4806 belehrt und bereichert in seinem Wissen um die menschliche Gesund⸗
1244 4797 2279 4841 heit und die Gefahren, die ihr gerade in unserer Zeit drohen,
1480 4841 2281 4887 (Königsberger Hartungsche Zeitung.)
1331 4914 2278 4954 . . . Ihre segensreiche, nutzbringende Ausstrahlung wird unser
1244 4945 2277 4990 Volk und Vaterland noch spüren, wenn sich schon längst die
1244 4984 2278 5024 Pforten zum Ausstellungsplatze in Dresden wieder geschlossen
1244 5019 2277 5059 haben werden. (Leipziger Tageblatt.)
1331 5080 2276 5121 . . . Eines steht heute schon fest: Die Internationale Hygiene=
1241 5115 2275 5156 Ausstellung zu Dresden wird die deutsche Ausstellung des
1240 5148 2275 5190 Jahres 1911 sein. (Rheinisch=Westfälische Zeitung, Essen.)
2412 4191 3360 4234 . . ein epochemachendes Unternehmen ist, wohl geeignet,
2326 4226 3276 4266 die Gewohnheiten vieler Menschen in neue Bahnen zu lenken.
2917 4272 3359 4312 (Dresdner Anzeiger.)
2411 4332 3358 4372 Mit der in Dresden eröffneten Hygiene=Ausstellung ist ein
2326 4365 3357 4406 großartiges, in der Geschichte einzig dastehendes Werk vollendet
2325 4396 3357 4441 worden. (La Plata=Zeitung, Buenos Aires.)
2411 4461 3357 4501 ... Die Ausstellung stellt eine plastische Geschichte der mensch⸗
2324 4493 3357 4537 lichen Kultur dar. (Bohemia.)
2410 4557 3356 4597 ... Die Internationale Hygiene=Ausstellung bedeutet eine
2324 4590 3356 4632 gewaltige Tat, zu deren Ausführung sich Wissenschaft, Technik
2323 4622 3356 4668 Industrie und Kunst aus aller Herren Länder die Hand gereicht
2323 4656 3354 4702 haben. (Hamburger Nachrichten.)
2410 4722 3354 4763 ... Die Ausstellung stellt einen Triumph deutscher Organi⸗
2324 4752 3352 4797 sationskunst, deutscher gründlicher Arbeit und Wissenschaft dar.
2321 4791 3352 4831 Sie ist so lehrreich und so reichhaltig, wie man dies von einer
2320 4825 3353 4868 solchen Ausstellung auch bei hoch gestellten Ansprlichen kaum hätte
2321 4856 3350 4902 erwarten können. (Tägliche Rundschau.)
2407 4922 3351 4962 ... Es ist wohl das erste Mal, daß ein Problem von solchem
2322 4956 3349 4997 Ernst einem internationalen Massenpublikum vorgelegt wird, und
2321 4986 3350 5032 man kann nur hoffen, daß der Respekt, der damit den Besuchern
2322 5025 3350 5067 gezeigt wird, gerechtfertigt wird. Das stille Dresden ist eine
2321 5061 3349 5103 Weltstadt geworden. (Schlesische Zeitung.)
2404 5120 3349 5161 ... Die Ausstellung darf als eine der großartigsten Leistungen
2317 5153 3348 5196 auf diesem Gebiete betrachtet werden. (Medizinische Klinik.)
