3607 5387
330 239 481 280 Seite 6
896 250 1212 290 Wien, Samstag
1625 243 2041 292 Arbeiter-Zeitung.
2479 243 2753 283 1. Juli 1911
3139 240 3308 275 Nr. 178
270 340 1280 379 statiert worden. Wie bekannt, war der Dampfer am 24. d. in
270 384 1280 422 Triest angekommen und kurz nach Ankunft des Dampfers war
270 426 1280 464 an Bord die Frau Marie Brenner aus Gottschee unter
272 469 1279 508 verdächtigen Symptomen gestorben. Es wurde festgestellt, daß
274 513 1280 550 es sich um asiatische Cholera handelte. Der Dampfer
271 556 1280 594 wurde nach dem Seelazarett geschickt, wo alle Passagiere und die
265 599 1279 637 Besatzung unter ärztliche Beobachtung gestellt und an Bord und
274 641 1278 681 Ladung die notwendigen Desinfektionen vorgenommen wurden.
381 694 1279 733 Gestern Nachmittags sollte der Dampfer libera pratica er¬
273 736 1278 775 halten, aber als Sanitätsinspektor Dr. Markhl in Sankt
273 780 1277 822 Bartholomä eintraf, wurde ihm gemeldet, daß eine Frau
271 823 1276 860 heftig fieberte und an Brech durch fall litt.
272 865 1277 904 Die Kranke wurde ausgeschifft und ins Hospital des Lazaretts
272 908 1115 946 gebracht. Ihr Zustand soll sehr schwer sein.
375 952 1276 990 Indessen wurde dem Dampfer die Gewährung der libera
271 996 1278 1033 pratica auf 24 Stunden sistiert, und falls bei den weiteren bak¬
270 1038 1277 1076 teriologischen Untersuchungen der Choleraverdacht sich bestätigen
270 1081 1279 1119 sollte, so müßte der Dampfer für weieere fünf Tage im See¬
272 1124 1276 1161 lazarett bleiben. Auf Grund der gemachten Recherchen muß die
270 1167 1277 1205 Cholerainfektion an Bord der „Oceania“, die im Hafen
269 1210 1276 1247 von Neapel nicht die libera pratica erhielt,
268 1253 1276 1292 weil dort Cholera herrschte, durch Fliegen geschehen sein.
304 1350 1241 1423 In österreichischen Gefängnissen.
374 1436 1275 1477 Eine Periode der Romantik war die Zeit des
271 1474 1276 1516 Sozialistengesetzes für die deutsche Sozialdemokratie. All¬
270 1513 1276 1558 wöchentlich kam der in Zürich und später in London,
269 1551 1276 1594 freilich hie und da selbst in Deutschland gedruckte „Sozial¬
272 1591 1276 1632 demokrat“ in die Hände seiner Abnehmer. Gerichte,
272 1629 1276 1670 Polizei=, Post= und Zollbehörden führten ununterbrochen
272 1667 1276 1710 eine Jagd auf die mutigen Männer, die den „Sozial¬
273 1707 1276 1749 demokraten“ und manche andere sozialistische Kontrebande
273 1746 1276 1786 aus der Schweiz über die deutsche Grenze führten. Die
274 1783 1276 1826 trefflich geübten Männer, die diese schwere und gefährliche
274 1822 1275 1864 Arbeit verrichteten, waren auch bereit, polnischen und
273 1860 1276 1903 russischen Genossen beim Transport der Schriften aus der
274 1899 1277 1941 Schweiz behilflich zu sein. Hie und da wurde auch der
271 1937 1276 1980 Wegüber Oesterreich versucht. Bei einer dieser
274 1977 1276 2018 Expeditionen siel der trefflichste der roten Postillone, der
274 2015 1275 2058 mit Motteler den ganzen Vertrieb unserer Schriften aus
268 2054 1276 2096 der Schweiz organisiert, der Genosse J. Belli, in die
270 2093 1274 2136 Hände der österreichischen Behörden. Wie es ihm in den
273 2125 1274 2175 Vorarlberger Gefängnissen erging, schildert er in seinen
273 2171 1276 2213 Erinnerungen aus der Zeit des Sozialistengesetzes, die er
271 2208 1276 2252 die „rote Feldpost“ betitelt. Wir lassen die beiden
273 2248 1277 2291 Kapitel, die auch ein Stück österreichischer Geschichte sind,
273 2287 468 2328 hier folgen:
633 2328 922 2363 St. Margareten.
375 2369 1277 2417 Unsere Verbindungen nach Oesterreich waren nie
271 2407 1277 2450 gefestigt. Es waren willige und mutige
272 2447 1277 2488 Genossen an der Grenze vorhanden, doch waren
270 2485 1276 2527 nur wenige zum ruhigen, stillen und ungekannten Arbeiten
270 2524 1276 2566 geneigt. Sie hatten manchmal romantische Neigungen und
274 2562 1277 2610 ließen zu viel an die Oeffentlichkeit kommen. Ich besorgte
271 2602 1276 2644 deshalb unter Mithilfe eines oder zwei Genossen, die an
273 2640 1277 2686 der Schweizer Grenze wohnten, den Polen mehrere
273 2679 1277 2720 Expeditionen selbst. So im September 1882. Zwei Genossen,
273 2717 1276 2765 Bluch und Remlinger, die mir früher schon ge¬
271 2755 1275 2798 holfen hatten, erwarteten mich in Rheineck. Als ich
271 2794 1276 2837 hinkam, war nur Bluch da. Ich holte noch zwei Gesellen
272 2833 1277 2875 eines mir bekannten Malermeisters, wir packten die Ware
273 2872 1278 2915 zwischen die Kleider und fuhren mit der Bahn zur
275 2911 1276 2957 Schweizer Grenzstation St. Margareten. Die öster¬
275 2950 1278 2992 reichische Zollrevision findet auf dieser
274 2989 1275 3031 Station statt, ehe der Zug über die Rheinbrücke nach
273 3028 1276 3070 Oesterreich fährt. Mein Genosse und ich wurden aus dem
274 3067 1275 3108 Coupé geholt, auf dem Zollamt festgehalten und untersucht,
272 3105 1279 3148 wobei der Braten zum Vorschein kam. Die beiden Maler
271 3145 1278 3187 blieben unbehelligt, da unser Denunziant, von dem
270 3183 1277 3227 wir noch erfahren sollten, von diesen nichts wissen konnte.
269 3224 1278 3268 Ich protestierte gegen die Verhaftung, da die Oesterreicher
273 3264 1277 3305 auf Schweizer Gebiet Verhaftungen nur mit Zustimmung
269 3303 1277 3345 der schweizerischen Behörden, und in politischen Angelegen¬
268 3342 1278 3384 heiten überhaupt nicht vornehmen dürfen. Jedoch ver¬
271 3380 1277 3421 gebens. Man depeschierte nach Innsbruck. Wir mußten
276 3419 1277 3460 warten, bis die Ordre kam, uns nach Feldkirch zu bringen.
377 3466 1277 3508 Mittlerweile verlangte ich, auf den Abort zu gehen.
275 3504 1278 3547 Da fand ich, daß ein schmales Fensterchen ins Freie
273 3544 1277 3585 führte. Ich zwängte mich durch, aber das ging langsam
269 3581 1278 3624 und mühevoll. Als ich endlich den Sprung wagen wollte,
269 3619 1274 3661 stieß der außen wachthabende Grenzer die Tür ein und
274 3657 1277 3700 erhaschte mich noch. Jetzt holten sich die „Zwoggel“ einen
273 3691 1276 3738 Schweizer Landjäger und brachten uns über die Brücke.
273 3735 1276 3777 Dort nahm uns ein österreichischer Gendarm in Empfang
274 3774 1237 3817 und sperrte uns in den Keller des Gemeindeschulhauses.
378 3823 1277 3865 In St. Margareten hatten Genossen unsere
274 3862 1276 3903 Verhaftung erfahren. Sie wollten uns in der Nacht aus
270 3902 1277 3943 dem Keller befreien, müssen aber unsere Rettung zu laut
271 3939 1276 3981 geplant haben, denn um 11 Uhr Nachts holte uns die
268 3977 1274 4018 Polizei selbst aus dem Kellerloch und transportierte uns
269 4015 1275 4058 gefesselt und bei strömendem Regen nach Dornbirn.
268 4054 1276 4097 Anderen Tages ging es nach Feldkirch, wo wir in dem
267 4092 960 4137 alten Kreisgefängnis eingelocht wurden.
373 4141 1277 4184 Trotz meines Protestes gegen die ungesetzliche Ver¬
266 4179 1276 4222 haftung wurde die Untersuchung eingeleitet. Auf alle meine
271 4218 1277 4260 Einwendungen erklärte der Untersuchungsrichter stets: „Das
266 4255 1275 4298 alles geht mich nichts an. Sie sind nun einmal hier und
265 4293 1274 4337 bleiben auch hier.“ Ich schrieb nun an meine Frau nach
266 4334 1276 4376 Zürich, sie möchte die nötigen Schritte einleiten, damit die
267 4367 1276 4415 Sache untersucht und klargestellt werde. Der Brief wurde,
266 4410 1274 4454 wie mir der Kerkermeister erzählte, nicht abgeschickt. Als
268 4449 1274 4493 ich dann den Untersuchungsrichter bat, er möchte mich
267 4490 1278 4533 doch in die Schweiz schreiben lassen, da antwortete er
266 4528 1276 4572 mir: „Sie haben ja doch schon geschrieben.“ Ich sagte:
269 4565 1278 4614 „Ja, aber der Brief ist nicht abgeschickt worden.“ Darauf
272 4605 1278 4656 gab er keine Antwort. Später meinte er dann: „Sie
273 4646 1279 4699 können meinetwegen schreiben, aber das nützt Sie gar
274 4687 1280 4741 nichts. In der Presse wird es etwas Rumor machen, aber
275 4729 1281 4781 die Schweizer Behörden werden sich um Sie, als Deutschen,
278 4764 1283 4823 nicht kümmern.“ Als ich ihm nun erwiderte, daß die
280 4805 1285 4864 Sache laut Niederlassungsvertrag doch anders liege, meinte
282 4856 984 4904 er: „Davon verstehe ich nichts.“
386 4881 1287 4944 Mein zweiter Brief kam in Zürich an. Genosse
287 4921 1287 4984 Conzett wurde von meinen Freunden über den Fall
286 4963 1289 5023 unterrichtet und er unternahm sofort die nötigen Schritte
289 4998 1286 5061 bei der Regierung des Kantons St. Gallen. Conzett und
287 5043 1286 5096 der St. Galler Regierungsrat Curti begaben sich nach
291 5080 1290 5140 St. Margareten, um an Ort und Stelle Erhebungen zu
1324 340 2325 384 machen. Sie fanden meine Angaben bestätigt. Curti kam
1323 380 2325 422 nach Feldkirch und teilte mir mit, daß die Verhaftung
1323 419 2324 461 ungesetzlich sei und meine Freilassung erfolgen müsse.
1322 451 2325 500 Leider könne das aber noch längere Zeit anstehen. Die
1323 489 2325 544 Angelegenheit müsse durch die Gesandtschaft in
1322 534 2325 578 Wien geregelt werden und der Gesandte von Tschudi
1323 576 1651 616 sei noch in Urlaub.
1426 607 2325 660 Diese Verzögerung machten sich die Oesterreicher
1324 652 2325 696 zunutze, sie führten den Prozeß gegen die zwei Verhafteten
1322 690 2324 732 ruhig weiter. Da wir in Oesterreich überhaupt nichts ver¬
1323 729 2325 771 brochen hatten, war zu einer Verurteilung gar keine
1322 767 2325 815 Unterlage vorhanden. Wir wurden dennoch vor das Gericht
1321 807 2324 848 verwiesen. Es wurde festgestellt, daß eine Depesche von
1324 844 2324 886 St. Gallen nach Lustenau gekommen sei. Durch diese
1322 883 2325 926 Depesche sei der Verhaftete — Bluch war sein Name —
1323 915 2325 964 nach Rheineck bestellt worden. Der Absender der Depesche
1321 960 2324 1008 sei zweifellos der Angeklagte Bluch. Mit dieser Depesche
1322 999 2325 1046 nun sei ein Teil der Handlung auf österreichisches Gebiet
1321 1038 2324 1080 verlegt, und darum seien wir zu bestrafen. Wir wurden
1321 1076 2323 1119 denn auch wegen Preßvergehens zu drei Wochen Gefängnis
1322 1118 1480 1150 verknurrt.
1426 1153 2325 1196 Einige Tage vor Ablauf dieser drei Wochen kam
1322 1193 2325 1235 dann von Wien der Bescheid, daß wir zu Unrecht
1321 1230 2324 1274 verhaftet und freizulassen seien. Die
1321 1270 2322 1313 ganze Geschichte hatte vier Monate gedauert. Für mich
1321 1308 2321 1351 hatte der Entscheid von Wien das Gute, daß ich nicht an
1321 1348 2324 1390 Deutschland ausgeliefert werden durfte; denn kaum hatten
1320 1386 2323 1429 die deutschen Behörden durch die Zeitung meine Verhaftung
1322 1425 2325 1467 erfahren, so stellten sie an Oesterreich das Verlangen auf
1322 1463 2325 1506 Auslieferung. Zu ihrer Begründung hatten die Deutschen
1320 1503 2219 1545 eine Räuberlegende verfaßt und nach Wien gesendet.
1425 1540 2327 1587 Als der Untersuchungsrichter sah, daß die Schweizer
1320 1579 2327 1622 sich der Sache ernstlich annahmen, wurde er viel höflicher
1321 1618 2324 1666 und zugänglicher. Wenn er nicht viel zu tun hatte, ließ
1320 1656 2326 1698 er mich zu sich holen und unterhielt sich stundenlang mit
1320 1695 2325 1738 mir über — den Sozialismus. Er erklärte mir dann
1320 1734 2325 1777 schließlich: „Ich sehe ein, daß diese Bestrebungen auch auf
1320 1773 2322 1816 nicht gewaltsamem Wege erreicht werden können, doch
1319 1811 2322 1854 fürchte ich, daß die Mehrzahl Ihrer Anhänger nicht so
1320 1852 1608 1885 denken wie Sie.“
1423 1888 2324 1929 Am Tage meiner Entlassung wurde mir ein Aus¬
1320 1926 2323 1970 weisbefehl aus „Vorarlberg und sämtlichen Kron¬
1319 1966 2325 2008 ländern“ zugestellt und mir gesagt, daß ich nun in meine
1319 2002 2323 2048 Heimat abgeschoben werden müsse. Es dauerte eine Weile,
1319 2044 2323 2086 bis ich dem Herrn Bezirkshauptmann begreiflich machen
1319 2082 2324 2124 konnte, daß das nicht sein dürfe, da ich nicht an die
1319 2120 2322 2164 Deutschen ausgeliefert werden könne. Dann wollte er mich
1319 2159 2324 2202 mit Landjägerbegleitung an die Schweizer Grenze bringen
1320 2193 2322 2241 lassen. Schließlich durfte ich so ziehen, nur mußte ich ver¬
1320 2237 2323 2280 sprechen, sofort fortzugehen und in die Schweiz zu fahren.
1321 2276 2324 2319 Ich sollte ja unterwegs nicht neue Konspirationen machen.
1321 2314 2324 2357 Ich ließ es mir aber nicht nehmen, in Dornbirn aus¬
1320 2355 2123 2397 zusteigen und neue Verbindungen anzuknüpfen.
1424 2392 2324 2433 Der Schweizer Landjäger, der bei der Verhaftung
1320 2430 2325 2471 mitwirkte, wurde aus dem Dienste entlassen und der
1322 2470 2201 2512 Schweizer Bundesrat sendete mir dieses Schreiben:
1355 2519 1488 2555 Abschrift.
1815 2552 2288 2588 Bern, den 30. Jänner 1883.
1484 2597 2197 2632 Der schweizerische Bundesrat
1823 2639 1860 2659 an
1424 2663 2254 2701 Präsident und Regierungsrat des
1647 2700 2023 2735 Kantons Zürich.
1558 2743 1970 2778 Getreue liebe Eidgenossen!
1457 2784 2324 2821 Wir beehren uns, Ihnen mit Bezug auf die im Bahn¬
1355 2819 2323 2857 hof von St. Margarethen stattgehabte rechtswidrige Verhaftung
1354 2854 2324 2892 von Josef Belli und Mithaften durch österreich i¬
1355 2888 2323 2927 sche Zollbeamte die Mitteilung zu machen, daß das
1355 2924 2322 2960 österreichische Ministerium des Aeußern in einer vom 11. d.
1355 2958 2322 2995 datierten, an unseren Gesandten in Wien gerichteten Note
1354 2993 2322 3029 sein aufrichtiges Bedauern über den genannten
1354 3027 2321 3064 Vorfall ausspricht und gleichzeitig zur Kenntnis bringt, daß
1355 3062 2321 3099 Instruktionen an die österreichischen Beamten in St. Marga¬
1354 3096 2323 3133 rethen abgegangen seien, welche den Zweck haben, derartige
1355 3131 2323 3167 Vorkommnisse inskünftig zu verhüten. Wir haben uns, da der
1356 3166 2323 3202 bedauernswerte Vorfall ohne Mitschulden eines schweizerischen
1355 3201 2323 3237 Polizeiangestellten nicht möglich gewesen wäre, mit diesen
1358 3235 2325 3271 Erklärungen und Zusicherungen begnügen zu sollen geglaubt
1355 3270 2322 3306 und betrachten die Sache als insoweit erledigt; immerhin
1358 3304 2323 3341 haben wir die St. Gallische Regierung eingeladen, ihrerseits
1357 3338 2323 3375 dafür besorgt zu sein, daß ihr Polizeikorps von derartigen
1355 3374 1806 3409 Handbietungen sich fernhalte.
1457 3409 2168 3443 Im übrigen benützen wir den Anlaß u. s. w.
1505 3443 2176 3477 Im Namen des schweizerischen Bundesrats
1391 3476 2324 3513 der Bundespräsident der Kanzler der Eidgenossenschaft
1356 3512 2216 3549 (sig.) L. Ruchonnet. (sig.) Ringier.
1673 3546 2012 3580 Für richtige Abschrift:
1458 3580 1954 3616 Zürich, den 2. Februar 1883.
1490 3615 2188 3650 Der Sekretär der Justiz und Polizeidirektion
1672 3650 2011 3684 Haggenmacher.
1424 3691 2326 3732 Der mitverhaftete Bluch war Oesterreicher und wurde
1320 3730 2151 3772 in seine Heimat nach Krain „abgeschafft“.
1739 3788 1900 3823 Feldkirch.
1422 3830 2327 3872 Der Aufenthalt im Gefängnis in Feldkirch war sehr
1321 3870 2325 3911 schlecht. Es war ein altes, verlottertes Ge¬
1320 3908 2325 3949 bäude. In den Zellen hatte ein Mensch Platz, es wurden
1321 3946 2326 3988 aber ruhig drei und vier Mann hineingesteckt, von
1320 3985 2326 4027 denen zwei auf dem Boden schlafen mußten. Das Ungeziefer
1320 4023 2325 4065 lief überall herum. Zu essen bekamen wir einmal im
1322 4062 2322 4103 Tage, so schlecht als möglich. Den einen Tag gab es
1322 4093 2324 4144 Fisolen (Bohnen), den anderen Mehlnockerln, am Sonntag
1322 4139 2325 4181 Kartoffeln, sogar mit einigen Fleischfasern darin. Die
1322 4177 2324 4220 Nockerln konnten wir nicht essen, weil das Fett heraus¬
1320 4216 2324 4256 stank. Unsere weniger heiklen italienischen Nachbarn erbaten
1320 4254 2323 4296 sich jedesmal von uns die Delikatesse. Als endlich ein
1319 4293 2324 4334 Beamter aus Innsbruck das Gefängnis revidierte, erklärte
1320 4332 2323 4373 er diese Nockerln für ungenießbar. Jetzt
1320 4369 2324 4417 wurden sie besser und wir aßen unseren Teil. Die
1320 4399 2323 4453 Italiener aber fluchten und schimpften über den Beamten
1320 4444 2323 4491 und über uns nicht wenig, da ihnen nun die Zugabe
1321 4483 2323 4527 entging. Aus dem Geschimpfe erfuhr ich hier unseren
1321 4522 2323 4569 Rang und Ansehen: die angesehensten Gefangenen waren
1321 4561 2321 4605 hier die Wilderer, während ich ganz der letzten einer war.
1427 4597 2323 4642 Ein Italiener, der seine Frau ermordet hatte, war
1324 4639 2322 4682 mein Zellengenosse, der andere ein Bauer, der seinen
1324 4678 2321 4719 Vetter und Pflegevater ermorden wollte, dann ein Land¬
1325 4715 2320 4762 streicher und ein Falschmünzer aus Meran. Nach ihrer
1326 4753 2320 4799 Verurteilung kamen diese Leute fort, aber was nachkam,
1328 4787 2318 4841 war nicht besser. Der Italiener hatte sich nach vollbrachter
1328 4830 2317 4880 Tat der Behörde selbst gestellt und erhoffte deshalb seine
1330 4868 2318 4921 Freisprechung. Er meinte, die Menschheit müßte froh sein,
1330 4908 2317 4955 daß er sie von dem schlechten Geschöpf befreit habe. Er
1331 4943 2316 4992 wurde zu fünfzehn Jahren Zuchthaus verurteilt. Da
1332 4986 2314 5035 erhängte er sich in der Zelle. Wir bemerkten es und
1332 5025 2315 5072 machten Lärm. Der Italiener konnte noch rechtzeitig ab¬
1334 5063 2314 5113 genommen werden, jedoch schimpfte er jämmerlich auf
2370 336 3372 378 uns, daß wir ihn nicht hatten hängen lassen. Er meinte
2369 375 3371 416 dann aber doch: „Es hat aber so weh getan, daß ich’s
2370 416 2786 457 gewiß nicht wiederhole.“
2472 452 3372 495 Ich beschwerte mich darüber, daß ich mit dieser
2369 492 3370 534 Gesellschaft Zusammensein müsse, der Kerkermeister erklärte
2367 530 3373 577 mir aber ganz scharf: „Was wollen Sie denn, Sie gehören
2369 568 3373 611 unter die Kaisermörder und diese sind viel
2368 611 2562 651 schlimmer!“
2470 647 3372 695 Der Untersuchungsbeamte, an den ich mich dann
2369 685 3372 727 wendete, sah sich die Leute an und meinte: „Ich sehe ein,
2368 724 3372 766 daß das keine angenehme Gesellschaft für Sie ist, doch wir
2368 758 3371 805 können es nicht ändern. Alle Räume hier sind überfüllt.
2369 802 3374 843 Im übrigen muß man halt dafür Sorge tragen, daß man
2368 843 2761 882 da nicht hineinkommt.“
2472 877 3372 921 Die Gefangenen kamen und gingen. In eine
2368 917 3372 963 Mitternacht erscholl Feuerlärm, wir schreckten auf
2368 956 3374 999 und sahen durch die Fenster grellen Feuerschein. Auf der
2369 995 3375 1037 Höhe der Weinberge, die uns gegenüber lagen, brannte
2368 1033 3374 1076 ein Gehöft. In einer Stunde war es ganz nieder¬
2368 1072 3375 1119 gebrannt. Wir schliefen wieder ein, da wurden wir in
2368 1110 3374 1157 der Früh durch einen Schrei geweckt. Vor dem Tor der
2369 1148 3374 1191 Gefängnismauer stand ein altes, schneeweißes Männlein
2367 1187 3375 1229 und schrie immerfort: „Guten Morgen, Kameraden! Guten
2368 1226 3376 1268 Morgen, Kameraden!“ Es wurde nach einiger Zeit
2369 1265 3375 1307 geöffnet und man fragte ihn, was er denn mit dem
2369 1298 3374 1346 Schreien wolle. Der Alte antwortete: „Eini iyill i, eini
2368 1343 3374 1384 will i, anzünd hab’ i, eini will i zu meine Kameraden!“
2473 1381 3375 1423 Er wurde auch hereingenommen und vorläufig ein¬
2370 1420 3377 1461 gesperrt in unsere Zelle. Er unterhielt sich mit mir, faßte
2368 1459 3374 1506 schließlich Zutrauen und erzählte mir seine Geschichte: „I
2369 1497 3374 1539 bin jetzet 77 Johr alt. Hob was Rechtes gelernt, Maurer;
2369 1535 3373 1583 war auch immer ein guter Rechner und Zeichner und bin
2370 1575 3373 1615 als Palier weit in d’r Welt rumkommen. Bis England
2369 1606 3373 1653 und Rußland. Hob aber immer wandern müssen, hab's
2368 1652 3372 1694 nirgends ausg’halten, so a fideler Bruder bin i g’wesen.
2369 1690 3377 1732 G’heirat hob’ i nit und au nir g’spart und komm’ da halt
2369 1729 3375 1770 als alter Kerl heim. A Zeit ist’s gangen, dann bin i ins
2369 1768 3377 1809 Armenhaus komme. Aber die Vorsteherin, a Nonne, die
2368 1808 2808 1848 hot mir wüst mitg’spielt.“
2472 1838 3375 1885 Der Alte machte eine Pause und zog ein unglück¬
2368 1876 3374 1924 liches Gesicht. Er deutete nach dem Kopf, betasteete den
2367 1921 3374 1963 Rücken und die Brust und fuhr dann fort: „Da hat s’ mi
2368 1963 3004 2003 g’schlagen, dort hot s’ mi hing’haut.“
2472 1999 3373 2046 Dann streichelte er seinen Arm und faßte die
2370 2039 3371 2080 Ellbogen, als hätte er einen Schmerz. „So ein altes Ripp,“
2369 2077 3373 2118 meinte er böse. „Im Städtle is Jahrmarkt g’wesen, hob
2368 2116 3373 2158 alte Bekannte troffen, hob’ gessen und trunken, sie hens
2367 2148 3372 2201 zahlt . . . no komm i wacklig heim . . . und da hob is!“
2366 2193 3372 2235 rief der Alte weinerlich aus, indem er wieder seinen miß¬
2366 2235 2775 2274 handelten Leib betastete.
2472 2271 3372 2312 Nach einer Weile erzählte er weiter: „Nachts bin i
2368 2302 3374 2351 dann davon, auf d’ Weinberg’, hab’ im G’höft a Schuppen
2369 2348 3374 2390 an’zünd’ und ’dacht: dann kriegst a Quartier, brauchst zu
2367 2387 3374 2428 keiner Oberin nimmer z’ruck. Und do bin i halt und
2368 2427 2967 2466 mein’, bleib’ da herin, bis i stirb.“
2471 2464 3227 2505 Der Greis wurde zu acht Jahren verurteilt.
2472 2496 3376 2545 An einem Morgen schob der Kerkermeister einen zer¬
2367 2542 3377 2583 lumpten, barfüßigen Burschen zur Tür herein. „A netter
2368 2578 3371 2621 Vallotte,“ meldete er ihn an, „aber Läuf’ hot er kone.“
2371 2619 3371 2661 Der Bursche war achtzehn Jahre alt, er war blond und
2369 2658 3372 2700 äußerlich sehr angenehm zum Ansehen. Seine Heimat
2368 2697 3369 2738 war Pfullingen bei Reutlingen. In Ulm im „Bären“ hatte
2372 2736 3371 2782 er den Kellnerberuf erlernt. Ich sah, daß er eine schöne
2368 2775 3370 2816 Handschrift hatte, er konnte sich mit mir französisch und
2368 2812 3375 2855 englisch unterhalten, sicher und gewandt. In diesen
2370 2852 3378 2894 Sprachen erzählte er auch, daß er schon siebzehn¬
2367 2884 3376 2932 malbestraft worden sei wegen Bettel, Stempel= und
2369 2931 2670 2972 Schriftenfälscherei.
2470 2978 3378 3018 In den Unterrichtsstunden die wir einmal in der
2366 3016 3377 3058 Woche besuchen mußten, verschaffte er sich ein Stück Schiefer.
2366 3056 3377 3097 Dann sagte er zu mir: „Jetzt werden Sie gleich sehen, daß
2366 3095 3379 3137 ich nicht bloß reden kann, sondern auch mehr.“ Und in
2368 3134 3380 3177 einigen Minuten hatte er mit dem Stift der Hosenschnalle
2368 3173 3380 3216 einen präzisen Gemeindestempel darauf graviert. Bei aller
2368 3213 3380 3255 Bewunderung für seine Kunst redete ich ihm doch zu, er
2367 3252 3379 3294 möge sich ändern, vernünftig arbeiten und mit anständigen
2368 3287 3377 3337 Menschen verkehren. „Fällt mir ein,“ gab er zur Antwort,
2370 3329 3374 3371 „bis jetzt hat’s mir bei dem Leben noch jeden Abend zu
2367 3367 3373 3409 einem Rausch gelangt!“ Dann lachte er auf: „Ueberhaupt,
2368 3407 3373 3448 wie kann man nur Sozialdemokrat sein und sich um andere
2367 3443 3370 3486 Menschen kümmern!“ Ein Ideal hatte der Materialist und
2369 3484 3378 3525 Realist aber doch: ein großer Hochstapler zu werden,
2369 3516 3379 3564 danach verlangte er sehnsüchtig. Mich bat er, ihn in
2369 3554 3377 3603 die Geheimnisse des Scheck= und Wechselwesens einzu¬
2370 3600 3374 3643 weihen. Kenne er das, dann hoffe er nach Herzenslust zu
2369 3632 3374 3682 fälschen und damit in die höhere Stufe der Gaunerhierarchie
2373 3673 2566 3719 auszurücken.
2475 3717 3372 3759 Inzwischen hatte sich die St. Galler Regierung für
2370 3756 3373 3800 meine Verhaftung interessiert. Als jetzt von meiner Frau
2371 3795 3374 3842 ein Kistchen Bücher sozialistischen Inhalts ankam, da ließ
2369 3828 3373 3876 sie mir der Untersuchungsrichter nicht nur bereitwillig
2369 3874 3373 3914 zukommen, sondern er bat mich, ihm doch auch diese
2369 3904 3374 3957 Bücher zum Lesen zu überlassen. So ging die Feldkircher
2369 3949 3376 3990 Zeit zu Ende. Auch Genosse Bluch, mein Mitverhafteter,
2373 3988 3377 4035 konnte jetzt gehen. Er wurde aber nicht durch die Bahn
2369 4020 3380 4069 nach seiner Heimat „abgeschafft“, sondern wurde — echt
2368 4066 3380 4110 österreichisch — in Begleitung eines Gendarmen zu Fuß
2368 4106 2806 4149 von Ort zu Ort geschubt.
2471 4144 3381 4188 Auf der Heimreise traf ich in St. Margarethen
2368 4182 3380 4225 denselben österreichischen Grenzjäger, der uns angehalten
2367 4216 3380 4268 hatte, wieder auf dem Posten. Ich sagte ihm, daß die
2368 4254 3377 4303 österreichischen Behörden mich mit den Ersatzansprüchen
2366 4296 3378 4342 für die ungesetzliche Verhaftung an ihn gewiesen hätten,
2367 4335 3380 4381 da er der eigentlich Schuldige sei. Da ich aber wisse,
2366 4374 3379 4417 daß er ganze dreißig Gulden im Monat verdiene, ver¬
2366 4408 3379 4457 zichtete ich darauf. Er dankte mir und sagte: „Wenn
2368 4449 3379 4494 ich gewußt hätte, daß es sich um Sozialdemokraten
2368 4486 3379 4535 gehandelt hat, hätte ich nicht ein¬
2367 4528 3378 4574 gegriffen.“ Sein Bruder, ein Steinmetz in St. Mar¬
2367 4567 3379 4616 garethen, setzte er hinzu, sei auch Sozialdemokrat. Wir
2367 4606 3378 4659 seien aber als Anarchisten auf dem Zollamt denunziert
2365 4647 3377 4703 worden. Nun stellte es sich heraus, daß der Genosse
2366 4688 3372 4739 Remlinger, der in Heiden wohnte und mir früher schon
2362 4726 3369 4783 geholfen hatte ein heimlicher Anarchist war, und daß
2360 4766 3371 4827 dieser die Sache dem Zollamt verraten hatte. Jetzt war
2355 4789 3374 4864 mir klar, warum er nicht in Rheineck zur versprochenen
2361 4829 2748 4891 Stunde gekommen ist.
2361 4886 3362 4947 Später wurde Remlinger mit einigen Spitzeln und
2360 4909 3280 4983 Anarchisten zusammen aus der Schweiz ausgewiesen.
2361 4927 3361 5044 An Feldkirch sollte ich noch eine überraschende Er¬
2359 4984 3366 5064 innerung haben. 1883 war in Zürich eine schweizerische
2359 5027 3361 5104 Landesausstellung. Da erhielt ich eines Tages vom
2358 5088 3358 5140 Feldkircher Untersuchungsrichter ein
