1536 2321
727 5 827 48 1342
604 138 955 191 Alle 3 Wochen
303 186 1254 249 eine Gewinn-Ziehung der vom Staate garantirten
192 271 1365 340 Geld=Verloosung.
272 324 1371 389 Original=Loose für alle Ziehungen, (keine Promessen), womit die
190 372 1369 438 Haupttreffer von fl. 200,000 100,000, 50,000, 30,000, 25,000, 20,000,
193 420 1373 485 15,000, 12,000, 10,000 2c. binnen 4 Monate gewonnen werden müssen,
194 468 1372 533 sind bei einer kleinen Anzahlung von nur fl. 5 direkt zu beziehen bei
462 537 1105 594 L. Steindecker=Schlesinger,
233 583 1331 648 Bank= und Wechsel=Geschäft in Frankfurt a. M.
576 633 1378 689 Pläne und Listen gratis. 66
232 754 1344 815 Nur auf einige Tage ist zu sehen eine sehr interessante
535 807 1028 905 Ausstellung.
201 890 1451 954 Der ergebenst Gefertigte, welcher sich auf der Durchreise hier befindet, be¬
121 942 1465 1001 nützt diese Gelegenheit, um dem hohen Adel, der löbl. Garnison und dem verehrungs¬
122 988 1468 1048 würdigen Publikum das berühmte und überall mit großer Befriedigung bewunderte
522 1035 1058 1095 Mädchen Katharina,
287 1086 1304 1139 20 Jahre alt, aus Ungarn, sehen zu lassen, welches in
125 1128 1472 1240 Ermangelung beider Arme und Füße die
132 1220 1471 1332 feinsten Arbeiten mit dem Munde verfertigt.
209 1316 1476 1377 Dieses einzige, in seiner Art wunderbare Spiel der Natur, wurde in vielen
131 1363 1478 1426 großen Städten mit Erstaunen und Bewunderung betrachtet, denn sie verfertigt
132 1408 1479 1469 mit dem Munde jede Art feiner und eleganter Arbeit, als: Zuschneiden mit
135 1455 1477 1518 der Scheere, in die feinste Nähnadel einfädeln, Nähen, Sticken,
134 1503 1477 1567 Häckeln, Schlingen, die feinsten Blumen= und Perlarbeiten u. s. w.
137 1553 1480 1611 Bei all' diesen Arbeiten zeigt sie die größte Geschicklichkeit und Fertigkeit und be¬
136 1599 1480 1659 darf auch nicht der geringsten fremden Beihilfe. Viele von ihr allein verfertigte,
140 1647 1484 1707 sowie auch angefangene Arbeiten liegen zur Besichtigung auf, an welchen letztern
141 1700 1034 1753 sie vor den Augen der Zuschauer weiter arbeiten wird.
223 1742 1487 1799 Da sie nicht nur mit einem angenehmen Gesicht, sondern auch mit einem
145 1789 1487 1848 ungewöhnlich heitern und sanften Wesen begabt ist, hofft dieses von der launen¬
146 1836 1487 1895 haften Natur geschaffene Wesen mit Ihrem zahlreichen Besuche beehrt zu werden.
147 1883 1489 1940 Zu sehen von 9 bis 12 und von 3 bis 8 Uhr. — Erster Platz 20 kr., zweiter
148 1931 1480 1988 Platz 10 kr. Kinder und das Militär vom Feldwebel abwärts zahlen die Hälfte.
152 1975 1492 2037 Der Schauplatz befindet sich im Hausgewölb Nr. 218 neben der Post
152 2022 1489 2083 2 in der Neustadt. Alois Roatto.
156 2093 521 2175 Ein Laden
543 2086 1494 2138 und mehrere Zimmer sind in Nr. 32 außer der Triumps¬
543 2126 1495 2182 pforte im 3. Stock auf Galli zu vergeben. 23
