3168 4822
295 71 680 114 Seite 28. Nr. 148.
1373 81 1904 140 Innsbrucker Nachrichten
2448 105 2972 160 Samstag den 1. Juli 1911.
1314 461 1946 562 Todes⸗Anzeige.
773 595 2694 679 Vom tiefſten Schmerze gebeugt, geben wir allen Verwandten und Bekannten die traurige Nach⸗
559 644 2693 730 richt, daß es Gott dem Allmächtigen gefallen hat, unſern lieben Gatten, reſp. Vater, Schwiegerſohn, Neffen
558 697 1283 759 und Onkel, den wohlgebornen Herrn
658 788 2583 1131 Rudolf Müller
1054 1124 2234 1196 Hausbeſitzer und Leichenbeſtattungsinſtituts-Inhaber,
572 1194 2662 1277 Mitglied der Freiw. Feuerwehr Innsbruck (6. Komp., Wilten) und Mitglied der Erzherzog
1157 1258 2076 1320 Ludwig Viktor⸗Standſchützen⸗Kompagnie,
549 1347 2682 1434 nach langem, ſchweren Leiden, verſehen mit allen hl. Sterbſakramenten, im Alter von 47 Jahren in die
549 1403 970 1457 Ewigkeit abzuberufen.
759 1459 2680 1541 Die Beerdigung erfolgt am Montag, den 3. Juli um 4 Uhr nachm. vom Trauerhauſe, Heilig
548 1507 1952 1580 Geiſtſtraße Nr. 6, aus auf dem Wiltener Friedhofe ins eigene Grab.
757 1565 2680 1647 Der Seelengottesdienſt wird am Dienstag, den 4. Juli um halb 8 Uhr früh in der Wiltener
544 1614 985 1672 Pfarrkirche abgehalten.
755 1689 1419 1745 Innsbruck, am 1. Juli 1911.
971 1798 2254 1911 Rothburg Müller geb. Krapf
1498 1915 1710 1960 als Gattin
742 1980 2469 2062 im Namen der Kinder Rudolf, Anna, Olga, Hauſt und der übrigen Verwandten.
2568 1934 2634 1969 230
754 2496 2438 2791 Geschäfts-Veränderung.
631 2772 2762 2858 Mit Gegenwärtigem gebe ich meinen hochverehrten Kunden und einem
420 2830 2763 2919 P. T. Publikum höflichst bekannt, dass vom 1. Juli d. J. an Herr J. Petera
420 2894 2762 2983 in meinen bisherigen Geschäftslokalitäten Maria Theresienstrasse Nr. 18
421 2956 1053 3018 auf gleicher Basis ein
422 3021 2760 3189 Weisswaren-, Wirk-, Manufaktur- und Ausstattungs-Geschäft
416 3168 1652 3233 unter der Firma J. Petera führen wird.
628 3236 2754 3324 Indem ich für das mir durch so viele Jahre geschenkte Wohlwollen ver⸗
415 3294 2761 3388 bindlichst danke, ersuche ich meine sehr geehrten Kunden, dasselbe auch auf
414 3356 1839 3431 Herrn J. Petera gütigst übertragen zu wollen.
625 3432 2563 3518 Innsbruck, den 1. Juli 1911. Hochachtungsvoll
411 3637 518 3675 J4084
1915 3526 2685 3656 Josef Mayr
1862 3653 2749 3732 Inhaber der Firma Jakob Mayr.
617 3796 2748 3884 Anschliessend erkläre ich, dass ich das Geschäft in der bisherigen reellen
408 3856 2745 3944 Weise mit gut sortiertem Lager weiter führen werde und dass ich durch Bei⸗
405 3917 2747 4008 behaltung aller bisherigen Bezugsquellen die Garantie bieten kann, meinen Kunden
404 3979 2745 4075 nur Prima-Qualitäten liefern zu können, und werde ich alles aufbieten, das in
403 4043 1842 4116 mich gesetzte Vertrauen vollauf zu rechtfertigen.
614 4118 2667 4205 Innsbruck, den 1. Juli 1911. Hochachtungsvoll
2082 4214 2739 4319 J. Petera.
