3168 4831
162 121 697 177 Samstag den 1. Juli 1911.
1235 136 1774 177 Innsbrucker Nachrichten
2448 135 2831 176 Nr. 148. Seite 19.
264 260 893 383 SIE KAUFEN
151 422 376 461 Klaviere
400 460 628 498 Pianinos
866 424 1001 453 306—3-3
658 497 991 537 Harmoniums
150 581 999 612 aus den renommiertesten Fabriken zu den
228 615 922 655 günstigsten Bedingungen bei der
167 752 363 794 „MUSICA“
208 825 509 863 (Aktiengesellschaft)
195 898 565 968 Wien, I. Graben 17.
251 995 458 1031 Prospekte
146 1040 754 1081 bei Berufung auf dieses Blatt k###nfrei
166 1145 970 1200 1896, Melliniums-Ausstellung Budapest
231 1198 893 1240 mit 2 Anerkennungs-Diplomen prämiiert!
265 1243 867 1285 Spezialität: Vollkommen giftfreies
128 1736 309 1848 FULGURIN
401 1640 946 1703 FULGURIN
339 1292 1019 1373 Schwaben- u. Russenkäfer-
450 1391 904 1437 Vertilgungs-Pulver
338 1432 1017 1467 in Schachteln à K 2 — u. kleinere à K 1•10.
119 1473 1017 1517 Dieses Pulver wirkt augenblicklich in der Weise, dass
120 1510 1017 1550 1 Stunde nach Anwendung desselben sämtliche Schwaben¬
119 1545 1018 1590 und Russenkäfer tot gefunden, respektive kerausgekehrt
442 1585 691 1616 werden können.
340 1709 1016 1751 ist die einzige ###lüseigkeit, welche, ohne
135 1736 1017 1790 Flecken zu verursachen, die Wanzen samt
359 1781 999 1816 deren Brut sichtlich und total vernichtet.
345 1815 1016 1857 Fulgurin kann überall ohne Schaden,
342 1851 1018 1892 selbst auf oder hinter den feinsten Tapeten
119 1880 1017 1928 angewendet werden. — Fulgurin nur
118 1920 1015 1959 echt in Flaschen à 36 h und in einer Literflasche à K 2•—.
359 1957 774 1991 Alles mit Pinsel versehen.
119 2001 1016 2051 Kaiserl. u. königl. privil., einzig sicher wirkendes
409 2064 988 2143 Ratten- und Mäuse-
491 2152 909 2200 Vertilgungsmittel
116 2201 1018 2245 (kein Gift! Nur für Nagetiere tödlich!)
117 2234 1016 2276 Preis einer Blechbüchse K 2•—, 6 Büchsen K 10•—. Pro¬
116 2271 1017 2310 vinzaufträge unter K 2•— werden nicht effekt###iert. En
205 2307 933 2345 gros-Abnehmer erhalten bedeutenden Rabatt.
118 2341 1016 2381 Sämtliche vorstehende Fabrikate sind mit den erforder¬
117 2377 1005 2424 ichen Gebrauchsanweisungen versehen und en gros und
340 2417 793 2449 en detail zu beziehen durch
339 2472 786 2552 B. REISS
117 2557 1016 2612 Fabrik ehemischer Produkte in Budapest
364 2605 1018 2643 VII., Königsgasse Nr. 41. 52—10-6
398 2739 734 2776 Die patentierte
116 2785 1018 2867 LUNA-BINDE
114 2874 1018 3018 mit Watte-, Moos- und Mulleinlagen ist die einzige
160 2906 1018 2943 von sämtlichen frauenärztlichen Professoren der
159 2941 1019 2984 Universitäten Wien, Prag und Berlin durch Atteste
382 2982 1018 3025 empfohlene Monatsbinde.
117 3025 1017 3107 LUNA-WINDEL
160 3111 970 3155 Idealste Säuglingspackung. Hygienisches aufsaugen!
158 3145 973 3187 Kein Wundwerden! Kein Bügeln! Grösste Dauer¬
231 3184 900 3221 haftigkeit! — Prospekte gratis durch das
159 3217 972 3261 Luna-Hauptdepot, Wien, IX., Pramerga 3ess.
160 3261 972 3303 Depot in Innsbruck bei: Ludwig Tachezy, Sani¬
159 3298 972 3340 tätsgeschäft, Anichstraße 6; J. Reithoffer’s Söhne,
159 3333 972 3375 Museumstr.; Josef Mattes, Chirurg. Instrumenten¬
158 3369 973 3412 fabrik, M. Theresienstr. 51; Alois Danner, Chirurg.
159 3404 971 3448 Instrumentenfabrik, Anichstr.; A. Schlumprecht,
161 3440 972 3481 Gummiwaren, Anichstrasse Nr. 4; Marie Fait, Mie-
160 3476 971 3519 Miederhaus, Erlerstr. 6; Ernst Bergmann, Rudolf¬
160 3513 972 3555 strasse 4; Josef Frisee, Drog., Burggraben 17; Franz
162 3548 956 3588 Schmid Nachf., Drog. 62—14-4
257 3672 901 3803 Auszuleihen
116 3829 1015 3879 Kranken = Gehapparat, Krankenbett = Tische, Bett¬
115 3876 1015 3924 Rückenlehnen, Zimmer=, Roll=, Schlaf=, Trag= und
115 3920 1014 3968 Fahrstühle, Selbstfahrer, Kopfstütze, Sitzwannen,
114 3965 1015 4013 Kinderwägen, Kinder-Gitterbetten, Reisekörbe, Koffer
113 4010 1015 4056 und extra große Packkörbe zum Uebersiedeln, Garten¬
115 4054 1014 4100 sessel aus Weiden, Kleiderbüsten. Auch führe Be¬
115 4098 1014 4145 standteile für Kinderwagen, als Räder, Dächer usw.
865 4142 1017 4194 J2302-0s3
280 4158 1015 4221 Johann Flöckinger
165 4235 1014 4323 „Zum Schützenkönig“
1237 385 2797 442 Das Schwabenland
1252 505 2525 549 mit seinen Rebenhügeln, lieblichen Tälern, schroffen Felsen, von denen
1252 542 2470 582 sagenumwobene Burgen niederschauen, das Land lieblichster Natur¬
1252 576 2404 619 reize, bietet dem Durchreisenden unvergleichliche Schönheiten,
1464 614 2169 653 dem Ruhesuchenden behaglichen Genuss.
1252 656 2375 737 Der Bodensee, Der Württemberg. Schwarzwald, Die Schwäb. Alb,
1250 735 2308 774 alle diese idyllischen Gegenden verdienen in höchstem Grade
1248 770 2296 812 die Beachtung jedes Naturfreundes. Ueberall gute Hotels,
1249 804 2270 849 Gasthäuser und Pensionen bei mässigen Preisen. Vorzüg¬
1247 840 2243 882 liche Bahnverbindungen über die Haupt- und Residenz¬
1248 874 2216 915 stadt Stuttgart, eine der schönsten Städte, in herr¬
1246 911 2130 948 licher Lage. Auskunft erteilen die Auskunftsstelle
1246 946 2066 987 der Württemb.-Hohenz. Vereinigung für Fremden¬
1243 982 2003 1020 verkehr in Stuttgart, die Verkehrsvereine
1244 1017 1963 1050 des Landes und die Amtliche Auskunfts¬
1242 1052 1927 1085 stelle der K. Württ. Staatseisenbahnen
1240 1087 1923 1120 im Internationalen öffentlichen Verkehrs¬
1241 1122 1891 1160 bureau in Berlin, Unter den Linden 14.
1089 1583 2840 1685 Echt russische Gummi-Absätze
1601 1711 2386 1902 PROWODNIK
1629 1931 2321 1995 sind die besten der Weit!
1203 2205 1786 2266 Echt nur mit
2151 2210 2728 2267 Stern-Marke.
1090 2297 2839 2359 Allein-Vertrieb durch: HERMANN HIRSCH, WIEN, VII/3.
1472 2353 2866 2403 Zu haben in allen einschlägigen besseren Geschäften. 61—0s16
1217 2386 2742 2441 Engros-Verkauf für Tirol und Vorarlberg bei F. Gradischegg und Tiroler Rohstoffverein Innsbruck.
1233 2521 1419 2562 Schwefel-
1233 2582 1426 2623 : Heilbad
1446 2498 2463 2639 WARASDIN-TÖPLITZ
2480 2589 2691 2645 (Kro###tien)
1219 2674 2376 2713 235 – 11-7 Eisenbahn-, Post-, Telephon- und Telegraphen-Station.
1271 2717 2653 2757 NEUES KURHOTEL MIT ELEKTRISCHER BELEUCHTUNG.
1751 2764 2602 2804 Altberühmte radioaktive Schwefeltherme + 58° C.
2112 2802 2334 2838 empfohlen bei
1832 2837 2622 2879 GICHT, RHEUMA, ISCHIAS etc.
1750 2888 2053 2940 Trinkkuren
1751 2879 2719 2922 bei hartnäckigen Hals-, Kehlkopf-, Brust-,
2063 2901 2585 2952 Leber-, Magen- und Darmleiden.
1754 2962 2702 3005 Elektrische Massage, Schlamm-, Kohlensäure- u. S###nenbäder.
1752 2996 2700 3040 Das ganze Jahr geöffnet. Moderner Komfort. Winterkuren.
1753 3027 2720 3075 Herrliche Umgebung. Militärmusik. Prospekte gratis durch
2260 3080 2666 3110 die Badedirektien.
1046 3157 2877 3287 Hofer & Erhart, Baumaterialiengeschäft
1289 3302 2660 3360 Bozen INNSBRUCK Meran
1269 3361 2670 3406 Meinhardstrasse Büro und Magazin hinter dem Staatsbahnhofe, Wilten Meinhardstrasse
1223 3404 2705 3463 Telephon Nr. 309 Feldstr. 5, Telephon Nr. 211 u. 104 Telephon Nr. 289
1685 3462 2706 3504 empfehlen sich zur Lieferung von:
1223 3504 2706 3553 Ia Kufsteiner Portland- und Romanzement, Falzziegeln, Biber¬
1352 3549 2578 3599 schwänzen, Fussbodenplatten, glasierten Tonrohre,
1284 3593 2648 3646 Parketten (Eichen und Buchen), wasserdichtem Mörtelzusatz,
1630 3642 2302 3682 Bimsen, Rouleanx, Plachen,
1222 3692 2706 3747 Korkisolierfabrikate von Kleiner & Bokmayer. Mödling bei Wien,
1556 3745 2366 3795 Dachpappe, Asbestzementschiefer.
1532 3796 2370 3836 sowie allen ins Baufach einschlägigen Materalien.
2531 3800 2692 3829 J13 8-0-17
251 4335 870 4382 Innsbruck, Lauben Nr. 21.
114 4407 1017 4495 Grabkränze von 2 Kronen aufwärts.
1153 3866 1849 3943 Beamten=Kredit.
1045 3959 1946 4011 Kapitalisierung des Gehaltes, Darlehen ohne Bürg¬
1042 4005 1944 4055 schaft bis zu 30 Jahren gewährt Kreditverein an k. k.
1045 4050 1946 4097 Staats=, Eisenbahn=, Magistrat=, Landes=Beamte,
1044 4094 1945 4144 Lehrer, Unterbeamte, Finanz= und Polizei=Resp. bei
1045 4139 1945 4185 Gehalt von K 1800.—, Pension von K 1200.— bis
1043 4183 1943 4233 zum 2jähr. Gehalt und darüber. Monatliche Abzah¬
1043 4227 1945 4277 lung für K 1000.— auf 10 Jahre 11 K 23, auf
1049 4272 1943 4320 15 Jahr 8 K 58, auf 20 Jahre 7 K 31, auf 25
1044 4316 1943 4366 Jahre 6 K 60, auf 30 Jahre 6 K 16 Zins und
1043 4360 1942 4410 Kapitalsabzahlung. Keine Vorspesen, keine Vermitt¬
1044 4405 1939 4455 lungsprovision. Anträge unter „Beamtenkredit 1297“
1043 4452 1944 4497 an Haasenstein u. Vogler, A.=G., Prag. 136—4s3
1979 3904 2872 4052 Hundert Agenten
1975 4056 2873 4107 oder Agentinnen für leicht verkäufliche Artikel
1975 4100 2873 4148 werden gesucht. Glänzender Verdienst! Näheres
1974 4145 2871 4194 gratis und franko durch Michael Klampferer,
1976 4190 2872 4237 Bijouteriewaren=Engros=Vertrieb bei Pflügkhof in
1974 4235 2872 4281 Ober Kärnten. 131—3s2
1971 4409 2193 4453 per Liter K 1.34, bei Josef Zieger, Schäpf¬
1971 4454 2202 4497 straße Nr. 9. 8179=15-9
2113 4322 2747 4411 Feines Tafelöl
