3597 5362
288 219 457 260 Nr. 178
844 217 1159 268 Wien, Samstag
1572 217 1978 268 Arbeiter-Zeitung.
2423 217 2693 261 1. Juli 1911
3104 216 3256 254 Seite 3
223 320 1232 373 schiedensten Ansichten. Ein Teil der Konservativen
224 364 1233 410 glaubt oder glaubte bis vor einigen Tagen (man muß
224 406 1233 453 sehr behende sein, um die Entwicklung und die schnell
225 450 1233 496 wechselnden Ansichten der modernen konservativen
225 494 1232 540 Partei verfolgen zu können), daß Neuwahlen an dem
224 538 1231 583 Stärkeverhältnis der Parteien wenig ändern würden.
224 581 1233 626 Das ist auch die Ansicht der maßgebenden liberalen
223 623 1232 668 Blätter. Andere Konservative rechnen mit der Nieder⸗
224 667 1233 711 geschlagenheit, die ein Rückzug Asquiths unter den
225 709 1232 754 liberalen Wählern verbreiten würde. Wer mit den
226 751 1232 798 Arbeitern in Berührung kommt, kann wahrnehmen,
225 796 1232 842 daß man anfängt, sich über den Kampf mit dem
225 839 1233 884 Lords, bei dem so viel Geräusch gemacht
227 882 1232 927 wird und so wenig passiert, zu langweilen. Es
227 925 1232 972 besteht die Gefahr, daß bei bald stattfindenden Wahlen
224 969 1232 1014 viele Wähler irgend einem Kandidaten ihre Stimme
227 1011 1233 1058 geben werden, nur um der ewigen liberalen Litanei
227 1055 1232 1101 zu entkommen. Die Liberalen legen die offenkundige
227 1098 1232 1144 Teilnahmslosigkeit der Massen in der Weise aus, daß
226 1141 1228 1186 sie erklären, das Volk verhalte sich still, weil es wisse,
228 1184 1231 1230 daß seine Sache in guten Händen sei und trium⸗
227 1230 483 1274 phieren müsse.
330 1270 1233 1316 Es ist schwer, zu erkennen, welche zugkräftige
230 1314 1232 1359 Wahlparole die Liberalen ausgeben könnten, wenn es
229 1356 1232 1402 den Lords gelingen sollte, die Krone zum Widerstand
229 1400 1234 1445 zu bewegen. Eine republikanische Bewegung existiert
227 1443 1233 1488 in England nirgends und es ist auch mehr als
228 1485 1234 1533 zweifelhaft, ob sich die Masse der liberalen Partei
225 1526 1230 1575 zu einer Bewegung gegen die Krone verwenden ließe.
231 1572 1234 1618 Die nächsten paar Tage werden zeigen, ob sich der
231 1615 1232 1662 englische Liberalismus gegen Adel und Krone und
230 1659 1232 1704 die hinter diesen Stehenden imperialistischen und
226 1702 1054 1748 reaktionären Mächte wird behaupten können.
615 1816 845 1846 Die Vetobill.
332 1857 1234 1895 London, 29. Juni. Die Beratung der Vetobill
229 1900 1227 1938 im Oberhause machte heute keine wesentlichen Fort⸗
228 1944 1234 1982 schritte. Schließlich wurde der § 1 mit verschiedenen Amendements,
227 1987 1176 2025 welche die Regierung teilweise bekämpft hatte, angenommen.
594 2094 866 2147 Inland.
928 2158 1200 2193 Wien, 30. Juni.
418 2210 1045 2254 Das Handschreiben an Bienerth.
331 2261 1235 2302 Aus allem suchen die armen, jetzt zum Raunzen
230 2300 1236 2347 verurteilten Bienerth-Offiziösen Kapital zu schlagen: selbst
228 2338 1234 2381 das kaiserliche Handschreiben mit seinen konventionellen
228 2377 1235 2419 Redensarten sei „ein kennzeichnender Hinweis auf die
232 2416 1236 2465 Stetigkeit und Festigkeit" des leider gewesenen Bienerthschen
235 2455 1237 2498 Regierens. Bei denen, die diese Handschreiben kennen,
235 2494 1237 2542 die jedem, schlechthin jedem scheidenden Minister die
235 2531 1236 2576 größten Verdienste quittieren, wird diese Ausschrotung
234 2572 1238 2614 natürlich nur Heiterkeit erregen. Wir zitieren zum Exempel
237 2610 1237 2654 das Handschreiben an den Ministerpräsidenten, der das
231 2650 1236 2694 bösartigste Fiasko erlitten, das an Badeni, das folgender⸗
227 2692 573 2733 maßen gelautet hat:
366 2737 1235 2774 Seit dem Tage, an welchem Sie, meinem Rufe
262 2772 1236 2810 folgend, die Bildung eines Kabinetts übernahmen, bis zu
262 2806 1237 2844 der nunmehr erfolgten Demission des Gesamtministeriums
269 2841 1236 2878 haben Sie unausgesetzt bewiesen, daß Sie nur von einem
268 2874 1239 2912 Wunsche beseelt waren, mir und dem Staatswohl mit
266 2909 1238 2946 bestem Willen und allen Ihnen zu Gebote stehenden
267 2944 1240 2982 Kräften zu dienen. Für diese hingebungsvolle
268 2978 1238 3019 Treue in Verfolgung des hohen Zieles, Ihrer mühevollen
266 3013 1238 3052 Arbeit, für Ihren beharrlichen, opferwilligen Pflicht⸗
267 3047 1237 3085 eifer im Interesse des ganzen Gemeinwesens sowie für Ihre
261 3081 1232 3120 loyale Ergebenheit und Anhänglichkeit spreche ich Ihnen meinen
263 3116 1232 3153 wärmsten, anerkennendsten Dank aus und versichere Sie
264 3150 1043 3190 meines aufrichtigen, unwandelbaren Wohlwollens.
336 3194 1239 3241 Die „N. Fr. Pr.“ sieht also, daß „hingebungsvoll“
229 3234 1240 3282 und „opferwillig“ keine seltenen schmückenden Beiwörter
230 3273 1241 3318 bei der Abschätzung scheidender Ministerpräsidenten sind,
229 3312 1239 3360 obwohl noch nie einer etwas hingegeben oder etwas
230 3351 1240 3396 geopfert hat. Im übrigen möchten wir glauben, daß das
231 3384 1242 3436 Handschreiben an Bienerth kein anderer als er selber verfaßt
232 3422 1242 3478 haben wird; wir glauben, das an dem schlechten Stil
234 3468 1239 3513 zu erkennen. Eine hingebungsvolle Haltung,
232 3507 1240 3552 eine aufopfernde Haltung, diese Zusammen⸗
235 3540 1238 3591 koppelung widersprechender Bezeichnungen bringt wirklich
235 3598 888 3638 nur er zuwege ...
340 3659 1242 3702 Der Deutsche Nationalverband und die Wiener
236 3694 1242 3749 Abgeordneten. Ueber die heutige Beratung des Deutschen
238 3740 829 3782 Nationalverbandes wird gemeldet:
371 3786 1243 3826 Heute Nachmittags trat der vom Deutschen National⸗
267 3821 1243 3860 verband nach der Auflösung des Abgeordnetenhauses eingesetzte
266 3852 1242 3896 Vollzugsausschuß unter dem Vorsitz des Abgeordneten Dr.
268 3890 1242 3931 Sylvester zu einer Sitzung zusammen, um über die
268 3925 1242 3965 Modalitäten der Neukonstituierung des Deutschen National⸗
267 3965 609 4001 verbandes zu beraten.
373 3995 1242 4037 Es wurde beschlossen, alle diejenigen Abgeordneten zum
267 4031 1243 4073 Beitritt einzuladen, die auf das Programm des Deutschen
268 4066 1243 4103 Nationalverbandes kandidiert, und weiter die, die sich den
269 4101 1243 4144 Wählern verpflichtet haben, dem Nationalverband beizutreten.
266 4135 1243 4173 Die konstituierende Sitzung wurde für Freitag den 7. Juli um
271 4168 1244 4210 3 Uhr Nachmittags in Aussicht genommen. Der bisherige
270 4203 1240 4245 Vorstand wurde mit der provisorischen Weitersührung der
271 4237 1242 4282 Geschäfte betraut. Es fand sodann eine eingehende Debatte
271 4270 1244 4316 über die gegenwärtige politische Lage statt, wobei einmütig
272 4306 1244 4349 die Auffassung zu Tage trat, daß den neuen Verhältnissen
271 4343 1243 4385 gegenüber eine zuwartende Haltung einzunehmen
269 4377 1245 4417 sei, da auch das Programm der Regierung und die politische
269 4408 1246 4452 Richtung, die sie einzuschlagen gedenkt, gegenwärtig noch nicht
270 4444 1245 4487 bekanntgegeben worden sind. Der Deutsche Nationalverband
269 4479 1244 4520 muß unter allen Umständen an der Forderung, daß die Ver⸗
270 4510 1246 4557 waltung eine streng objektive sei, festhalten. Hinsichtlich des
269 4548 1247 4594 Regierungssystems wurde allseits der Anschauung Ausdruck
273 4584 1247 4634 gegeben, daß ein parlamentarisches Kabinett, das lediglich
276 4621 1002 4669 eine Personenkoalition darstellt, unmöglich sei.
349 4663 1250 4715 Es scheint nach dieser unbestimmten Mitteilung,
244 4702 1250 4754 daß die Herren vom Nationalverband selbst nicht wissen,
243 4743 1250 4796 wen sie von den neugewählten Herren Abgeordneten zum
244 4793 906 4850 Beitritt laden werden.
516 4869 997 4921 Die Salzburger Wahlen.
351 4919 1083 4973 Aus Salzburg wird uns geschrieben:
2326 5008 2804 5068 Genossen!
2802 4968 3343 5025 Agitiert überall für
2806 5029 3338 5087 die Arbeiterpresse!
349 4954 1259 5011 Das kleine, etwa 220.000 Einwohner zählende
245 4996 1259 5053 Kronland Salzburg schließt die diesjährigen Reichsrats⸗
248 5036 1260 5092 wahlen für die Sozialdemokratie mit
248 5070 1262 5136 einem Zuwachs von 1677 Stimmen ab,
1277 319 2280 361 während die Christlichsozialen einen Zu⸗
1276 358 2278 405 wachs von 34 Stimmen, die Deutsch⸗
1276 397 2277 439 freiheitlichen einen Verlust von 896
1278 436 2122 479 Stimmen gegen 1907 aufweisen.
1389 475 2279 517 Salzburg hat sieben Wahlbezirke, wovon in den
1280 514 2278 556 vier Landgemeindenbezirken die Klerikalen derzeit noch
1278 552 2280 602 unbestritten herrschen, obwohl die sozialdemokratischen
1278 591 2280 634 Stimmen trotz geringer Agitationsarbeit in erfreulicher
1275 630 2279 672 Weise zunahmen. In den drei Städtebezirken (Salzburg⸗
1276 668 2277 711 Innere Stadt, Salzburg=Vorstädte und Städte und
1275 707 2279 750 Märkte) tobt der Kampf zwischen den Sozialdemokraten
1277 746 2276 788 und Deutschfreisinnigen, während die Christlichsozialen,
1276 785 2275 827 die von 15.800 für die drei großen Parteien
1277 824 2278 871 abgegebenen Stimmen nur 3300 Stimmen erhielten. in den
1277 863 2279 910 Stichwahlen den Ausschlag geben, der in Anbetracht der
1275 901 2275 942 innigen Verschwisterung zwischen Nationalverbändlern und
1278 940 2278 983 Christlichsozialen immer zu Ungunsten der Sozialdemokratie
1277 972 2279 1021 ausfällt. So war unsere Partei immer zur Erfolglosigkeit
1275 1018 2279 1060 verurteilt, obwohl sie 5800 gegen 6700 Stimmen der
1275 1056 2277 1104 Freisinnigen in den drei Städtebezirken aufbringt. Bis
1276 1096 2278 1139 auf das Mandat Dr. Sylvesters in der Innern Stadt,
1275 1134 2276 1176 in welcher die Stichwahl durch Wahlmißbräuche ver⸗
1274 1173 2276 1214 hindert wird, kann der Freisinn nur auf den Krücken
1274 1210 2276 1253 der Sozialdemokraten und der Christlichsozialen ins
1275 1249 2276 1291 Parlament kommen. 1907 wurde der zweite Wahlbezirk
1275 1288 2274 1331 mit Hilfe der Christlichsozialen den Sozialdemokraten
1276 1328 2278 1369 mit einer Majorität von 105 Stimmen entrissen
1276 1360 2277 1408 und das Parlament bekam einen der widerlichsten
1276 1405 2277 1448 deutschfreisinnigen Politiker, Dr. Stölzel, zum Genuß. Im
1276 1443 2275 1486 dritten Wahlbezirk verhalsen die Sozialdemokraten dem
1276 1484 2022 1525 Freisinnigen Hueber zu seinem Mandat.
1381 1521 2277 1563 Diesmal kamen wir im zweiten und dritten Wahl⸗
1276 1560 2278 1602 bezirk in die Stichwahl, während Dr. Sylvester mit
1278 1593 1932 1642 knapper Mühe der Stichwahl entging.
1378 1638 2278 1680 Trotzdem Dr. Stölzel gelbe Organisationen gegründet
1276 1677 2277 1718 und den befreundeten Klerikalen 400 Stimmen ab⸗
1277 1716 2277 1758 genommen hatte, erhielt Genosse Preußler in der
1276 1754 2277 1798 Hauptwahl wieder die relative Majorität und steigerte
1277 1794 2278 1837 seine Stimmen in der Hauptwahl von 2196 auf 2331,
1276 1832 2278 1875 während Dr. Stölzel mit den 400 katholischen Bauern⸗
1277 1871 2277 1913 bündlern und 350 gelben Arbeitern seine Stimmenzahl
1278 1910 2278 1952 auf 2132 (gegen 1430 im Jahre 1907) steigerte und der
1279 1949 2278 1991 Christlichsoziale Gollackner mit 737 Stimmen (gegen 1115
1277 1987 2218 2030 im Jahre 1907) den Ausschlag bei der Stichwahl gab.
1381 2026 2276 2068 Im dritten Wahlbezirk, in welchem wir bereits
1278 2064 2277 2107 unter beschränktem Wahlrecht in der Landtagswahl 1909
1278 2103 2278 2146 unsere Stimmen von 1260 im Jahre 1907 auf 1700
1278 2142 2277 2185 steigerten, stiegen wir auf 2044 Stimmen! Ob⸗
1279 2181 2277 2224 wohl die Klerikalen über die Wegnahme von
1277 2220 2277 2262 400 katholischen Bauernbundstimmen und über den
1278 2257 2277 2301 tückischen Kampf der Freisinnigen erbittert waren
1279 2296 2278 2339 und gegen Dr. Stölzel stimmen wollten, gab diese Stich⸗
1278 2335 2278 2379 wahl den Anlaß, uns im zweiten Wahlbezirk durch eine ge⸗
1279 2368 2280 2418 schlossene Front für Dr. Stölzel, der überdies die Landes⸗
1279 2414 2279 2457 regierung und alle geistlichen Machthaber bestürmte, zu
1281 2454 1575 2497 Falle zu bringen.
1383 2491 2280 2534 Im zweiten Wahlbezirk wäre Preußler im ersten Wahl⸗
1282 2530 2281 2579 gang gewählt worden, wenn die Freisinnigen nicht wie
1280 2569 2280 2612 in Böhmen und Mähren geradezu galizische Wahlmethoden
1281 2608 2279 2651 angewendet hätten. Schon zu Beginn des Wahlkampfes
1280 2646 2279 2691 erschienen die Kandidaten in geschlossenem Zuge mit
1279 2683 2280 2728 den Anarchisten und Gelben und der Regierungs⸗
1282 2725 2280 2767 anarchist Großmann leitete die Aktion durch Ver⸗
1280 2763 2281 2808 sammlungen und Flugblätter ein. Dann zogen die
1281 2802 2280 2846 Hausbesitzer mit einem Fragebogen von Partei zu Partei
1281 2835 2281 2884 und erprotzten den unter der Wohnungsnot leidenden
1283 2874 2279 2922 Arbeitern das Bekenntnis ihrer Stimmenabgabe.
1285 2919 2281 2966 Einige hundert Wähler wurden mit Geld, Trunk,
1284 2957 2281 3002 Essen und Kleidern bedacht, nachweisbare Fälle
1282 2996 2282 3040 sind bereits erhoben und die gesamte Bevölkerung spricht
1283 3035 2282 3077 von dem Goldregen. Die Dienstmänner wurden
1283 3073 2280 3116 diesmal in Zivilkleider gesteckt und mußten namentlich
1283 3112 2283 3155 bei der Stichwahl unter den Bauern die Schreckensbotschaft
1283 3151 2281 3194 verbreiten, daß Preußler keine Religion habe und
1283 3184 2283 3239 daß er auch nicht getauft sei. Mit dem gleichen Trick
1284 3228 2282 3274 operierte das freisinnige „Salzburger Volksblatt“. Die
1286 3267 2281 3314 gelben Arbeiter wurden zur Einschüchterung unserer Ge⸗
1286 3307 2281 3352 nossen mit Revolvern, Stockdegen und
1285 3340 2281 3390 Stiletts bewaffnet und demonstrierten damit öffentlich
1284 3385 2283 3428 in den Gasthäusern. Die städtischen Arbeiter erhielten den
1284 3423 2283 3469 Tag frei und entlohnt und mußten sich von den Polieren
1284 3463 2281 3508 und Aufsehern zur Wahl treiben lassen. Unternehmer und
1284 3503 2283 3546 Beamte des Gewerbeförderungsinstituts überklebten den
1284 3542 2283 3586 Wählern, die bereits Preußler auf den Stimmzettel ver⸗
1285 3580 2283 3625 zeichnet hatten, mehr als 400 Stimmzettel
1285 3619 2284 3661 mit dem Namen Dr. Stölzels. Einige Gemeindevorsteher
1286 3658 2283 3703 zogen von Haus zu Haus und forderten unter Berufung
1287 3696 2284 3742 auf ihre amtliche Autorität und unter Versprechung von
1286 3734 2281 3782 finanzieller Hilfe die Wähler zur Wahl Dr. Stölzels auf.
1389 3775 2285 3819 In die Stimmzettel der Gemeinde
1286 3814 2285 3858 wurden Klebezettel Dr. Stölzels gelegt.
1286 3854 2285 3897 Vor dem Stichwahltag wurden den Wählern die Stimm⸗
1286 3892 2285 3937 zettel wieder nicht zugestellt. Beamte der Staatsbahn
1285 3925 2286 3976 stellten sich in die Nähe der Wahllokale und forderten die
1285 3964 2287 4016 ihnen mitgegebenen Arbeiter zur Wahl Dr. Stölzels auf.
1285 4004 2286 4052 Die Gelben, darunter viele Nichtwähler, erhielten tagelang
1285 4049 2287 4093 Urlaub, während man viele sozialdemokratische Eisen⸗
1287 4088 2288 4135 bahner am Wahltag in den Dienst stellte und ihre
1290 4125 2287 4170 Stimmenabgabe verhinderte. Der Landespräsident erschien
1288 4158 2286 4209 einige Tage vorher mit Dr. Stölzel und Dr. Sylvester beim
1287 4202 2285 4248 Landeshauptmann Prälaten Winkler, um die Stichwahl⸗
1286 4241 2286 4289 hilfe der Christlichsozialen durchzusetzen. Der Bauernführer
1290 4276 2286 4328 Schoosleitner und die christlichsoziale Parteileitung setzten
1287 4320 2286 4367 sich mit Vehemenz für die Wahl Dr. Stölzels ein. Die
1288 4360 2286 4405 Versammlungslokale Dr. Stölzels wurden wochenlang
1288 4395 2286 4443 durch ein großes Gendarmerie= und Polizeiaufgebot um⸗
1289 4435 2284 4483 stellt, nachdem die erste freie Wählerversammlung fehlschlug.
1395 4475 2285 4522 Am Wahltag wurden zum Schutze der Wahl⸗
1290 4512 2284 4560 schwindler in allen Wahlorten des zweiten Wahlbezirkes
1291 4551 2285 4601 große Abteilungen von Gendarmerie aufgeboten. Durch
1290 4587 2287 4642 Maxglan zogen an beiden Wahltagen überdies größere
1293 4630 2142 4676 Abteilungen Artillerie= und Kavallerieabteilungen.
1394 4664 2286 4713 Nach vollbrachter Tat bekamen die Wahlschwindler
1293 4707 2286 4754 Angst. Die Garnison hatte Bereitschaft und die Gen⸗
1294 4749 1883 4790 darmerie wurde zusammengezogen.
1395 4784 2285 4831 Wenn die Partei trotzdem diese verhältnismäßig
1299 4823 2284 4872 große Stimmenvermehrung zustande brachte, so kann
1298 4861 2284 4909 diese Tat als ein Wunderwerk agitatorischer Leistung an⸗
1300 4901 2283 4952 gesehen werden. Unsere Vertrauensmänner haben ihre
1298 4939 2283 4989 Pflicht voll erfüllt und sind entschlossen, wieder frisch und
1302 4978 2283 5029 gehobenen Mutes an die Arbeit zu gehen, um Salzburg
1303 5017 2283 5066 endlich von diesem im Volke verachteten und mit so
1303 5056 2186 5107 schmutzigen Wahlen befleckten „Freisinn“ zu befreien.
2454 326 3200 371 Sammlung für den Zentralwahlfonds.
2687 378 2948 407 56. Ausweis.
2427 420 3324 457 Ein aufgeregter Narr Kronen 5.—, Ausweise der „Volks⸗
2322 454 3323 492 tribüne“ 70.58, Radfahrer Rohrbach an der Gölsen 20.—, Im
2322 489 3324 530 Zeichen des Fliegens 10.—, Heimarbeitergruppe XVI der
2323 524 3324 561 Drechsler 2.—, Werkstätte Josef Zenaly 5.10, Genosse Alois
2323 559 3324 595 Polazek 2.—, Rrrtsch obidraht 8.80, Herr Hauser von der roten
2322 593 3322 631 Tischgesellschaft beim heiligen Perigrin IX 2.—, Professor Dr.
2321 622 3321 664 I. H. 10.—, Oesterreicher in Heidelberg 11.75, Südbahner der
2322 661 3323 698 Ortsgruppe X/1 63.43, Anstreicher Rohr X 1.40, I. Bezirk des
2321 696 3237 735 Oesterreichischen Arbeiterturnverbandes (vierte Rate) 11.—.
2424 783 3326 820 Lemberg, 30. Juni. (Unruhen.) In einigen Gemeinden
2322 818 3325 855 des Bezirkes Kalusz ist es gestern zu Unruhen gekommen, die
2323 853 3326 889 sich größtenteils in Drohungen von Angehörigen der Ukrainischen
2321 887 3325 923 Partei kundgaben. In der Gemeinde Niegowice dieses Bezirkes
2321 922 3325 964 wurden in einigen Häusern die Fenster eingeschlagen, Zäune
2321 956 3325 993 und Brunnen zerstört und ein Teil der Feldsaaten, vernichtet.
2321 990 3325 1027 Der Bezirkshauptmann von Kalusz hat an Ort und Stelle ent⸗
2321 1024 3324 1062 sprechende Verfügungen getroffen. Zur Sicherstellung der öffent⸗
2321 1054 3322 1096 lichen Ruhe und Ordnung wurde nach Kalusz Militärassistenz
2321 1094 3325 1130 entsendet. Es kann mit aller Bestimmtheit angenommen werden,
2320 1128 3324 1166 daß diese Unruhen keine größeren Dimensionen annehmen und
2321 1162 3325 1199 sich bloß auf diese Ausschreitungen beschränken werden. Die in
2321 1197 3325 1234 einigen Blättern enthaltenen Nachrichten von einem Zusammen⸗
2320 1231 3325 1269 stoß von Bauern mit Militär und von irgend welchen Verletzungen
2322 1267 2936 1303 entbehren jeder tatsächlichen Grundlage.
2412 1371 3246 1445 Die Vorgänge in der Türkei.
2550 1458 3087 1494 Die Lage im Malissorengebiet.
2424 1508 3322 1545 Konstantinopel, 30. Juni. Wie die Blätter melden,
2320 1550 3323 1588 unterhielt gestern der Minister des Aeußern während einer
2321 1593 3325 1632 gemeinsamen Beratung mit dem Kriegsminister einen tele⸗
2323 1636 3324 1675 graphischen Verkehr mit dem türkischen
2321 1679 3322 1718 Gesandten in Cetinje und dem Oberkommandanten
2320 1725 3143 1761 in Albanien über die Wünsche der Malissoren.
2423 1775 3320 1814 Der türkische Gesandte erklärte sich bereit, eventuell
2320 1819 3319 1857 schriftlich unterbreitete, annehmbare Forderungen der Malissoren
2322 1862 3326 1900 der Pforte zu übermitteln, lehnte dagegen die Uebernahme
2323 1907 2939 1943 gewisser unannehmbaren Vorschläge ab.
2422 1948 3322 1985 Der Oberkommandant wurde beauftragt, eine genaue
2321 1991 3325 2029 Liste der von den Truppen zerstörten Häuser und Kirchen zu
2322 2034 3327 2072 übersenden und inzwischen sofort mit der Wiederinstand⸗
2320 2076 3327 2115 setzung der Kirchen zu beginnen. Der Ober⸗
2321 2119 3326 2157 kommandant teilte mit, daß die Bewohner des Kastrati= und
2321 2162 3327 2201 des Srekeligebietes größtenteils treu geblieben und nur teil⸗
2321 2205 3327 2244 weise nach Montenegro geflüchtet sind; ein Teil kehrte bereits
2321 2248 3326 2287 zurück. Dagegen flüchteten alle Angehörigen der Stämme Hoti,
2322 2291 3324 2329 Gruda, Selce und Klementi und belästigen, durch Montenegriner
2321 2334 3327 2373 unterstützt, neuerdings die Truppen. Mehr als tausend An⸗
2323 2376 3327 2416 gehörige der Stämme Riul, Retz. Postripa seien in der Türkei
2324 2421 3323 2460 geblieben. Mehr als dreitausend Angehörige des Schala= und
2322 2464 3326 2502 des Schuschlistammes versuchten nach Montenegro zu
2322 2506 3323 2546 flüchten, wovon sie durch Umzingelung seitens der Truppen ab⸗
2325 2554 2585 2589 gehalten wurden.
2502 2612 3143 2649 Die Konzessionen an die Malissoren.
2427 2653 3327 2692 Konstantinopel, 29. Juni. Wie verlautet, beschloß der
2325 2696 3327 2736 gestrige Ministerrat nach Kenntnisnahme der durch den
2324 2738 3326 2778 Gesandten in Cetinje übermittelten Wünsche der Malissoren
2323 2782 3326 2821 trotz Einspruches einiger Minister, den Malissoren, welche be⸗
2324 2826 3329 2865 rufsmäßig Waffen brauchen, das Waffentragen unter
2325 2867 3329 2907 der Hastung der Dorsältesten gegen ein entsprechendes Zeugnis
2324 2910 3329 2951 zu gestatten. Weiterhin wird der Wiederaufbau der Kirchen
2323 2954 3329 2993 und Wohnungen zugestanden und den Malissoren unter ge⸗
2325 2995 3330 3036 wissen Umständen erlaubt werden, den Dienst in ihren Bezirken
2326 3038 3329 3079 zu leisten, endlich bestimmt werden, daß die Beamten die
2325 3081 3331 3122 Landessprache kennen. Die Malissorenchefs verlangten Bedenk⸗
2326 3125 3331 3165 zeit, um sich mit den übrigen Chefs über das Angebot der
2326 3173 2606 3209 Pforte zu beraten.
2702 3205 2963 3241 Kriegsgerüchte.
2430 3246 3330 3286 Konstantinopel, 30. Juni. Die „Sia“ dementiert die
2325 3290 3332 3330 Gerüchte über Meinungsverschiedenheiten im
2325 3332 3334 3374 Ministerrat, insbesondere daß einige Minister den Krieg
2326 3377 3335 3416 wünschen. Auch die Gerüchte über Veränderungen im Kabinett
2325 3422 3335 3468 seien unrichtig; nur soll der Minister des Innern
2325 3468 2901 3504 Bautenminister werden.
2429 3509 3336 3548 Dagegen verzeichnet der konservative „Schehrah“ das
2327 3552 3333 3590 Gerücht, daß der Kriegsminister Großwesir
2328 3599 2509 3634 werden soll.
2583 3639 3076 3675 Zweitausend Mann Verlust.
2431 3678 3334 3719 London, 30. Juni. Das Reutersche Bureau meldet aus
2326 3722 3335 3762 Hodeida vom 26. d., daß die türkischen Ver⸗
2327 3765 3334 3807 luste bei dem am 17. d. gemeldeten Gefecht sich auf mehr
2329 3813 3037 3851 als zweitausend Mann belaufen.
2462 3903 3202 3975 Die Kämpfe in Marokko.
2609 3981 3055 4018 Spanische Verstärkungen.
2433 4023 3336 4062 Paris, 29. Juni. Die Agence Havas meldet aus
2331 4068 3338 4107 Larasch vom 27. d.: Die Spanier schifften hier 62 Mann
2331 4111 3341 4150 mit etwa 100 Kisten Patronen und 60 Kisten Geschoben aus,
2330 4154 2857 4191 welche für El Ksar bestimmt sind.
2596 4214 3071 4251 Die Vorrückung Moiniers.
2435 4257 3337 4296 Paris, 30. Juni. Die Agence Havas meldet aus Fez
2329 4302 3332 4340 vom 26. d.: General Moinier ist in Elhajeb eingerückt,
2329 4346 2823 4383 ohne auf Widerstand zu stoßen.
2578 4407 3091 4443 Der Vormarsch der Spanier.
2432 4448 3335 4487 Paris, 30. Juni. Die Agence Havas meldet ans El
2326 4491 3338 4533 Ksar vom 28. d.: Eine vom spanischen Obersten Sylvester
2329 4535 3339 4578 mit 200 Infanteriesoldaten und 100 Reitern gegen die Furt
2330 4578 3341 4621 Sebbah unternommene Rekognoszierung endete damit, daß die
2330 4622 3344 4663 Truppen auf das linke Ufer des Lekkons⸗
2329 4659 3341 4712 flusses zurückkehrten, welches die Spanier als zur
2330 4709 3333 4758 französischen Einflußsphäre gehörig betrachten. Diese Bewegung
2331 4753 3336 4801 gilt als Einleitung zum Marsche nach Uezzan, welcher unmittel⸗
2330 4796 3335 4843 bar bevorstehen soll. Die Bergbewohner erklären, dem Vor⸗
2328 4843 3153 4888 marsch der Spanier Widerstand zu leisten.
