<?xml version="1.0" encoding="UTF-8"?>
<PcGts xmlns="http://schema.primaresearch.org/PAGE/gts/pagecontent/2013-07-15"
       xmlns:xsi="http://www.w3.org/2001/XMLSchema-instance"
       xsi:schemaLocation="http://schema.primaresearch.org/PAGE/gts/pagecontent/2013-07-15 http://schema.primaresearch.org/PAGE/gts/pagecontent/2013-07-15/pagecontent.xsd">
   <Metadata>
      <Creator>University of Innsbruck</Creator>
      <Created>2018-11-29T10:33:53.313+01:00</Created>
      <LastChange>2019-02-01T11:41:08.868+01:00</LastChange>
      <Comments>
                Measurement unit: pixel
                PrimaryLanguage: German
                Language: GermanStandard
                Producer: https://transkribus.eu/Transkribus/</Comments>
      <TranskribusMetadata docId="126495"
                           pageId="4785068"
                           pageNr="95"
                           tsid="7883391"
                           status="GT"
                           userId="206"
                           imgUrl="https://files.transkribus.eu/Get?id=OZRXMFUJTVGPOYOKZGBJQNSL&amp;fileType=view"
                           xmlUrl="https://files.transkribus.eu/Get?id=SVRFBBXJLZIAUNJTZUGCBMIV"
                           imageId="2199561"/>
   </Metadata>
   <Page imageFilename="ONB_krz_19110701_005.jpg"
         imageWidth="2763"
         imageHeight="3576">
      <PrintSpace>
         <Coords points="0,0 2743,0 2743,3575 0,3575"/>
      </PrintSpace>
      <ReadingOrder>
         <OrderedGroup id="ro_1567004097469" caption="Regions reading order">
            <RegionRefIndexed index="0" regionRef="r_1_1"/>
            <RegionRefIndexed index="1" regionRef="r_3_1"/>
            <RegionRefIndexed index="2" regionRef="r_4_1"/>
            <RegionRefIndexed index="4" regionRef="region_1547458624452_3"/>
            <RegionRefIndexed index="5" regionRef="region_1547458673437_6"/>
            <RegionRefIndexed index="6" regionRef="r_6_1"/>
            <RegionRefIndexed index="7" regionRef="r_7_1"/>
            <RegionRefIndexed index="8" regionRef="r_8_1"/>
            <RegionRefIndexed index="9" regionRef="r_8_2"/>
            <RegionRefIndexed index="10" regionRef="r_8_3"/>
            <RegionRefIndexed index="11" regionRef="r_8_4"/>
            <RegionRefIndexed index="12" regionRef="r_8_5"/>
            <RegionRefIndexed index="13" regionRef="r_8_6"/>
            <RegionRefIndexed index="14" regionRef="r_8_7"/>
            <RegionRefIndexed index="15" regionRef="r_8_8"/>
            <RegionRefIndexed index="16" regionRef="r_9_1"/>
            <RegionRefIndexed index="17" regionRef="r_10_1"/>
            <RegionRefIndexed index="18" regionRef="r_10_2"/>
            <RegionRefIndexed index="19" regionRef="r_10_3"/>
            <RegionRefIndexed index="20" regionRef="r_10_4"/>
            <RegionRefIndexed index="21" regionRef="r_10_5"/>
            <RegionRefIndexed index="22" regionRef="r_11_1"/>
            <RegionRefIndexed index="23" regionRef="r_11_2"/>
            <RegionRefIndexed index="24" regionRef="r_11_3"/>
         </OrderedGroup>
      </ReadingOrder>
      <TextRegion type="paragraph" id="r_1_1" custom="readingOrder {index:0;}">
         <Coords points="900,207 1415,207 1415,250 900,250"/>
         <TextLine id="tl_1" primaryLanguage="German" custom="readingOrder {index:0;}">
            <Coords points="901,208 1414,208 1414,249 901,249"/>
            <Baseline points="900,239 1091,241 1414,242"/>
            <TextEquiv>
               <Unicode>Illustrierte Kronen=Zeitung.</Unicode>
            </TextEquiv>
            <TextStyle fontFamily="Times New Roman" fontSize="9.5" bold="true"/>
         </TextLine>
         <TextEquiv>
            <Unicode>Illustrierte Kronen=Zeitung.</Unicode>
         </TextEquiv>
      </TextRegion>
      <TextRegion type="paragraph" id="r_3_1" custom="readingOrder {index:1;}">
         <Coords points="142,203 398,203 398,247 142,247"/>
         <TextLine id="tl_2" primaryLanguage="German" custom="readingOrder {index:0;}">
            <Coords points="143,204 397,204 397,246 143,246"/>
            <Baseline points="143,243 181,241 278,237 396,238"/>
            <TextEquiv>
               <Unicode>1. Juli 1911.</Unicode>
            </TextEquiv>
            <TextStyle fontFamily="Times New Roman" fontSize="10.0" bold="true"/>
         </TextLine>
         <TextEquiv>
            <Unicode>1. Juli 1911.</Unicode>
         </TextEquiv>
      </TextRegion>
      <TextRegion type="paragraph" id="r_4_1" custom="readingOrder {index:2;}">
         <Coords points="1765,214 2132,214 2132,252 1765,252"/>
         <TextLine id="tl_3" primaryLanguage="German" custom="readingOrder {index:0;}">
            <Coords points="1766,215 2131,215 2131,251 1766,251"/>
            <Baseline points="1766,245 1818,247 1963,247 2079,249 2131,250"/>
            <TextEquiv>
               <Unicode>Nr. 4130. Seite 5.</Unicode>
            </TextEquiv>
         </TextLine>
         <TextEquiv>
            <Unicode>Nr. 4130. Seite 5.</Unicode>
         </TextEquiv>
      </TextRegion>
      <GraphicRegion id="r_5" custom="readingOrder {index:3;}">
         <Coords points="94,249 2174,249 2174,1649 94,1649"/>
      </GraphicRegion>
      <TextRegion id="region_1547458624452_3" custom="readingOrder {index:4;}">
         <Coords points="662,283 1608,283 1608,467 662,467"/>
         <TextLine id="line_1547458641312_4" custom="readingOrder {index:0;}">
            <Coords points="673,321 1594,328 1594,378 673,371"/>
            <Baseline points="673,366 1594,373"/>
            <TextEquiv>
               <Unicode>Das Automobilunglück bei Leobersdorf.</Unicode>
            </TextEquiv>
         </TextLine>
         <TextLine id="line_1547458649468_5" custom="readingOrder {index:1;}">
            <Coords points="1508,401 1597,403 1596,453 1507,451"/>
            <Baseline points="1507,446 1596,448"/>
            <TextEquiv>
               <Unicode>GR.</Unicode>
            </TextEquiv>
         </TextLine>
         <TextEquiv>
            <Unicode>Das Automobilunglück bei Leobersdorf.
GR.</Unicode>
         </TextEquiv>
      </TextRegion>
      <TextRegion id="region_1547458673437_6" custom="readingOrder {index:5;}">
         <Coords points="1794,326 1794,548 2155,548 2155,326"/>
         <TextLine id="line_1547458673812_7" custom="readingOrder {index:0;}">
            <Coords points="1794,331 1824,327 1867,326 1903,327 1936,334 1968,342 2032,386 2084,423 2117,460 2116,473 2141,492 2155,534 2107,548 2099,519 2068,490 2070,477 2053,462 2003,427 1948,388 1926,383 1897,377 1867,376 1828,377 1802,381"/>
            <Baseline points="1801,376 1828,372 1867,371 1898,372 1927,378 1950,383 2006,423 2056,458 2075,475 2073,488 2103,516 2112,547"/>
            <TextEquiv>
               <Unicode>IGNAZ TERSCH</Unicode>
            </TextEquiv>
         </TextLine>
         <TextEquiv>
            <Unicode>IGNAZ TERSCH</Unicode>
         </TextEquiv>
      </TextRegion>
      <TextRegion type="paragraph" id="r_6_1" custom="readingOrder {index:6;}">
         <Coords points="90,1667 1109,1667 1109,1852 90,1852"/>
         <TextLine id="tl_4" primaryLanguage="German" custom="readingOrder {index:0;}">
            <Coords points="181,1668 1108,1668 1108,1709 181,1709"/>
            <Baseline points="181,1694 244,1694 514,1697 611,1697 679,1699 734,1700 965,1701 1028,1701 1110,1701"/>
            <TextEquiv>
               <Unicode>Bei Leobersdorf hat sich am Donnerstag, wie be¬</Unicode>
            </TextEquiv>
         </TextLine>
         <TextLine id="tl_5" primaryLanguage="German" custom="readingOrder {index:1;}">
            <Coords points="92,1703 1108,1703 1108,1745 92,1745"/>
            <Baseline points="92,1728 168,1729 294,1730 394,1731 521,1732 841,1734 969,1736 1108,1739"/>
            <TextEquiv>
               <Unicode>reits berichtet, ein schweres Automobilunglück ereignet. Das</Unicode>
            </TextEquiv>
            <TextStyle fontFamily="Times New Roman" fontSize="8.0"/>
         </TextLine>
         <TextLine id="tl_6" primaryLanguage="German" custom="readingOrder {index:2;}">
            <Coords points="93,1735 1106,1735 1106,1780 93,1780"/>
            <Baseline points="92,1763 256,1765 332,1766 480,1767 686,1772 795,1772 844,1771 873,1771 910,1772 951,1773 1026,1774 1106,1774"/>
            <TextEquiv>
               <Unicode>Automobil des Wiener Fabrikanten Hans Prym, das von</Unicode>
            </TextEquiv>
            <TextStyle fontFamily="Times New Roman" fontSize="8.0"/>
         </TextLine>
         <TextLine id="tl_7" primaryLanguage="German" custom="readingOrder {index:3;}">
            <Coords points="91,1774 1108,1774 1108,1817 91,1817"/>
            <Baseline points="92,1800 199,1800 294,1802 450,1804 580,1804 705,1806 812,1807 921,1808 1107,1810"/>
            <TextEquiv>
               <Unicode>diesem selbst gesteuert wurde, rannte gegen einen Postwagen</Unicode>
            </TextEquiv>
            <TextStyle fontFamily="Times New Roman" fontSize="8.0"/>
         </TextLine>
         <TextLine id="tl_8" primaryLanguage="German" custom="readingOrder {index:4;}">
            <Coords points="93,1811 1104,1811 1104,1851 93,1851"/>
            <Baseline points="91,1836 157,1837 280,1839 364,1839 451,1840 636,1841 675,1840 697,1839 730,1840 772,1844 893,1843 1016,1846 1106,1842"/>
            <TextEquiv>
               <Unicode>und stürzte um. Der Fabrikant Prym wurde schwer ver¬</Unicode>
            </TextEquiv>
            <TextStyle fontFamily="Times New Roman" fontSize="8.0"/>
         </TextLine>
         <TextEquiv>
            <Unicode>Bei Leobersdorf hat sich am Donnerstag, wie be¬
reits berichtet, ein schweres Automobilunglück ereignet. Das
Automobil des Wiener Fabrikanten Hans Prym, das von
diesem selbst gesteuert wurde, rannte gegen einen Postwagen
und stürzte um. Der Fabrikant Prym wurde schwer ver¬</Unicode>
         </TextEquiv>
      </TextRegion>
      <TextRegion type="paragraph" id="r_7_1" custom="readingOrder {index:7;}">
         <Coords points="1148,1674 2158,1674 2158,1820 1148,1820"/>
         <TextLine id="tl_9" primaryLanguage="German" custom="readingOrder {index:0;}">
            <Coords points="1149,1675 2157,1675 2157,1716 1149,1716"/>
            <Baseline points="1147,1702 1214,1703 1291,1703 1397,1704 1473,1706 1617,1704 1792,1705 1878,1705 1949,1705 1979,1705 2002,1706 2037,1707 2064,1706 2157,1708"/>
            <TextEquiv>
               <Unicode>letzt, sein neben ihm sitzender Chauffeur Ignaz Tersch erlitt</Unicode>
            </TextEquiv>
            <TextStyle fontFamily="Times New Roman" fontSize="8.0"/>
         </TextLine>
         <TextLine id="tl_10"
                   primaryLanguage="German"
                   custom="readingOrder {index:1;}">
            <Coords points="1150,1711 2157,1711 2157,1751 1150,1751"/>
            <Baseline points="1150,1737 1224,1738 1367,1741 1569,1739 1642,1740 1712,1740 1793,1743 1828,1742 1950,1741 2157,1745"/>
            <TextEquiv>
               <Unicode>derart schwere Verletzungen, daß er bald danach starb. Unsere</Unicode>
            </TextEquiv>
         </TextLine>
         <TextLine id="tl_11"
                   primaryLanguage="German"
                   custom="readingOrder {index:2;}">
            <Coords points="1149,1748 2157,1748 2157,1789 1149,1789"/>
            <Baseline points="1149,1777 1217,1777 1332,1775 1427,1776 1584,1778 1731,1777 1803,1780 1827,1779 1852,1779 1893,1778 1951,1779 2015,1778 2071,1781 2157,1780"/>
            <TextEquiv>
               <Unicode>Bilder zeigen den getöteten Chauffeur Tersch sowie das ver¬</Unicode>
            </TextEquiv>
            <TextStyle fontFamily="Times New Roman" fontSize="8.0"/>
         </TextLine>
         <TextLine id="tl_12"
                   primaryLanguage="German"
                   custom="readingOrder {index:3;}">
            <Coords points="1150,1785 1482,1785 1482,1819 1150,1819"/>
            <Baseline points="1151,1810 1287,1812 1480,1813"/>
            <TextEquiv>
               <Unicode>unglückte Automobil.</Unicode>
            </TextEquiv>
            <TextStyle fontFamily="Times New Roman" fontSize="8.0"/>
         </TextLine>
         <TextEquiv>
            <Unicode>letzt, sein neben ihm sitzender Chauffeur Ignaz Tersch erlitt
derart schwere Verletzungen, daß er bald danach starb. Unsere
Bilder zeigen den getöteten Chauffeur Tersch sowie das ver¬
unglückte Automobil.</Unicode>
         </TextEquiv>
      </TextRegion>
      <TextRegion type="paragraph" id="r_8_1" custom="readingOrder {index:8;}">
         <Coords points="90,1910 1107,1910 1107,2022 90,2022"/>
         <TextLine id="tl_13"
                   primaryLanguage="German"
                   custom="readingOrder {index:0;}">
            <Coords points="91,1911 1106,1911 1106,1951 91,1951"/>
            <Baseline points="90,1939 108,1938 126,1937 186,1939 280,1939 469,1941 536,1941 577,1942 653,1942 690,1941 848,1942 920,1943 969,1944 1107,1941"/>
            <TextEquiv>
               <Unicode>zig bereits vormittags um 9 Uhr 8 Minuten auf dem Flug¬</Unicode>
            </TextEquiv>
         </TextLine>
         <TextLine id="tl_14"
                   primaryLanguage="German"
                   custom="readingOrder {index:1;}">
            <Coords points="91,1945 1106,1945 1106,1988 91,1988"/>
            <Baseline points="91,1975 173,1975 229,1978 272,1976 467,1978 538,1978 738,1979 854,1981 1011,1979 1107,1980"/>
            <TextEquiv>
               <Unicode>platze in Johannistal bei Berlin mit seinem Passagier, dem</Unicode>
            </TextEquiv>
         </TextLine>
         <TextLine id="tl_15"
                   primaryLanguage="German"
                   custom="readingOrder {index:2;}">
            <Coords points="92,1985 479,1985 479,2021 92,2021"/>
            <Baseline points="90,2013 282,2012 333,2013 357,2014 382,2014 403,2014 439,2014 479,2015"/>
            <TextEquiv>
               <Unicode>Fabrikanten Dirlam.</Unicode>
            </TextEquiv>
            <TextStyle fontFamily="Times New Roman" fontSize="8.0"/>
         </TextLine>
         <TextEquiv>
            <Unicode>zig bereits vormittags um 9 Uhr 8 Minuten auf dem Flug¬
platze in Johannistal bei Berlin mit seinem Passagier, dem
Fabrikanten Dirlam.</Unicode>
         </TextEquiv>
      </TextRegion>
      <TextRegion type="paragraph" id="r_8_2" custom="readingOrder {index:9;}">
         <Coords points="90,2029 1107,2029 1107,2140 90,2140"/>
         <TextLine id="tl_16"
                   primaryLanguage="German"
                   custom="readingOrder {index:0;}">
            <Coords points="180,2030 1106,2030 1106,2070 180,2070"/>
            <Baseline points="178,2059 605,2061 610,2063 632,2062 679,2061 738,2062 786,2062 1106,2060"/>
            <TextEquiv>
               <Unicode>Hirth gewann mit diesem Fluge den Kathreiner=</Unicode>
            </TextEquiv>
         </TextLine>
         <TextLine id="tl_17"
                   primaryLanguage="German"
                   custom="readingOrder {index:1;}">
            <Coords points="91,2067 1106,2067 1106,2109 91,2109"/>
            <Baseline points="89,2092 215,2095 299,2094 340,2095 399,2097 428,2096 459,2097 515,2097 684,2097 781,2098 884,2098 1014,2098 1107,2099"/>
            <TextEquiv>
               <Unicode>Preis von 50.000 Mark. Der ganze Flug dauerte ins¬</Unicode>
            </TextEquiv>
         </TextLine>
         <TextLine id="tl_18"
                   primaryLanguage="German"
                   custom="readingOrder {index:2;}">
            <Coords points="91,2103 435,2103 435,2139 91,2139"/>
            <Baseline points="90,2131 197,2132 269,2132 435,2134"/>
            <TextEquiv>
               <Unicode>gesamt 5¾ Stunden.</Unicode>
            </TextEquiv>
            <TextStyle fontFamily="Times New Roman" fontSize="8.0"/>
         </TextLine>
         <TextEquiv>
            <Unicode>Hirth gewann mit diesem Fluge den Kathreiner=
Preis von 50.000 Mark. Der ganze Flug dauerte ins¬
gesamt 5¾ Stunden.</Unicode>
         </TextEquiv>
      </TextRegion>
      <TextRegion type="paragraph" id="r_8_3" custom="readingOrder {index:10;}">
         <Coords points="495,2140 714,2140 714,2159 495,2159"/>
         <TextLine id="tl_19"
                   primaryLanguage="German"
                   custom="readingOrder {index:0;}">
            <Coords points="496,2141 713,2141 713,2158 496,2158"/>
            <Baseline points="496,2157 513,2157 713,2158"/>
            <TextEquiv>
               <Unicode>* *</Unicode>
            </TextEquiv>
            <TextStyle fontFamily="Times New Roman" fontSize="5.5"/>
         </TextLine>
         <TextEquiv>
            <Unicode>* *</Unicode>
         </TextEquiv>
      </TextRegion>
      <TextRegion type="paragraph" id="r_8_4" custom="readingOrder {index:11;}">
         <Coords points="595,2160 617,2160 617,2180 595,2180"/>
         <TextLine id="tl_20"
                   primaryLanguage="German"
                   custom="readingOrder {index:0;}">
            <Coords points="596,2161 616,2161 616,2179 596,2179"/>
            <Baseline points="596,2179 616,2179"/>
            <TextEquiv>
               <Unicode>*</Unicode>
            </TextEquiv>
            <TextStyle fontFamily="Times New Roman" fontSize="8.0" bold="true"/>
         </TextLine>
         <TextEquiv>
            <Unicode>*</Unicode>
         </TextEquiv>
      </TextRegion>
      <TextRegion type="paragraph" id="r_8_5" custom="readingOrder {index:12;}">
         <Coords points="90,2192 1112,2192 1112,2282 90,2282"/>
         <TextLine id="tl_21"
                   primaryLanguage="German"
                   custom="readingOrder {index:0;}">
            <Coords points="91,2193 1111,2193 1111,2239 91,2239"/>
            <Baseline points="91,2226 391,2226 1082,2229 1112,2231"/>
            <TextEquiv>
               <Unicode>Verhaftung österreichischer Luftschiffer</Unicode>
            </TextEquiv>
            <TextStyle fontFamily="Times New Roman" fontSize="9.5" bold="true"/>
         </TextLine>
         <TextLine id="tl_22"
                   primaryLanguage="German"
                   custom="readingOrder {index:1;}">
            <Coords points="470,2240 730,2240 730,2281 470,2281"/>
            <Baseline points="470,2274 482,2274 515,2274 565,2274 580,2274 609,2274 632,2274 656,2274 679,2274 728,2274"/>
            <TextEquiv>
               <Unicode>in Italien.</Unicode>
            </TextEquiv>
            <TextStyle fontFamily="Times New Roman" fontSize="9.5" bold="true"/>
         </TextLine>
         <TextEquiv>
            <Unicode>Verhaftung österreichischer Luftschiffer
in Italien.</Unicode>
         </TextEquiv>
      </TextRegion>
      <TextRegion type="paragraph" id="r_8_6" custom="readingOrder {index:13;}">
         <Coords points="87,2300 1107,2300 1107,3042 87,3042"/>
         <TextLine id="tl_23"
                   primaryLanguage="German"
                   custom="readingOrder {index:0;}">
            <Coords points="178,2301 1106,2301 1106,2341 178,2341"/>
            <Baseline points="178,2330 243,2331 325,2330 475,2330 682,2330 854,2331 927,2333 1107,2331"/>
            <TextEquiv>
               <Unicode>Der Luftballon „Tirol“ des Vereines für Luftschiff¬</Unicode>
            </TextEquiv>
         </TextLine>
         <TextLine id="tl_24"
                   primaryLanguage="German"
                   custom="readingOrder {index:1;}">
            <Coords points="90,2337 1106,2337 1106,2379 90,2379"/>
            <Baseline points="88,2365 169,2366 198,2367 268,2366 515,2368 711,2367 778,2370 823,2368 904,2368 1104,2368"/>
            <TextEquiv>
               <Unicode>fahrt in Innsbruck ist Donnerstag um 1 Uhr nachmittags</Unicode>
            </TextEquiv>
         </TextLine>
         <TextLine id="tl_25"
                   primaryLanguage="German"
                   custom="readingOrder {index:2;}">
            <Coords points="89,2374 1106,2374 1106,2415 89,2415"/>
            <Baseline points="89,2401 169,2404 223,2403 428,2404 681,2404 824,2404 888,2403 917,2404 942,2403 964,2404 988,2403 1020,2403 1106,2405"/>
            <TextEquiv>
               <Unicode>unter Führung des Oberleutnants Eugen Sarley des</Unicode>
            </TextEquiv>
            <TextStyle fontFamily="Times New Roman" fontSize="8.0"/>
         </TextLine>
         <TextLine id="tl_26"
                   primaryLanguage="German"
                   custom="readingOrder {index:3;}">
            <Coords points="89,2410 1105,2410 1105,2451 89,2451"/>
            <Baseline points="86,2430 122,2435 257,2439 595,2441 685,2442 779,2439 983,2440 1107,2439"/>
            <TextEquiv>
               <Unicode>4. Tiroler Kaiserjägerregiments mit drei Mitfahrern aufge¬</Unicode>
            </TextEquiv>
            <TextStyle fontFamily="Times New Roman" fontSize="8.0"/>
         </TextLine>
         <TextLine id="tl_27"
                   primaryLanguage="German"
                   custom="readingOrder {index:4;}">
            <Coords points="90,2447 1105,2447 1105,2487 90,2487"/>
            <Baseline points="88,2476 240,2477 244,2478 291,2478 332,2478 740,2476 802,2477 972,2476 1105,2479"/>
            <TextEquiv>
               <Unicode>stiegen, um eine neue Alpenüberquerung zu versuchen. Gestern</Unicode>
            </TextEquiv>
            <TextStyle fontFamily="Times New Roman" fontSize="8.0"/>
         </TextLine>
         <TextLine id="tl_28"
                   primaryLanguage="German"
                   custom="readingOrder {index:5;}">
            <Coords points="89,2483 1106,2483 1106,2525 89,2525"/>
            <Baseline points="89,2513 262,2515 342,2514 416,2515 463,2516 490,2514 511,2514 533,2513 564,2515 593,2515 622,2515 682,2514 813,2513 880,2514 1106,2513"/>
            <TextEquiv>
               <Unicode>vormittags traf aus Belluno in Italien die telegraphische</Unicode>
            </TextEquiv>
            <TextStyle fontFamily="Times New Roman" fontSize="8.0"/>
         </TextLine>
         <TextLine id="tl_29"
                   primaryLanguage="German"
                   custom="readingOrder {index:6;}">
            <Coords points="90,2521 1105,2521 1105,2562 90,2562"/>
            <Baseline points="90,2551 234,2550 312,2549 389,2550 461,2551 585,2550 613,2552 687,2550 882,2550 1105,2551"/>
            <TextEquiv>
               <Unicode>Nachricht ein, daß der Ballon in Galeriano in Venezien</Unicode>
            </TextEquiv>
         </TextLine>
         <TextLine id="tl_30"
                   primaryLanguage="German"
                   custom="readingOrder {index:7;}">
            <Coords points="91,2550 1104,2550 1104,2598 91,2598"/>
            <Baseline points="89,2584 220,2587 279,2587 386,2590 459,2589 627,2588 767,2588 850,2588 939,2589 1104,2586"/>
            <TextEquiv>
               <Unicode>gelandet ist. Bei der Landung wurden die vier Insassen.</Unicode>
            </TextEquiv>
            <TextStyle fontFamily="Times New Roman" fontSize="8.0"/>
         </TextLine>
         <TextLine id="tl_31"
                   primaryLanguage="German"
                   custom="readingOrder {index:8;}">
            <Coords points="88,2592 1105,2592 1105,2636 88,2636"/>
            <Baseline points="86,2622 182,2624 353,2627 676,2624 755,2625 806,2623 879,2624 1106,2622"/>
            <TextEquiv>
               <Unicode>Oberleutnant Sarley, kaiserlicher Rat Fritz Heigl, Kauf¬</Unicode>
            </TextEquiv>
         </TextLine>
         <TextLine id="tl_32"
                   primaryLanguage="German"
                   custom="readingOrder {index:9;}">
            <Coords points="89,2629 1105,2629 1105,2673 89,2673"/>
            <Baseline points="87,2658 119,2660 227,2662 576,2661 654,2661 805,2662 978,2659 1108,2658"/>
            <TextEquiv>
               <Unicode>mann Schweighofer und Fabrikant Waldl von herbei¬</Unicode>
            </TextEquiv>
         </TextLine>
         <TextLine id="tl_33"
                   primaryLanguage="German"
                   custom="readingOrder {index:10;}">
            <Coords points="88,2667 1104,2667 1104,2710 88,2710"/>
            <Baseline points="88,2696 211,2698 550,2700 624,2698 992,2697 1106,2695"/>
            <TextEquiv>
               <Unicode>geeilten italienischen Bersaglieri wegen Ver¬</Unicode>
            </TextEquiv>
         </TextLine>
         <TextLine id="tl_34"
                   primaryLanguage="German"
                   custom="readingOrder {index:11;}">
            <Coords points="89,2702 1106,2702 1106,2746 89,2746"/>
            <Baseline points="87,2733 162,2735 234,2735 462,2735 545,2737 593,2735 917,2735 993,2733 1044,2733 1106,2733"/>
            <TextEquiv>
               <Unicode>dachtes der Spionage für verhaftet erklärt und in die</Unicode>
            </TextEquiv>
         </TextLine>
         <TextLine id="tl_35"
                   primaryLanguage="German"
                   custom="readingOrder {index:12;}">
            <Coords points="89,2734 1102,2734 1102,2783 89,2783"/>
            <Baseline points="89,2772 214,2773 293,2773 439,2774 594,2773 679,2771 806,2771 902,2773 980,2771 1103,2768"/>
            <TextEquiv>
               <Unicode>Kaserne von Belluno gebracht. Der Ballon samt den mitge¬</Unicode>
            </TextEquiv>
            <TextStyle fontFamily="Times New Roman" fontSize="8.0"/>
         </TextLine>
         <TextLine id="tl_36"
                   primaryLanguage="German"
                   custom="readingOrder {index:13;}">
            <Coords points="88,2775 1105,2775 1105,2820 88,2820"/>
            <Baseline points="87,2807 205,2808 474,2810 769,2807 968,2807 1105,2803"/>
            <TextEquiv>
               <Unicode>führten Instrumenten, photographischen Apparaten, Land¬</Unicode>
            </TextEquiv>
            <TextStyle fontFamily="Times New Roman" fontSize="8.0"/>
         </TextLine>
         <TextLine id="tl_37"
                   primaryLanguage="German"
                   custom="readingOrder {index:14;}">
            <Coords points="89,2811 1101,2811 1101,2858 89,2858"/>
            <Baseline points="89,2844 197,2846 455,2847 547,2848 656,2847 753,2844 860,2845 1024,2844 1104,2841"/>
            <TextEquiv>
               <Unicode>karten, Telegrammen usw., wurde von den italienischen Be¬</Unicode>
            </TextEquiv>
            <TextStyle fontFamily="Times New Roman" fontSize="8.0"/>
         </TextLine>
         <TextLine id="tl_38"
                   primaryLanguage="German"
                   custom="readingOrder {index:15;}">
            <Coords points="89,2849 1103,2849 1103,2894 89,2894"/>
            <Baseline points="87,2880 110,2880 238,2882 615,2882 826,2880 961,2879 1027,2879 1104,2878"/>
            <TextEquiv>
               <Unicode>hörden beschlagnahmt. Der Luftballon „Tirol“ ist be¬</Unicode>
            </TextEquiv>
         </TextLine>
         <TextLine id="tl_39"
                   primaryLanguage="German"
                   custom="readingOrder {index:16;}">
            <Coords points="91,2885 1102,2885 1102,2934 91,2934"/>
            <Baseline points="91,2918 164,2919 309,2920 366,2922 501,2920 659,2919 750,2919 827,2915 947,2917 1036,2914 1100,2915"/>
            <TextEquiv>
               <Unicode>reits zweimal in Italien gelandet, ohne daß die Insassen be¬</Unicode>
            </TextEquiv>
            <TextStyle fontFamily="Times New Roman" fontSize="8.0"/>
         </TextLine>
         <TextLine id="tl_40"
                   primaryLanguage="German"
                   custom="readingOrder {index:17;}">
            <Coords points="90,2922 1102,2922 1102,2968 90,2968"/>
            <Baseline points="90,2953 186,2956 329,2956 403,2959 553,2956 684,2956 792,2955 885,2953 988,2953 1102,2952"/>
            <TextEquiv>
               <Unicode>lästigt wurden. Im Ministerium des Aeußern in Wien langte</Unicode>
            </TextEquiv>
            <TextStyle fontFamily="Times New Roman" fontSize="8.0"/>
         </TextLine>
         <TextLine id="tl_41"
                   primaryLanguage="German"
                   custom="readingOrder {index:18;}">
            <Coords points="89,2958 1103,2958 1103,3004 89,3004"/>
            <Baseline points="88,2990 148,2993 326,2994 396,2995 654,2993 775,2994 851,2990 927,2991 1002,2990 1103,2988"/>
            <TextEquiv>
               <Unicode>von Innsbruck ein telegraphischer Bericht ein, mit der Bitte</Unicode>
            </TextEquiv>
            <TextStyle fontFamily="Times New Roman" fontSize="8.0"/>
         </TextLine>
         <TextLine id="tl_42"
                   primaryLanguage="German"
                   custom="readingOrder {index:19;}">
            <Coords points="89,2993 933,2993 933,3041 89,3041"/>
            <Baseline points="89,3026 134,3031 190,3031 443,3031 648,3029 721,3031 933,3027"/>
            <TextEquiv>
               <Unicode>um Intervention zur Freilassung der Verhafteten.</Unicode>
            </TextEquiv>
            <TextStyle fontFamily="Times New Roman" fontSize="8.0"/>
         </TextLine>
         <TextEquiv>
            <Unicode>Der Luftballon „Tirol“ des Vereines für Luftschiff¬
fahrt in Innsbruck ist Donnerstag um 1 Uhr nachmittags
unter Führung des Oberleutnants Eugen Sarley des
4. Tiroler Kaiserjägerregiments mit drei Mitfahrern aufge¬
stiegen, um eine neue Alpenüberquerung zu versuchen. Gestern
vormittags traf aus Belluno in Italien die telegraphische
Nachricht ein, daß der Ballon in Galeriano in Venezien
gelandet ist. Bei der Landung wurden die vier Insassen.
Oberleutnant Sarley, kaiserlicher Rat Fritz Heigl, Kauf¬
mann Schweighofer und Fabrikant Waldl von herbei¬
geeilten italienischen Bersaglieri wegen Ver¬
dachtes der Spionage für verhaftet erklärt und in die
Kaserne von Belluno gebracht. Der Ballon samt den mitge¬
führten Instrumenten, photographischen Apparaten, Land¬
karten, Telegrammen usw., wurde von den italienischen Be¬
hörden beschlagnahmt. Der Luftballon „Tirol“ ist be¬
reits zweimal in Italien gelandet, ohne daß die Insassen be¬
lästigt wurden. Im Ministerium des Aeußern in Wien langte
von Innsbruck ein telegraphischer Bericht ein, mit der Bitte
um Intervention zur Freilassung der Verhafteten.</Unicode>
         </TextEquiv>
      </TextRegion>
      <TextRegion type="paragraph" id="r_8_7" custom="readingOrder {index:14;}">
         <Coords points="86,3041 1069,3041 1070,3180 87,3180"/>
         <TextLine id="line_1547459733919_8" custom="readingOrder {index:0;}">
            <Coords points="511,3018 680,3018 680,3068 511,3068"/>
            <Baseline points="511,3063 680,3063"/>
            <TextEquiv>
               <Unicode>* *</Unicode>
            </TextEquiv>
         </TextLine>
         <TextLine id="line_1547459738560_9" custom="readingOrder {index:1;}">
            <Coords points="586,3033 607,3033 607,3083 586,3083"/>
            <Baseline points="586,3078 607,3078"/>
            <TextEquiv>
               <Unicode>*</Unicode>
            </TextEquiv>
         </TextLine>
         <TextLine id="tl_44"
                   primaryLanguage="German"
                   custom="readingOrder {index:2;}">
            <Coords points="122,3086 1069,3086 1069,3138 122,3138"/>
            <Baseline points="128,3124 506,3129 740,3127 854,3125 1071,3122"/>
            <TextEquiv>
               <Unicode>Warchalowskis Rückkehr nach Wiener=</Unicode>
            </TextEquiv>
            <TextStyle fontFamily="Times New Roman" fontSize="10.5"/>
         </TextLine>
         <TextLine id="tl_45"
                   primaryLanguage="German"
                   custom="readingOrder {index:3;}">
            <Coords points="481,3138 706,3139 706,3179 481,3178"/>
            <Baseline points="482,3174 706,3173"/>
            <TextEquiv>
               <Unicode>Neustadt.</Unicode>
            </TextEquiv>
            <TextStyle fontFamily="Times New Roman" fontSize="10.0"/>
         </TextLine>
         <TextEquiv>
            <Unicode>* *
*
Warchalowskis Rückkehr nach Wiener=
Neustadt.</Unicode>
         </TextEquiv>
      </TextRegion>
      <TextRegion type="paragraph" id="r_8_8" custom="readingOrder {index:15;}">
         <Coords points="87,3191 1103,3191 1103,3430 87,3430"/>
         <TextLine id="tl_46"
                   primaryLanguage="German"
                   custom="readingOrder {index:0;}">
            <Coords points="176,3192 1102,3192 1102,3241 176,3241"/>
            <Baseline points="176,3230 342,3230 395,3229 526,3230 877,3226 975,3224 1102,3221"/>
            <TextEquiv>
               <Unicode>Ingenieur Adolf Warchalowski stieg gestern früh</Unicode>
            </TextEquiv>
         </TextLine>
         <TextLine id="tl_47"
                   primaryLanguage="German"
                   custom="readingOrder {index:1;}">
            <Coords points="91,3230 1099,3230 1099,3277 91,3277"/>
            <Baseline points="91,3260 139,3266 183,3265 268,3267 314,3267 458,3267 539,3266 582,3267 897,3269 948,3264 1099,3259"/>
            <TextEquiv>
               <Unicode>Um 6 Uhr 5 Minten von der Simmeringer Heide</Unicode>
            </TextEquiv>
         </TextLine>
         <TextLine id="tl_48"
                   primaryLanguage="German"
                   custom="readingOrder {index:2;}">
            <Coords points="91,3268 1100,3268 1100,3316 91,3316"/>
            <Baseline points="89,3295 146,3300 240,3305 498,3304 590,3304 663,3302 762,3302 1038,3298 1100,3297"/>
            <TextEquiv>
               <Unicode>mit seinem Doppeldecker auf, um nach Wiener=Neustadt zu</Unicode>
            </TextEquiv>
            <TextStyle fontFamily="Times New Roman" fontSize="8.0"/>
         </TextLine>
         <TextLine id="tl_49"
                   primaryLanguage="German"
                   custom="readingOrder {index:3;}">
            <Coords points="88,3303 1100,3303 1100,3352 88,3352"/>
            <Baseline points="85,3330 204,3340 255,3342 320,3342 414,3342 558,3340 656,3340 820,3339 1016,3334 1100,3334"/>
            <TextEquiv>
               <Unicode>fliegen. Er nahm die Richtung über Laxenburg, Tattendorf und</Unicode>
            </TextEquiv>
            <TextStyle fontFamily="Times New Roman" fontSize="8.0"/>
         </TextLine>
         <TextLine id="tl_50"
                   primaryLanguage="German"
                   custom="readingOrder {index:4;}">
            <Coords points="88,3341 1100,3341 1100,3389 88,3389"/>
            <Baseline points="85,3370 290,3380 373,3380 428,3379 485,3378 588,3379 687,3378 767,3375 857,3375 958,3372 1100,3370"/>
            <TextEquiv>
               <Unicode>Theresienfeld, wo er in einer Höhe von über 1000 Metern</Unicode>
            </TextEquiv>
            <TextStyle fontFamily="Times New Roman" fontSize="8.0"/>
         </TextLine>
         <TextLine id="tl_51"
                   primaryLanguage="German"
                   custom="readingOrder {index:5;}">
            <Coords points="90,3377 1100,3377 1100,3429 90,3429"/>
            <Baseline points="89,3408 203,3413 281,3419 403,3418 500,3417 578,3416 614,3414 708,3413 790,3414 863,3411 931,3410 1103,3407"/>
            <TextEquiv>
               <Unicode>schwebte. Er überflog um halb 7 Uhr, also nach 25 Minuten,</Unicode>
            </TextEquiv>
            <TextStyle fontFamily="Times New Roman" fontSize="8.0"/>
         </TextLine>
         <TextEquiv>
            <Unicode>Ingenieur Adolf Warchalowski stieg gestern früh
Um 6 Uhr 5 Minten von der Simmeringer Heide
mit seinem Doppeldecker auf, um nach Wiener=Neustadt zu
fliegen. Er nahm die Richtung über Laxenburg, Tattendorf und
Theresienfeld, wo er in einer Höhe von über 1000 Metern
schwebte. Er überflog um halb 7 Uhr, also nach 25 Minuten,</Unicode>
         </TextEquiv>
      </TextRegion>
      <TextRegion type="paragraph" id="r_9_1" custom="readingOrder {index:16;}">
         <Coords points="1147,1916 2158,1916 2158,1991 1147,1991"/>
         <TextLine id="tl_52"
                   primaryLanguage="German"
                   custom="readingOrder {index:0;}">
            <Coords points="1148,1917 2157,1917 2157,1959 1148,1959"/>
            <Baseline points="1147,1941 1216,1943 1383,1945 1478,1945 1669,1947 1829,1948 1928,1949 2043,1951 2157,1951"/>
            <TextEquiv>
               <Unicode>zum erstenmal das Neustädter Flugfeld und blieb noch</Unicode>
            </TextEquiv>
            <TextStyle fontFamily="Times New Roman" fontSize="8.0"/>
         </TextLine>
         <TextLine id="tl_53"
                   primaryLanguage="German"
                   custom="readingOrder {index:1;}">
            <Coords points="1150,1953 1921,1953 1921,1990 1150,1990"/>
            <Baseline points="1150,1981 1188,1979 1339,1981 1392,1981 1456,1981 1548,1980 1647,1981 1711,1980 1793,1983 1923,1983"/>
            <TextEquiv>
               <Unicode>20 Minuten in der Luft, bevor er glatt landete.</Unicode>
            </TextEquiv>
            <TextStyle fontFamily="Times New Roman" fontSize="8.0"/>
         </TextLine>
         <TextEquiv>
            <Unicode>zum erstenmal das Neustädter Flugfeld und blieb noch
20 Minuten in der Luft, bevor er glatt landete.</Unicode>
         </TextEquiv>
      </TextRegion>
      <TextRegion type="paragraph" id="r_10_1" custom="readingOrder {index:17;}">
         <Coords points="1353,2024 1946,2024 1946,2112 1353,2112"/>
         <TextLine id="tl_54"
                   primaryLanguage="German"
                   custom="readingOrder {index:0;}">
            <Coords points="1354,2025 1945,2025 1945,2111 1354,2111"/>
            <Baseline points="1351,2101 1641,2103 1941,2103"/>
            <TextEquiv>
               <Unicode>„Starker Tabak.“</Unicode>
            </TextEquiv>
            <TextStyle fontFamily="Times New Roman" fontSize="25.0" bold="true"/>
         </TextLine>
         <TextEquiv>
            <Unicode>„Starker Tabak.“</Unicode>
         </TextEquiv>
      </TextRegion>
      <TextRegion type="paragraph" id="r_10_2" custom="readingOrder {index:18;}">
         <Coords points="1452,2121 1858,2121 1858,2160 1452,2160"/>
         <TextLine id="tl_55"
                   primaryLanguage="German"
                   custom="readingOrder {index:0;}">
            <Coords points="1453,2122 1857,2122 1857,2159 1453,2159"/>
            <Baseline points="1454,2149 1592,2151 1857,2149"/>
            <TextEquiv>
               <Unicode>(Unser Titelbild.)</Unicode>
            </TextEquiv>
            <TextStyle fontFamily="Times New Roman" fontSize="8.0"/>
         </TextLine>
         <TextEquiv>
            <Unicode>(Unser Titelbild.)</Unicode>
         </TextEquiv>
      </TextRegion>
      <TextRegion type="paragraph" id="r_10_3" custom="readingOrder {index:19;}">
         <Coords points="1145,2173 2160,2173 2160,2490 1145,2490"/>
         <TextLine id="tl_56"
                   primaryLanguage="German"
                   custom="readingOrder {index:0;}">
            <Coords points="1225,2174 2159,2174 2159,2220 1225,2220"/>
            <Baseline points="1225,2206 1290,2207 1433,2206 1519,2208 1628,2208 1722,2209 1795,2211 1939,2209 2159,2211"/>
            <TextEquiv>
               <Unicode>Der heutige Tag wird für alle Raucher Oesterreichs</Unicode>
            </TextEquiv>
            <TextStyle fontFamily="Times New Roman" fontSize="8.0" bold="true"/>
         </TextLine>
         <TextLine id="tl_57"
                   primaryLanguage="German"
                   custom="readingOrder {index:1;}">
            <Coords points="1146,2220 2156,2220 2156,2265 1146,2265"/>
            <Baseline points="1147,2248 1209,2250 1386,2254 1674,2255 1822,2257 1895,2256 1958,2257 2048,2256 2156,2257"/>
            <TextEquiv>
               <Unicode>von trauriger Denkwürdigkeit bleiben. Der 1. Juli 1911</Unicode>
            </TextEquiv>
            <TextStyle fontFamily="Times New Roman" fontSize="8.0" bold="true"/>
         </TextLine>
         <TextLine id="tl_58"
                   primaryLanguage="German"
                   custom="readingOrder {index:2;}">
            <Coords points="1147,2266 2158,2266 2158,2310 1147,2310"/>
            <Baseline points="1146,2294 1182,2296 1283,2296 1377,2298 1463,2298 1564,2300 1701,2299 1874,2302 1946,2302 2159,2301"/>
            <TextEquiv>
               <Unicode>ist der Tag, an welchem Tabak, Zigarren und Zigaretten</Unicode>
            </TextEquiv>
            <TextStyle fontFamily="Times New Roman" fontSize="8.0" bold="true"/>
         </TextLine>
         <TextLine id="tl_59"
                   primaryLanguage="German"
                   custom="readingOrder {index:3;}">
            <Coords points="1148,2309 2157,2309 2157,2355 1148,2355"/>
            <Baseline points="1148,2342 1160,2341 1425,2343 1544,2343 1738,2345 1868,2347 2011,2349 2158,2346"/>
            <TextEquiv>
               <Unicode>in empfindlicher Weise verteuert werden. Diese „Preis¬</Unicode>
            </TextEquiv>
         </TextLine>
         <TextLine id="tl_60"
                   primaryLanguage="German"
                   custom="readingOrder {index:4;}">
            <Coords points="1146,2354 2159,2354 2159,2400 1146,2400"/>
            <Baseline points="1146,2385 1340,2387 1441,2386 1591,2388 1747,2390 1922,2391 2016,2392 2069,2392 2160,2392"/>
            <TextEquiv>
               <Unicode>regulierung“ ist wahrlich „starker Tabak“, der dem Pu¬</Unicode>
            </TextEquiv>
            <TextStyle fontFamily="Times New Roman" fontSize="8.0" bold="true"/>
         </TextLine>
         <TextLine id="tl_61"
                   primaryLanguage="German"
                   custom="readingOrder {index:5;}">
            <Coords points="1146,2401 2158,2401 2158,2445 1146,2445"/>
            <Baseline points="1146,2431 1261,2433 1415,2434 1505,2434 1606,2436 1738,2435 1940,2437 2064,2437 2160,2438"/>
            <TextEquiv>
               <Unicode>blikum geboten wird, ein starker, beißender Tabak, der</Unicode>
            </TextEquiv>
            <TextStyle fontFamily="Times New Roman" fontSize="8.0" bold="true"/>
         </TextLine>
         <TextLine id="tl_62"
                   primaryLanguage="German"
                   custom="readingOrder {index:6;}">
            <Coords points="1146,2446 2155,2446 2155,2489 1146,2489"/>
            <Baseline points="1146,2477 1298,2479 1440,2478 1541,2479 1655,2481 1696,2481 1758,2482 1887,2482 2020,2483 2155,2483"/>
            <TextEquiv>
               <Unicode>manchem Manne die Tränen in die Augen treiben könnte.</Unicode>
            </TextEquiv>
            <TextStyle fontFamily="Times New Roman" fontSize="8.0" bold="true"/>
         </TextLine>
         <TextEquiv>
            <Unicode>Der heutige Tag wird für alle Raucher Oesterreichs
von trauriger Denkwürdigkeit bleiben. Der 1. Juli 1911
ist der Tag, an welchem Tabak, Zigarren und Zigaretten
in empfindlicher Weise verteuert werden. Diese „Preis¬
regulierung“ ist wahrlich „starker Tabak“, der dem Pu¬
blikum geboten wird, ein starker, beißender Tabak, der
manchem Manne die Tränen in die Augen treiben könnte.</Unicode>
         </TextEquiv>
      </TextRegion>
      <TextRegion type="paragraph" id="r_10_4" custom="readingOrder {index:20;}">
         <Coords points="1142,2505 2155,2505 2155,3150 1142,3150"/>
         <TextLine id="tl_63"
                   primaryLanguage="German"
                   custom="readingOrder {index:0;}">
            <Coords points="1240,2506 2154,2506 2154,2546 1240,2546"/>
            <Baseline points="1241,2534 1308,2535 1385,2536 1473,2535 1607,2536 1823,2537 1924,2539 1998,2541 2083,2540 2154,2539"/>
            <TextEquiv>
               <Unicode>Man kann die neueste Verteuerung wohl als eine der</Unicode>
            </TextEquiv>
            <TextStyle fontFamily="Times New Roman" fontSize="8.0"/>
         </TextLine>
         <TextLine id="tl_64"
                   primaryLanguage="German"
                   custom="readingOrder {index:1;}">
            <Coords points="1146,2541 2154,2541 2154,2582 1146,2582"/>
            <Baseline points="1146,2569 1341,2569 1404,2569 1733,2571 1811,2572 1884,2573 1923,2573 2154,2574"/>
            <TextEquiv>
               <Unicode>härtesten Steuern bezeichnen, die einem großen Teile</Unicode>
            </TextEquiv>
         </TextLine>
         <TextLine id="tl_65"
                   primaryLanguage="German"
                   custom="readingOrder {index:2;}">
            <Coords points="1146,2577 2153,2577 2153,2617 1146,2617"/>
            <Baseline points="1146,2603 1193,2604 1406,2606 1530,2606 1657,2606 1754,2608 1890,2607 2090,2610 2154,2610"/>
            <TextEquiv>
               <Unicode>der Bevölkerung auferlegt wird. Diese Steuer unterscheidet sich</Unicode>
            </TextEquiv>
            <TextStyle fontFamily="Times New Roman" fontSize="8.0"/>
         </TextLine>
         <TextLine id="tl_66"
                   primaryLanguage="German"
                   custom="readingOrder {index:3;}">
            <Coords points="1147,2612 2154,2612 2154,2651 1147,2651"/>
            <Baseline points="1147,2639 1201,2639 1328,2641 1421,2640 1597,2642 1715,2642 1785,2642 1843,2643 1932,2644 1988,2645 2090,2645 2154,2646"/>
            <TextEquiv>
               <Unicode>von allen anderen Steuern dadurch, daß sie nicht im Wege der</Unicode>
            </TextEquiv>
            <TextStyle fontFamily="Times New Roman" fontSize="8.0"/>
         </TextLine>
         <TextLine id="tl_67"
                   primaryLanguage="German"
                   custom="readingOrder {index:4;}">
            <Coords points="1148,2648 2154,2648 2154,2688 1148,2688"/>
            <Baseline points="1148,2675 1346,2676 1526,2678 1607,2678 1821,2679 1952,2680 2031,2681 2152,2680"/>
            <TextEquiv>
               <Unicode>Gesetzgebung beschlossen und durchgeführt wurde. Die Volks¬</Unicode>
            </TextEquiv>
            <TextStyle fontFamily="Times New Roman" fontSize="8.0"/>
         </TextLine>
         <TextLine id="tl_68"
                   primaryLanguage="German"
                   custom="readingOrder {index:5;}">
            <Coords points="1148,2684 2154,2684 2154,2724 1148,2724"/>
            <Baseline points="1148,2709 1280,2711 1401,2711 1504,2713 1581,2715 1662,2713 1772,2715 1972,2717 2083,2717 2154,2716"/>
            <TextEquiv>
               <Unicode>vertreter haben dabei gar kein Wort mitzureden. Denn der</Unicode>
            </TextEquiv>
            <TextStyle fontFamily="Times New Roman" fontSize="8.0"/>
         </TextLine>
         <TextLine id="tl_69"
                   primaryLanguage="German"
                   custom="readingOrder {index:6;}">
            <Coords points="1145,2719 2154,2719 2154,2758 1145,2758"/>
            <Baseline points="1145,2747 1235,2747 1293,2748 1326,2746 1496,2749 1609,2751 1672,2750 1804,2750 1959,2751 2051,2752 2154,2754"/>
            <TextEquiv>
               <Unicode>Staat hat einfach, wie irgend ein anderer Fabrikant, den Preis</Unicode>
            </TextEquiv>
            <TextStyle fontFamily="Times New Roman" fontSize="8.0"/>
         </TextLine>
         <TextLine id="tl_70"
                   primaryLanguage="German"
                   custom="readingOrder {index:7;}">
            <Coords points="1148,2755 2153,2755 2153,2794 1148,2794"/>
            <Baseline points="1143,2781 1239,2782 1373,2783 1508,2784 1589,2785 1744,2785 1879,2785 1946,2786 2067,2787 2153,2787"/>
            <TextEquiv>
               <Unicode>seiner Waren erhöht. Bei anderen Waren ist freilich die</Unicode>
            </TextEquiv>
            <TextStyle fontFamily="Times New Roman" fontSize="8.0"/>
         </TextLine>
         <TextLine id="tl_71"
                   primaryLanguage="German"
                   custom="readingOrder {index:8;}">
            <Coords points="1145,2790 2153,2790 2153,2830 1145,2830"/>
            <Baseline points="1142,2817 1381,2818 1497,2819 1573,2819 1793,2820 1955,2821 2043,2823 2154,2821"/>
            <TextEquiv>
               <Unicode>Preisbestimmung durch die Konkurrenz beeinflußt. Kein Kauf¬</Unicode>
            </TextEquiv>
            <TextStyle fontFamily="Times New Roman" fontSize="8.0"/>
         </TextLine>
         <TextLine id="tl_72"
                   primaryLanguage="German"
                   custom="readingOrder {index:9;}">
            <Coords points="1146,2826 2152,2826 2152,2865 1146,2865"/>
            <Baseline points="1146,2854 1237,2853 1338,2854 1397,2854 1574,2856 1665,2856 1726,2856 1835,2856 1925,2856 2036,2860 2152,2858"/>
            <TextEquiv>
               <Unicode>mann und kein Fabrikant kann es wagen, den Preis seiner</Unicode>
            </TextEquiv>
            <TextStyle fontFamily="Times New Roman" fontSize="8.0"/>
         </TextLine>
         <TextLine id="tl_73"
                   primaryLanguage="German"
                   custom="readingOrder {index:10;}">
            <Coords points="1146,2861 2152,2861 2152,2900 1146,2900"/>
            <Baseline points="1146,2889 1250,2891 1343,2891 1423,2890 1480,2889 1628,2890 1718,2892 1750,2891 1844,2891 1986,2892 2068,2894 2152,2894"/>
            <TextEquiv>
               <Unicode>Waren allzu sehr zu erhöhen, denn er muß fürchten, daß der</Unicode>
            </TextEquiv>
            <TextStyle fontFamily="Times New Roman" fontSize="8.0"/>
         </TextLine>
         <TextLine id="tl_74"
                   primaryLanguage="German"
                   custom="readingOrder {index:11;}">
            <Coords points="1145,2896 2151,2896 2151,2936 1145,2936"/>
            <Baseline points="1145,2926 1321,2925 1402,2925 1508,2925 1655,2926 1777,2927 1844,2928 1985,2928 2151,2929"/>
            <TextEquiv>
               <Unicode>Konkurrent ihm durch billigere Preise die Kunden wegfischt.</Unicode>
            </TextEquiv>
            <TextStyle fontFamily="Times New Roman" fontSize="8.0"/>
         </TextLine>
         <TextLine id="tl_75"
                   primaryLanguage="German"
                   custom="readingOrder {index:12;}">
            <Coords points="1145,2932 2151,2932 2151,2971 1145,2971"/>
            <Baseline points="1145,2961 1206,2960 1332,2962 1392,2961 1492,2961 1590,2962 1715,2962 1915,2963 2023,2964 2079,2965 2151,2964"/>
            <TextEquiv>
               <Unicode>Der Fiskus aber hat keine solchen Besorgnisse. Denn er hat</Unicode>
            </TextEquiv>
            <TextStyle fontFamily="Times New Roman" fontSize="8.0"/>
         </TextLine>
         <TextLine id="tl_76"
                   primaryLanguage="German"
                   custom="readingOrder {index:13;}">
            <Coords points="1143,2968 2152,2968 2152,3008 1143,3008"/>
            <Baseline points="1143,2996 1219,2995 1427,2995 1574,2998 1652,2997 1709,2998 1834,2998 1935,2999 2047,3000 2151,3000"/>
            <TextEquiv>
               <Unicode>keine Konkurrenz. Niemand darf es wagen, selbst Tabak anzu¬</Unicode>
            </TextEquiv>
            <TextStyle fontFamily="Times New Roman" fontSize="8.0"/>
         </TextLine>
         <TextLine id="tl_77"
                   primaryLanguage="German"
                   custom="readingOrder {index:14;}">
            <Coords points="1145,3002 2150,3002 2150,3042 1145,3042"/>
            <Baseline points="1145,3032 1235,3031 1310,3033 1390,3031 1509,3032 1674,3033 1742,3034 1877,3033 1939,3036 2026,3036 2150,3035"/>
            <TextEquiv>
               <Unicode>bauen und dem Staat Konkurrenz zu machen. Ja nicht einmal</Unicode>
            </TextEquiv>
            <TextStyle fontFamily="Times New Roman" fontSize="8.0"/>
         </TextLine>
         <TextLine id="tl_78"
                   primaryLanguage="German"
                   custom="readingOrder {index:15;}">
            <Coords points="1144,3039 2150,3039 2150,3078 1144,3078"/>
            <Baseline points="1142,3067 1191,3069 1216,3067 1354,3067 1566,3069 1649,3069 1829,3069 1942,3070 2099,3069 2150,3071"/>
            <TextEquiv>
               <Unicode>für eigenen Gebrauch darf man bekanntlich Tabak anbauen, so</Unicode>
            </TextEquiv>
            <TextStyle fontFamily="Times New Roman" fontSize="8.0"/>
         </TextLine>
         <TextLine id="tl_79"
                   primaryLanguage="German"
                   custom="readingOrder {index:16;}">
            <Coords points="1143,3074 2150,3074 2150,3114 1143,3114"/>
            <Baseline points="1143,3102 1199,3102 1294,3103 1441,3102 1631,3104 1692,3103 1772,3105 1913,3107 2022,3105 2080,3106 2151,3107"/>
            <TextEquiv>
               <Unicode>daß jeder Raucher gezwungen ist, den höheren Preis zu be¬</Unicode>
            </TextEquiv>
            <TextStyle fontFamily="Times New Roman" fontSize="8.0"/>
         </TextLine>
         <TextLine id="tl_80"
                   primaryLanguage="German"
                   custom="readingOrder {index:17;}">
            <Coords points="1145,3109 1833,3109 1833,3149 1145,3149"/>
            <Baseline points="1144,3139 1242,3137 1331,3139 1423,3139 1496,3139 1616,3139 1672,3139 1833,3139"/>
            <TextEquiv>
               <Unicode>zahlen oder — dem Rauchen zu entsagen.</Unicode>
            </TextEquiv>
            <TextStyle fontFamily="Times New Roman" fontSize="8.0"/>
         </TextLine>
         <TextEquiv>
            <Unicode>Man kann die neueste Verteuerung wohl als eine der
härtesten Steuern bezeichnen, die einem großen Teile
der Bevölkerung auferlegt wird. Diese Steuer unterscheidet sich
von allen anderen Steuern dadurch, daß sie nicht im Wege der
Gesetzgebung beschlossen und durchgeführt wurde. Die Volks¬
vertreter haben dabei gar kein Wort mitzureden. Denn der
Staat hat einfach, wie irgend ein anderer Fabrikant, den Preis
seiner Waren erhöht. Bei anderen Waren ist freilich die
Preisbestimmung durch die Konkurrenz beeinflußt. Kein Kauf¬
mann und kein Fabrikant kann es wagen, den Preis seiner
Waren allzu sehr zu erhöhen, denn er muß fürchten, daß der
Konkurrent ihm durch billigere Preise die Kunden wegfischt.
Der Fiskus aber hat keine solchen Besorgnisse. Denn er hat
keine Konkurrenz. Niemand darf es wagen, selbst Tabak anzu¬
bauen und dem Staat Konkurrenz zu machen. Ja nicht einmal
für eigenen Gebrauch darf man bekanntlich Tabak anbauen, so
daß jeder Raucher gezwungen ist, den höheren Preis zu be¬
zahlen oder — dem Rauchen zu entsagen.</Unicode>
         </TextEquiv>
      </TextRegion>
      <TextRegion type="paragraph" id="r_10_5" custom="readingOrder {index:21;}">
         <Coords points="1139,3160 2152,3160 2152,3420 1139,3420"/>
         <TextLine id="tl_81"
                   primaryLanguage="German"
                   custom="readingOrder {index:0;}">
            <Coords points="1230,3161 2151,3161 2151,3202 1230,3202"/>
            <Baseline points="1230,3190 1421,3190 1474,3192 1547,3191 1695,3192 1731,3194 1875,3194 2151,3195"/>
            <TextEquiv>
               <Unicode>Besonders hart und drückend an dieser Raucher=Steuer</Unicode>
            </TextEquiv>
            <TextStyle fontFamily="Times New Roman" fontSize="8.0"/>
         </TextLine>
         <TextLine id="tl_82"
                   primaryLanguage="German"
                   custom="readingOrder {index:1;}">
            <Coords points="1143,3197 2149,3197 2149,3238 1143,3238"/>
            <Baseline points="1143,3227 1179,3228 1248,3226 1409,3226 1469,3226 1612,3227 1651,3228 1804,3226 2014,3231 2149,3231"/>
            <TextEquiv>
               <Unicode>ist der Umstand, daß gerade die ärmeren Kreise von</Unicode>
            </TextEquiv>
         </TextLine>
         <TextLine id="tl_83"
                   primaryLanguage="German"
                   custom="readingOrder {index:2;}">
            <Coords points="1144,3233 2150,3233 2150,3273 1144,3273"/>
            <Baseline points="1144,3263 1280,3263 1418,3263 1571,3262 1679,3262 1727,3264 1794,3264 1947,3265 2007,3266 2151,3267"/>
            <TextEquiv>
               <Unicode>derselben stärker betroffen werden als die reichen. Der Mann,</Unicode>
            </TextEquiv>
            <TextStyle fontFamily="Times New Roman" fontSize="8.0"/>
         </TextLine>
         <TextLine id="tl_84"
                   primaryLanguage="German"
                   custom="readingOrder {index:3;}">
            <Coords points="1142,3269 2149,3269 2149,3308 1142,3308"/>
            <Baseline points="1143,3297 1204,3298 1299,3297 1345,3298 1549,3297 1727,3298 1795,3299 1898,3301 2065,3305 2149,3303"/>
            <TextEquiv>
               <Unicode>dem es sein Einkommen gestattete, sich feine Zigarren und</Unicode>
            </TextEquiv>
            <TextStyle fontFamily="Times New Roman" fontSize="8.0"/>
         </TextLine>
         <TextLine id="tl_85"
                   primaryLanguage="German"
                   custom="readingOrder {index:4;}">
            <Coords points="1142,3305 2149,3305 2149,3346 1142,3346"/>
            <Baseline points="1142,3334 1262,3334 1371,3336 1495,3333 1583,3335 1631,3335 1787,3337 1875,3337 1907,3338 2149,3338"/>
            <TextEquiv>
               <Unicode>Zigarretten zu leisten, wird in Hinkunft etwa ein Zehntel</Unicode>
            </TextEquiv>
         </TextLine>
         <TextLine id="tl_86"
                   primaryLanguage="German"
                   custom="readingOrder {index:5;}">
            <Coords points="1143,3340 2149,3340 2149,3380 1143,3380"/>
            <Baseline points="1143,3370 1207,3371 1283,3369 1432,3370 1572,3370 1619,3368 1872,3372 1963,3373 2065,3375 2149,3374"/>
            <TextEquiv>
               <Unicode>oder bei anderen Sorten ein Fünftel mehr für das</Unicode>
            </TextEquiv>
         </TextLine>
         <TextLine id="tl_87"
                   primaryLanguage="German"
                   custom="readingOrder {index:6;}">
            <Coords points="1140,3376 2148,3376 2148,3419 1140,3419"/>
            <Baseline points="1140,3409 1267,3406 1453,3407 1560,3406 1644,3406 1771,3406 1838,3408 1952,3410 1995,3408 2013,3409 2049,3409 2082,3410 2110,3409 2123,3408 2149,3409"/>
            <TextEquiv>
               <Unicode>Rauchen ausgeben, müssen. Der Reiche, der bisher Regali¬</Unicode>
            </TextEquiv>
         </TextLine>
         <TextEquiv>
            <Unicode>Besonders hart und drückend an dieser Raucher=Steuer
ist der Umstand, daß gerade die ärmeren Kreise von
derselben stärker betroffen werden als die reichen. Der Mann,
dem es sein Einkommen gestattete, sich feine Zigarren und
Zigarretten zu leisten, wird in Hinkunft etwa ein Zehntel
oder bei anderen Sorten ein Fünftel mehr für das
Rauchen ausgeben, müssen. Der Reiche, der bisher Regali¬</Unicode>
         </TextEquiv>
      </TextRegion>
      <TextRegion type="paragraph" id="r_11_1" custom="readingOrder {index:22;}">
         <Coords points="2231,230 2581,230 2581,305 2231,305"/>
         <TextLine id="tl_88"
                   primaryLanguage="German"
                   custom="readingOrder {index:0;}">
            <Coords points="2232,231 2580,231 2580,304 2232,304"/>
            <Baseline points="2229,288 2579,291"/>
            <TextEquiv>
               <Unicode>Auskünfte.</Unicode>
            </TextEquiv>
            <TextStyle fontFamily="Times New Roman" fontSize="17.0"/>
         </TextLine>
         <TextEquiv>
            <Unicode>Auskünfte.</Unicode>
         </TextEquiv>
      </TextRegion>
      <TextRegion type="paragraph" id="r_11_2" custom="readingOrder {index:23;}">
         <Coords points="2207,311 2617,311 2617,1078 2207,1078"/>
         <TextLine id="tl_89"
                   primaryLanguage="German"
                   custom="readingOrder {index:0;}">
            <Coords points="2256,312 2615,312 2615,350 2256,350"/>
            <Baseline points="2255,338 2473,340 2615,341"/>
            <TextEquiv>
               <Unicode>Bürgermeister, Her¬</Unicode>
            </TextEquiv>
            <TextStyle fontFamily="Times New Roman" fontSize="8.0"/>
         </TextLine>
         <TextLine id="tl_90"
                   primaryLanguage="German"
                   custom="readingOrder {index:1;}">
            <Coords points="2217,347 2616,347 2616,381 2217,381"/>
            <Baseline points="2217,375 2259,374 2346,375 2440,377 2489,376 2616,378"/>
            <TextEquiv>
               <Unicode>mann B. Die Gewerbe¬</Unicode>
            </TextEquiv>
            <TextStyle fontFamily="Times New Roman" fontSize="8.0"/>
         </TextLine>
         <TextLine id="tl_91"
                   primaryLanguage="German"
                   custom="readingOrder {index:2;}">
            <Coords points="2218,380 2616,380 2616,420 2218,420"/>
            <Baseline points="2217,406 2331,409 2400,410 2488,411 2616,413"/>
            <TextEquiv>
               <Unicode>ordnung ist im Verlag</Unicode>
            </TextEquiv>
            <TextStyle fontFamily="Times New Roman" fontSize="8.0"/>
         </TextLine>
         <TextLine id="tl_92"
                   primaryLanguage="German"
                   custom="readingOrder {index:3;}">
            <Coords points="2215,414 2615,414 2615,455 2215,455"/>
            <Baseline points="2215,442 2264,443 2615,447"/>
            <TextEquiv>
               <Unicode>der Universitätsbuch¬</Unicode>
            </TextEquiv>
            <TextStyle fontFamily="Times New Roman" fontSize="8.0"/>
         </TextLine>
         <TextLine id="tl_93"
                   primaryLanguage="German"
                   custom="readingOrder {index:4;}">
            <Coords points="2216,449 2613,449 2613,490 2216,490"/>
            <Baseline points="2215,476 2363,479 2506,481 2613,481"/>
            <TextEquiv>
               <Unicode>handlung Georg Sze¬</Unicode>
            </TextEquiv>
            <TextStyle fontFamily="Times New Roman" fontSize="8.0"/>
         </TextLine>
         <TextLine id="tl_94"
                   primaryLanguage="German"
                   custom="readingOrder {index:5;}">
            <Coords points="2216,484 2614,484 2614,527 2216,527"/>
            <Baseline points="2218,512 2282,513 2378,515 2432,515 2613,519"/>
            <TextEquiv>
               <Unicode>linski, 1. Bez., Tuch¬</Unicode>
            </TextEquiv>
            <TextStyle fontFamily="Times New Roman" fontSize="8.0"/>
         </TextLine>
         <TextLine id="tl_95"
                   primaryLanguage="German"
                   custom="readingOrder {index:6;}">
            <Coords points="2214,521 2616,521 2616,559 2214,559"/>
            <Baseline points="2214,548 2317,549 2407,551 2615,554"/>
            <TextEquiv>
               <Unicode>lauben 21, erschienen.</Unicode>
            </TextEquiv>
            <TextStyle fontFamily="Times New Roman" fontSize="8.0"/>
         </TextLine>
         <TextLine id="tl_96"
                   primaryLanguage="German"
                   custom="readingOrder {index:7;}">
            <Coords points="2214,555 2614,555 2614,591 2214,591"/>
            <Baseline points="2214,583 2273,584 2376,585 2545,589 2614,591"/>
            <TextEquiv>
               <Unicode>Mit dem Wortlaut der</Unicode>
            </TextEquiv>
            <TextStyle fontFamily="Times New Roman" fontSize="8.0"/>
         </TextLine>
         <TextLine id="tl_97"
                   primaryLanguage="German"
                   custom="readingOrder {index:8;}">
            <Coords points="2213,591 2614,591 2614,628 2213,628"/>
            <Baseline points="2213,619 2442,622 2533,623 2615,626"/>
            <TextEquiv>
               <Unicode>Bestimmungen der Ge¬</Unicode>
            </TextEquiv>
            <TextStyle fontFamily="Times New Roman" fontSize="8.0"/>
         </TextLine>
         <TextLine id="tl_98"
                   primaryLanguage="German"
                   custom="readingOrder {index:9;}">
            <Coords points="2213,627 2614,627 2614,665 2213,665"/>
            <Baseline points="2214,653 2430,657 2614,662"/>
            <TextEquiv>
               <Unicode>werbeordnung allein</Unicode>
            </TextEquiv>
            <TextStyle fontFamily="Times New Roman" fontSize="8.0"/>
         </TextLine>
         <TextLine id="tl_99"
                   primaryLanguage="German"
                   custom="readingOrder {index:10;}">
            <Coords points="2212,661 2613,661 2613,702 2212,702"/>
            <Baseline points="2211,687 2289,690 2413,692 2527,694 2613,692"/>
            <TextEquiv>
               <Unicode>wäre Ihnen nicht ge¬</Unicode>
            </TextEquiv>
            <TextStyle fontFamily="Times New Roman" fontSize="8.0"/>
         </TextLine>
         <TextLine id="tl_100"
                   primaryLanguage="German"
                   custom="readingOrder {index:11;}">
            <Coords points="2213,696 2612,696 2612,736 2213,736"/>
            <Baseline points="2213,725 2296,725 2434,728 2488,728 2530,730 2613,730"/>
            <TextEquiv>
               <Unicode>dient. Wichtig ist ja nur,</Unicode>
            </TextEquiv>
            <TextStyle fontFamily="Times New Roman" fontSize="8.0"/>
         </TextLine>
         <TextLine id="tl_101"
                   primaryLanguage="German"
                   custom="readingOrder {index:12;}">
            <Coords points="2213,732 2612,732 2612,772 2213,772"/>
            <Baseline points="2213,760 2266,759 2359,762 2612,767"/>
            <TextEquiv>
               <Unicode>wie die Bestimmungen</Unicode>
            </TextEquiv>
            <TextStyle fontFamily="Times New Roman" fontSize="8.0"/>
         </TextLine>
         <TextLine id="tl_102"
                   primaryLanguage="German"
                   custom="readingOrder {index:13;}">
            <Coords points="2212,769 2612,769 2612,804 2212,804"/>
            <Baseline points="2212,796 2265,796 2361,797 2612,801"/>
            <TextEquiv>
               <Unicode>von den Gewerbebehör¬</Unicode>
            </TextEquiv>
            <TextStyle fontFamily="Times New Roman" fontSize="8.0"/>
         </TextLine>
         <TextLine id="tl_103"
                   primaryLanguage="German"
                   custom="readingOrder {index:14;}">
            <Coords points="2211,802 2612,802 2612,841 2211,841"/>
            <Baseline points="2210,829 2266,830 2409,832 2445,836 2497,835 2612,837"/>
            <TextEquiv>
               <Unicode>den ausgelegt werden,</Unicode>
            </TextEquiv>
            <TextStyle fontFamily="Times New Roman" fontSize="8.0"/>
         </TextLine>
         <TextLine id="tl_104"
                   primaryLanguage="German"
                   custom="readingOrder {index:15;}">
            <Coords points="2211,841 2612,841 2612,876 2211,876"/>
            <Baseline points="2212,864 2249,865 2258,868 2421,868 2508,870 2611,873"/>
            <TextEquiv>
               <Unicode>und da hat sich eine</Unicode>
            </TextEquiv>
            <TextStyle fontFamily="Times New Roman" fontSize="8.0"/>
         </TextLine>
         <TextLine id="tl_105"
                   primaryLanguage="German"
                   custom="readingOrder {index:16;}">
            <Coords points="2210,872 2611,872 2611,911 2210,911"/>
            <Baseline points="2208,899 2316,900 2569,907 2611,907"/>
            <TextEquiv>
               <Unicode>Praxis ausgebildet, die</Unicode>
            </TextEquiv>
            <TextStyle fontFamily="Times New Roman" fontSize="8.0"/>
         </TextLine>
         <TextLine id="tl_106"
                   primaryLanguage="German"
                   custom="readingOrder {index:17;}">
            <Coords points="2210,907 2610,907 2610,949 2210,949"/>
            <Baseline points="2208,932 2390,938 2532,941 2542,944 2579,943 2608,944"/>
            <TextEquiv>
               <Unicode>hundertmal strenger ist,</Unicode>
            </TextEquiv>
            <TextStyle fontFamily="Times New Roman" fontSize="8.0"/>
         </TextLine>
         <TextLine id="tl_107"
                   primaryLanguage="German"
                   custom="readingOrder {index:18;}">
            <Coords points="2208,943 2611,943 2611,985 2208,985"/>
            <Baseline points="2208,970 2257,971 2330,973 2610,978"/>
            <TextEquiv>
               <Unicode>als die Gewerbeordnung</Unicode>
            </TextEquiv>
            <TextStyle fontFamily="Times New Roman" fontSize="8.0"/>
         </TextLine>
         <TextLine id="tl_108"
                   primaryLanguage="German"
                   custom="readingOrder {index:19;}">
            <Coords points="2210,977 2610,977 2610,1019 2210,1019"/>
            <Baseline points="2209,1003 2289,1006 2376,1008 2436,1010 2480,1011 2610,1011"/>
            <TextEquiv>
               <Unicode>selbst. — 2. Die Betref¬</Unicode>
            </TextEquiv>
            <TextStyle fontFamily="Times New Roman" fontSize="8.0"/>
         </TextLine>
         <TextLine id="tl_109"
                   primaryLanguage="German"
                   custom="readingOrder {index:20;}">
            <Coords points="2210,1013 2609,1013 2609,1054 2210,1054"/>
            <Baseline points="2208,1039 2308,1042 2430,1044 2526,1048 2609,1045"/>
            <TextEquiv>
               <Unicode>fenden waren nicht ver¬</Unicode>
            </TextEquiv>
            <TextStyle fontFamily="Times New Roman" fontSize="8.0"/>
         </TextLine>
         <TextLine id="tl_110"
                   primaryLanguage="German"
                   custom="readingOrder {index:21;}">
            <Coords points="2209,1049 2310,1049 2310,1077 2209,1077"/>
            <Baseline points="2208,1074 2310,1076"/>
            <TextEquiv>
               <Unicode>wandt.</Unicode>
            </TextEquiv>
            <TextStyle fontFamily="Times New Roman" fontSize="8.0"/>
         </TextLine>
         <TextEquiv>
            <Unicode>Bürgermeister, Her¬
mann B. Die Gewerbe¬
ordnung ist im Verlag
der Universitätsbuch¬
handlung Georg Sze¬
linski, 1. Bez., Tuch¬
lauben 21, erschienen.
Mit dem Wortlaut der
Bestimmungen der Ge¬
werbeordnung allein
wäre Ihnen nicht ge¬
dient. Wichtig ist ja nur,
wie die Bestimmungen
von den Gewerbebehör¬
den ausgelegt werden,
und da hat sich eine
Praxis ausgebildet, die
hundertmal strenger ist,
als die Gewerbeordnung
selbst. — 2. Die Betref¬
fenden waren nicht ver¬
wandt.</Unicode>
         </TextEquiv>
      </TextRegion>
      <TextRegion type="paragraph" id="r_11_3" custom="readingOrder {index:24;}">
         <Coords points="2185,1090 2610,1090 2610,3418 2185,3418"/>
         <TextLine id="tl_111"
                   primaryLanguage="German"
                   custom="readingOrder {index:0;}">
            <Coords points="2240,1091 2609,1091 2609,1132 2240,1132"/>
            <Baseline points="2240,1118 2434,1122 2609,1125"/>
            <TextEquiv>
               <Unicode>Streithansel. Liechten¬</Unicode>
            </TextEquiv>
            <TextStyle fontFamily="Times New Roman" fontSize="8.0"/>
         </TextLine>
         <TextLine id="tl_112"
                   primaryLanguage="German"
                   custom="readingOrder {index:1;}">
            <Coords points="2204,1127 2609,1127 2609,1167 2204,1167"/>
            <Baseline points="2204,1153 2300,1155 2509,1160 2609,1164"/>
            <TextEquiv>
               <Unicode>wörth, Nadelburg. Bei</Unicode>
            </TextEquiv>
            <TextStyle fontFamily="Times New Roman" fontSize="8.0"/>
         </TextLine>
         <TextLine id="tl_113"
                   primaryLanguage="German"
                   custom="readingOrder {index:2;}">
            <Coords points="2203,1163 2609,1163 2609,1203 2203,1203"/>
            <Baseline points="2203,1191 2321,1192 2404,1195 2513,1197 2609,1201"/>
            <TextEquiv>
               <Unicode>Semlin ist die Donau</Unicode>
            </TextEquiv>
            <TextStyle fontFamily="Times New Roman" fontSize="8.0"/>
         </TextLine>
         <TextLine id="tl_114"
                   primaryLanguage="German"
                   custom="readingOrder {index:3;}">
            <Coords points="2206,1201 2608,1201 2608,1238 2206,1238"/>
            <Baseline points="2206,1226 2281,1228 2406,1231 2506,1235 2609,1236"/>
            <TextEquiv>
               <Unicode>1560 Meter breit und</Unicode>
            </TextEquiv>
            <TextStyle fontFamily="Times New Roman" fontSize="8.0"/>
         </TextLine>
         <TextLine id="tl_115"
                   primaryLanguage="German"
                   custom="readingOrder {index:4;}">
            <Coords points="2205,1236 2607,1236 2607,1276 2205,1276"/>
            <Baseline points="2205,1262 2242,1263 2379,1267 2482,1270 2607,1274"/>
            <TextEquiv>
               <Unicode>14 Meter tief. Die</Unicode>
            </TextEquiv>
            <TextStyle fontFamily="Times New Roman" fontSize="8.0"/>
         </TextLine>
         <TextLine id="tl_116"
                   primaryLanguage="German"
                   custom="readingOrder {index:5;}">
            <Coords points="2201,1272 2607,1272 2607,1314 2201,1314"/>
            <Baseline points="2201,1299 2349,1302 2607,1308"/>
            <TextEquiv>
               <Unicode>äußersten Mündungs¬</Unicode>
            </TextEquiv>
            <TextStyle fontFamily="Times New Roman" fontSize="8.0"/>
         </TextLine>
         <TextLine id="tl_117"
                   primaryLanguage="German"
                   custom="readingOrder {index:6;}">
            <Coords points="2199,1313 2606,1313 2606,1351 2199,1351"/>
            <Baseline points="2199,1336 2279,1336 2360,1339 2484,1342 2605,1346"/>
            <TextEquiv>
               <Unicode>arme der Donau liegen</Unicode>
            </TextEquiv>
            <TextStyle fontFamily="Times New Roman" fontSize="8.0"/>
         </TextLine>
         <TextLine id="tl_118"
                   primaryLanguage="German"
                   custom="readingOrder {index:7;}">
            <Coords points="2199,1345 2604,1345 2604,1381 2199,1381"/>
            <Baseline points="2199,1371 2236,1372 2411,1377 2485,1380 2604,1380"/>
            <TextEquiv>
               <Unicode>89 Kilometer von einan¬</Unicode>
            </TextEquiv>
            <TextStyle fontFamily="Times New Roman" fontSize="8.0"/>
         </TextLine>
         <TextLine id="tl_119"
                   primaryLanguage="German"
                   custom="readingOrder {index:8;}">
            <Coords points="2200,1381 2604,1381 2604,1418 2200,1418"/>
            <Baseline points="2200,1407 2237,1409 2294,1409 2511,1414 2605,1416"/>
            <TextEquiv>
               <Unicode>der entfernt. Der linke</Unicode>
            </TextEquiv>
            <TextStyle fontFamily="Times New Roman" fontSize="8.0"/>
         </TextLine>
         <TextLine id="tl_120"
                   primaryLanguage="German"
                   custom="readingOrder {index:9;}">
            <Coords points="2205,1416 2606,1416 2606,1460 2205,1460"/>
            <Baseline points="2202,1442 2375,1447 2519,1451 2606,1452"/>
            <TextEquiv>
               <Unicode>(nördliche) Arm, mehr¬</Unicode>
            </TextEquiv>
            <TextStyle fontFamily="Times New Roman" fontSize="8.0"/>
         </TextLine>
         <TextLine id="tl_121"
                   primaryLanguage="German"
                   custom="readingOrder {index:10;}">
            <Coords points="2201,1452 2604,1452 2604,1495 2201,1495"/>
            <Baseline points="2200,1477 2248,1480 2484,1487 2511,1489 2604,1488"/>
            <TextEquiv>
               <Unicode>fach gespalten und see¬</Unicode>
            </TextEquiv>
            <TextStyle fontFamily="Times New Roman" fontSize="8.0"/>
         </TextLine>
         <TextLine id="tl_122"
                   primaryLanguage="German"
                   custom="readingOrder {index:11;}">
            <Coords points="2198,1491 2606,1491 2606,1531 2198,1531"/>
            <Baseline points="2198,1518 2238,1517 2438,1522 2516,1526 2605,1525"/>
            <TextEquiv>
               <Unicode>artig erweitert, geht über.</Unicode>
            </TextEquiv>
            <TextStyle fontFamily="Times New Roman" fontSize="8.0"/>
         </TextLine>
         <TextLine id="tl_123"
                   primaryLanguage="German"
                   custom="readingOrder {index:12;}">
            <Coords points="2200,1527 2604,1527 2604,1567 2200,1567"/>
            <Baseline points="2198,1556 2283,1556 2398,1559 2492,1560 2606,1562"/>
            <TextEquiv>
               <Unicode>Ismail nach 101 Kilo¬</Unicode>
            </TextEquiv>
            <TextStyle fontFamily="Times New Roman" fontSize="8.0"/>
         </TextLine>
         <TextLine id="tl_124"
                   primaryLanguage="German"
                   custom="readingOrder {index:13;}">
            <Coords points="2199,1565 2603,1565 2603,1605 2199,1605"/>
            <Baseline points="2200,1590 2293,1591 2422,1595 2533,1596 2603,1597"/>
            <TextEquiv>
               <Unicode>meter langem Laufe als</Unicode>
            </TextEquiv>
            <TextStyle fontFamily="Times New Roman" fontSize="8.0"/>
         </TextLine>
         <TextLine id="tl_125"
                   primaryLanguage="German"
                   custom="readingOrder {index:14;}">
            <Coords points="2198,1598 2605,1598 2605,1640 2198,1640"/>
            <Baseline points="2198,1626 2415,1632 2499,1634 2605,1634"/>
            <TextEquiv>
               <Unicode>Kiliamündung mit sieben</Unicode>
            </TextEquiv>
            <TextStyle fontFamily="Times New Roman" fontSize="8.0"/>
         </TextLine>
         <TextLine id="tl_126"
                   primaryLanguage="German"
                   custom="readingOrder {index:15;}">
            <Coords points="2199,1636 2607,1636 2607,1677 2199,1677"/>
            <Baseline points="2199,1662 2304,1665 2370,1668 2476,1667 2556,1673 2607,1673"/>
            <TextEquiv>
               <Unicode>Armen ins Meer, dem er</Unicode>
            </TextEquiv>
            <TextStyle fontFamily="Times New Roman" fontSize="8.0"/>
         </TextLine>
         <TextLine id="tl_127"
                   primaryLanguage="German"
                   custom="readingOrder {index:16;}">
            <Coords points="2201,1673 2605,1673 2605,1713 2201,1713"/>
            <Baseline points="2201,1699 2238,1700 2390,1703 2465,1705 2605,1707"/>
            <TextEquiv>
               <Unicode>63 Prozent der ganzen</Unicode>
            </TextEquiv>
            <TextStyle fontFamily="Times New Roman" fontSize="8.0"/>
         </TextLine>
         <TextLine id="tl_128"
                   primaryLanguage="German"
                   custom="readingOrder {index:17;}">
            <Coords points="2198,1709 2604,1709 2604,1750 2198,1750"/>
            <Baseline points="2198,1737 2484,1742 2605,1743"/>
            <TextEquiv>
               <Unicode>Donauwassermasse zu¬</Unicode>
            </TextEquiv>
            <TextStyle fontFamily="Times New Roman" fontSize="8.0"/>
         </TextLine>
         <TextLine id="tl_129"
                   primaryLanguage="German"
                   custom="readingOrder {index:18;}">
            <Coords points="2200,1746 2604,1746 2604,1786 2200,1786"/>
            <Baseline points="2199,1773 2285,1774 2466,1777 2604,1779"/>
            <TextEquiv>
               <Unicode>führt. Trotzdem erreicht</Unicode>
            </TextEquiv>
            <TextStyle fontFamily="Times New Roman" fontSize="8.0"/>
         </TextLine>
         <TextLine id="tl_130"
                   primaryLanguage="German"
                   custom="readingOrder {index:19;}">
            <Coords points="2198,1781 2604,1781 2604,1822 2198,1822"/>
            <Baseline points="2197,1809 2271,1810 2371,1812 2432,1815 2521,1816 2604,1817"/>
            <TextEquiv>
               <Unicode>seine Tiefe oft nicht drei</Unicode>
            </TextEquiv>
            <TextStyle fontFamily="Times New Roman" fontSize="8.0"/>
         </TextLine>
         <TextLine id="tl_131"
                   primaryLanguage="German"
                   custom="readingOrder {index:20;}">
            <Coords points="2200,1818 2603,1818 2603,1857 2200,1857"/>
            <Baseline points="2200,1846 2284,1846 2378,1848 2430,1848 2604,1850"/>
            <TextEquiv>
               <Unicode>Meter und vor seiner</Unicode>
            </TextEquiv>
            <TextStyle fontFamily="Times New Roman" fontSize="8.0"/>
         </TextLine>
         <TextLine id="tl_132"
                   primaryLanguage="German"
                   custom="readingOrder {index:21;}">
            <Coords points="2198,1855 2604,1855 2604,1899 2198,1899"/>
            <Baseline points="2198,1883 2343,1882 2445,1886 2520,1885 2602,1887"/>
            <TextEquiv>
               <Unicode>Mündung zieht sich vier</Unicode>
            </TextEquiv>
            <TextStyle fontFamily="Times New Roman" fontSize="8.0"/>
         </TextLine>
         <TextLine id="tl_133"
                   primaryLanguage="German"
                   custom="readingOrder {index:22;}">
            <Coords points="2197,1891 2603,1891 2603,1925 2197,1925"/>
            <Baseline points="2197,1921 2352,1921 2438,1922 2522,1923 2603,1925"/>
            <TextEquiv>
               <Unicode>Kilometer weit eine Un¬</Unicode>
            </TextEquiv>
            <TextStyle fontFamily="Times New Roman" fontSize="8.0"/>
         </TextLine>
         <TextLine id="tl_134"
                   primaryLanguage="German"
                   custom="readingOrder {index:23;}">
            <Coords points="2198,1927 2602,1927 2602,1963 2198,1963"/>
            <Baseline points="2198,1954 2264,1956 2336,1958 2431,1958 2484,1958 2602,1960"/>
            <TextEquiv>
               <Unicode>tiefe mit nur 1 Meter</Unicode>
            </TextEquiv>
            <TextStyle fontFamily="Times New Roman" fontSize="8.0"/>
         </TextLine>
         <TextLine id="tl_135"
                   primaryLanguage="German"
                   custom="readingOrder {index:24;}">
            <Coords points="2198,1964 2603,1964 2603,2003 2198,2003"/>
            <Baseline points="2198,1992 2311,1993 2398,1995 2507,1996 2603,1996"/>
            <TextEquiv>
               <Unicode>Wasser. Der rechte Arm</Unicode>
            </TextEquiv>
            <TextStyle fontFamily="Times New Roman" fontSize="8.0"/>
         </TextLine>
         <TextLine id="tl_136"
                   primaryLanguage="German"
                   custom="readingOrder {index:25;}">
            <Coords points="2197,1999 2605,1999 2605,2037 2197,2037"/>
            <Baseline points="2198,2027 2229,2025 2252,2030 2507,2030 2604,2031"/>
            <TextEquiv>
               <Unicode>teilt sich unterhalb Tul¬</Unicode>
            </TextEquiv>
            <TextStyle fontFamily="Times New Roman" fontSize="8.0"/>
         </TextLine>
         <TextLine id="tl_137"
                   primaryLanguage="German"
                   custom="readingOrder {index:26;}">
            <Coords points="2195,2036 2604,2036 2604,2074 2195,2074"/>
            <Baseline points="2195,2062 2240,2067 2294,2064 2371,2064 2604,2068"/>
            <TextEquiv>
               <Unicode>cea in den (mittleren)</Unicode>
            </TextEquiv>
            <TextStyle fontFamily="Times New Roman" fontSize="8.0"/>
         </TextLine>
         <TextLine id="tl_138"
                   primaryLanguage="German"
                   custom="readingOrder {index:27;}">
            <Coords points="2196,2066 2605,2066 2605,2111 2196,2111"/>
            <Baseline points="2196,2100 2320,2099 2401,2103 2473,2104 2605,2105"/>
            <TextEquiv>
               <Unicode>Sulina= und den (südl.)</Unicode>
            </TextEquiv>
            <TextStyle fontFamily="Times New Roman" fontSize="8.0"/>
         </TextLine>
         <TextLine id="tl_139"
                   primaryLanguage="German"
                   custom="readingOrder {index:28;}">
            <Coords points="2194,2108 2604,2108 2604,2147 2194,2147"/>
            <Baseline points="2193,2136 2231,2135 2446,2138 2606,2141"/>
            <TextEquiv>
               <Unicode>St. Georgsarm. Ersterer,</Unicode>
            </TextEquiv>
            <TextStyle fontFamily="Times New Roman" fontSize="8.0"/>
         </TextLine>
         <TextLine id="tl_140"
                   primaryLanguage="German"
                   custom="readingOrder {index:29;}">
            <Coords points="2196,2145 2600,2145 2600,2183 2196,2183"/>
            <Baseline points="2196,2173 2249,2172 2328,2175 2425,2173 2602,2176"/>
            <TextEquiv>
               <Unicode>von der zweiten Gabe¬</Unicode>
            </TextEquiv>
            <TextStyle fontFamily="Times New Roman" fontSize="8.0"/>
         </TextLine>
         <TextLine id="tl_141"
                   primaryLanguage="German"
                   custom="readingOrder {index:30;}">
            <Coords points="2198,2181 2606,2181 2606,2221 2198,2221"/>
            <Baseline points="2198,2209 2264,2208 2330,2211 2435,2212 2495,2212 2606,2212"/>
            <TextEquiv>
               <Unicode>lung an noch 90 Kilo¬</Unicode>
            </TextEquiv>
            <TextStyle fontFamily="Times New Roman" fontSize="8.0"/>
         </TextLine>
         <TextLine id="tl_142"
                   primaryLanguage="German"
                   custom="readingOrder {index:31;}">
            <Coords points="2198,2220 2606,2220 2606,2258 2198,2258"/>
            <Baseline points="2198,2247 2286,2247 2390,2247 2510,2250 2606,2249"/>
            <TextEquiv>
               <Unicode>meter lang, fließt fast</Unicode>
            </TextEquiv>
            <TextStyle fontFamily="Times New Roman" fontSize="8.0"/>
         </TextLine>
         <TextLine id="tl_143"
                   primaryLanguage="German"
                   custom="readingOrder {index:32;}">
            <Coords points="2197,2255 2607,2255 2607,2294 2197,2294"/>
            <Baseline points="2194,2281 2289,2284 2408,2286 2492,2286 2608,2287"/>
            <TextEquiv>
               <Unicode>genau östlich, und war,</Unicode>
            </TextEquiv>
            <TextStyle fontFamily="Times New Roman" fontSize="8.0"/>
         </TextLine>
         <TextLine id="tl_144"
                   primaryLanguage="German"
                   custom="readingOrder {index:33;}">
            <Coords points="2198,2291 2604,2291 2604,2329 2198,2329"/>
            <Baseline points="2198,2320 2297,2321 2363,2321 2436,2321 2507,2322 2605,2322"/>
            <TextEquiv>
               <Unicode>obgleich er nur 7,4 Pro¬</Unicode>
            </TextEquiv>
            <TextStyle fontFamily="Times New Roman" fontSize="8.0"/>
         </TextLine>
         <TextLine id="tl_145"
                   primaryLanguage="German"
                   custom="readingOrder {index:34;}">
            <Coords points="2197,2321 2605,2321 2605,2372 2197,2372"/>
            <Baseline points="2196,2355 2259,2357 2333,2359 2458,2359 2607,2361"/>
            <TextEquiv>
               <Unicode>zent der ganzen Wasser¬</Unicode>
            </TextEquiv>
            <TextStyle fontFamily="Times New Roman" fontSize="8.0"/>
         </TextLine>
         <TextLine id="tl_146"
                   primaryLanguage="German"
                   custom="readingOrder {index:35;}">
            <Coords points="2197,2366 2603,2366 2603,2404 2197,2404"/>
            <Baseline points="2197,2391 2294,2393 2423,2395 2506,2397 2603,2398"/>
            <TextEquiv>
               <Unicode>menge führt, bis zur</Unicode>
            </TextEquiv>
            <TextStyle fontFamily="Times New Roman" fontSize="8.0"/>
         </TextLine>
         <TextLine id="tl_147"
                   primaryLanguage="German"
                   custom="readingOrder {index:36;}">
            <Coords points="2197,2401 2601,2401 2601,2440 2197,2440"/>
            <Baseline points="2197,2429 2469,2431 2601,2433"/>
            <TextEquiv>
               <Unicode>Schiffbarmachung des</Unicode>
            </TextEquiv>
            <TextStyle fontFamily="Times New Roman" fontSize="8.0"/>
         </TextLine>
         <TextLine id="tl_148"
                   primaryLanguage="German"
                   custom="readingOrder {index:37;}">
            <Coords points="2195,2432 2603,2432 2603,2471 2195,2471"/>
            <Baseline points="2196,2466 2389,2468 2499,2467 2603,2470"/>
            <TextEquiv>
               <Unicode>Kilia=Armes Ende 1900</Unicode>
            </TextEquiv>
            <TextStyle fontFamily="Times New Roman" fontSize="8.0"/>
         </TextLine>
         <TextLine id="tl_149"
                   primaryLanguage="German"
                   custom="readingOrder {index:38;}">
            <Coords points="2194,2473 2602,2473 2602,2512 2194,2512"/>
            <Baseline points="2195,2502 2241,2501 2408,2503 2603,2506"/>
            <TextEquiv>
               <Unicode>der einzige durchweg</Unicode>
            </TextEquiv>
            <TextStyle fontFamily="Times New Roman" fontSize="8.0"/>
         </TextLine>
         <TextLine id="tl_150"
                   primaryLanguage="German"
                   custom="readingOrder {index:39;}">
            <Coords points="2194,2509 2602,2509 2602,2550 2194,2550"/>
            <Baseline points="2192,2537 2341,2539 2514,2542 2602,2540"/>
            <TextEquiv>
               <Unicode>schiffbare, 100—130 Me¬</Unicode>
            </TextEquiv>
            <TextStyle fontFamily="Times New Roman" fontSize="8.0"/>
         </TextLine>
         <TextLine id="tl_151"
                   primaryLanguage="German"
                   custom="readingOrder {index:40;}">
            <Coords points="2196,2547 2599,2547 2599,2578 2196,2578"/>
            <Baseline points="2196,2576 2239,2575 2365,2576 2465,2577 2599,2577"/>
            <TextEquiv>
               <Unicode>ter breite Arm. Seine</Unicode>
            </TextEquiv>
            <TextStyle fontFamily="Times New Roman" fontSize="8.0"/>
         </TextLine>
         <TextLine id="tl_152"
                   primaryLanguage="German"
                   custom="readingOrder {index:41;}">
            <Coords points="2194,2582 2602,2582 2602,2621 2194,2621"/>
            <Baseline points="2194,2612 2274,2612 2388,2613 2471,2615 2540,2615 2602,2616"/>
            <TextEquiv>
               <Unicode>Tiefe steigt bis zu 16.</Unicode>
            </TextEquiv>
            <TextStyle fontFamily="Times New Roman" fontSize="8.0"/>
         </TextLine>
         <TextLine id="tl_153"
                   primaryLanguage="German"
                   custom="readingOrder {index:42;}">
            <Coords points="2194,2620 2600,2620 2600,2657 2194,2657"/>
            <Baseline points="2193,2647 2269,2646 2381,2648 2481,2648 2600,2650"/>
            <TextEquiv>
               <Unicode>Meter, auf einer Barre</Unicode>
            </TextEquiv>
            <TextStyle fontFamily="Times New Roman" fontSize="8.0"/>
         </TextLine>
         <TextLine id="tl_154"
                   primaryLanguage="German"
                   custom="readingOrder {index:43;}">
            <Coords points="2194,2656 2600,2656 2600,2691 2194,2691"/>
            <Baseline points="2191,2682 2233,2686 2291,2685 2335,2685 2404,2685 2504,2687 2603,2690"/>
            <TextEquiv>
               <Unicode>hat er nur 5 Meter und</Unicode>
            </TextEquiv>
            <TextStyle fontFamily="Times New Roman" fontSize="8.0"/>
         </TextLine>
         <TextLine id="tl_155"
                   primaryLanguage="German"
                   custom="readingOrder {index:44;}">
            <Coords points="2194,2694 2596,2694 2596,2730 2194,2730"/>
            <Baseline points="2194,2720 2245,2720 2318,2722 2478,2723 2596,2724"/>
            <TextEquiv>
               <Unicode>vor der Mündung liegt</Unicode>
            </TextEquiv>
            <TextStyle fontFamily="Times New Roman" fontSize="8.0"/>
         </TextLine>
         <TextLine id="tl_156"
                   primaryLanguage="German"
                   custom="readingOrder {index:45;}">
            <Coords points="2192,2727 2597,2727 2597,2762 2192,2762"/>
            <Baseline points="2192,2754 2336,2757 2437,2758 2597,2760"/>
            <TextEquiv>
               <Unicode>ebenfalls eine bedeutende</Unicode>
            </TextEquiv>
            <TextStyle fontFamily="Times New Roman" fontSize="8.0"/>
         </TextLine>
         <TextLine id="tl_157"
                   primaryLanguage="German"
                   custom="readingOrder {index:46;}">
            <Coords points="2193,2765 2595,2765 2595,2802 2193,2802"/>
            <Baseline points="2193,2793 2272,2792 2407,2795 2517,2794 2595,2796"/>
            <TextEquiv>
               <Unicode>Barre. Durch einen im</Unicode>
            </TextEquiv>
            <TextStyle fontFamily="Times New Roman" fontSize="8.0"/>
         </TextLine>
         <TextLine id="tl_158"
                   primaryLanguage="German"
                   custom="readingOrder {index:47;}">
            <Coords points="2193,2801 2595,2801 2595,2834 2193,2834"/>
            <Baseline points="2192,2828 2259,2828 2544,2829 2596,2834"/>
            <TextEquiv>
               <Unicode>Mai 1894 vollendeten</Unicode>
            </TextEquiv>
            <TextStyle fontFamily="Times New Roman" fontSize="8.0"/>
         </TextLine>
         <TextLine id="tl_159"
                   primaryLanguage="German"
                   custom="readingOrder {index:48;}">
            <Coords points="2191,2837 2595,2837 2595,2874 2191,2874"/>
            <Baseline points="2191,2865 2380,2866 2485,2866 2595,2868"/>
            <TextEquiv>
               <Unicode>Durchschnitt wurde eine</Unicode>
            </TextEquiv>
            <TextStyle fontFamily="Times New Roman" fontSize="8.0"/>
         </TextLine>
         <TextLine id="tl_160"
                   primaryLanguage="German"
                   custom="readingOrder {index:49;}">
            <Coords points="2191,2872 2595,2872 2595,2912 2191,2912"/>
            <Baseline points="2190,2902 2275,2903 2448,2903 2597,2904"/>
            <TextEquiv>
               <Unicode>sichere Einfahrt geschaf¬</Unicode>
            </TextEquiv>
            <TextStyle fontFamily="Times New Roman" fontSize="8.0"/>
         </TextLine>
         <TextLine id="tl_161"
                   primaryLanguage="German"
                   custom="readingOrder {index:50;}">
            <Coords points="2192,2909 2595,2909 2595,2945 2192,2945"/>
            <Baseline points="2192,2936 2252,2938 2349,2938 2466,2939 2596,2940"/>
            <TextEquiv>
               <Unicode>fen. Der dritte, 6—11</Unicode>
            </TextEquiv>
            <TextStyle fontFamily="Times New Roman" fontSize="8.0"/>
         </TextLine>
         <TextLine id="tl_162"
                   primaryLanguage="German"
                   custom="readingOrder {index:51;}">
            <Coords points="2191,2946 2596,2946 2596,2984 2191,2984"/>
            <Baseline points="2191,2973 2283,2973 2352,2975 2448,2978 2596,2976"/>
            <TextEquiv>
               <Unicode>Meter tiefe St. Georgs¬</Unicode>
            </TextEquiv>
            <TextStyle fontFamily="Times New Roman" fontSize="8.0"/>
         </TextLine>
         <TextLine id="tl_163"
                   primaryLanguage="German"
                   custom="readingOrder {index:52;}">
            <Coords points="2190,2982 2595,2982 2595,3021 2190,3021"/>
            <Baseline points="2190,3010 2254,3012 2377,3011 2589,3013"/>
            <TextEquiv>
               <Unicode>arm (türk. Khidr=illis)</Unicode>
            </TextEquiv>
            <TextStyle fontFamily="Times New Roman" fontSize="8.0"/>
         </TextLine>
         <TextLine id="tl_164"
                   primaryLanguage="German"
                   custom="readingOrder {index:53;}">
            <Coords points="2191,3020 2594,3020 2594,3059 2191,3059"/>
            <Baseline points="2191,3046 2226,3048 2297,3048 2369,3049 2435,3049 2594,3049"/>
            <TextEquiv>
               <Unicode>ist von der ersten Gabe¬</Unicode>
            </TextEquiv>
            <TextStyle fontFamily="Times New Roman" fontSize="8.0"/>
         </TextLine>
         <TextLine id="tl_165"
                   primaryLanguage="German"
                   custom="readingOrder {index:54;}">
            <Coords points="2193,3055 2592,3055 2592,3094 2193,3094"/>
            <Baseline points="2193,3083 2264,3083 2315,3086 2407,3085 2505,3086 2592,3087"/>
            <TextEquiv>
               <Unicode>lung an 125, von der</Unicode>
            </TextEquiv>
            <TextStyle fontFamily="Times New Roman" fontSize="8.0"/>
         </TextLine>
         <TextLine id="tl_166"
                   primaryLanguage="German"
                   custom="readingOrder {index:55;}">
            <Coords points="2191,3094 2591,3094 2591,3128 2191,3128"/>
            <Baseline points="2191,3120 2305,3121 2410,3123 2591,3122"/>
            <TextEquiv>
               <Unicode>zweiten 110 Kilometer</Unicode>
            </TextEquiv>
            <TextStyle fontFamily="Times New Roman" fontSize="8.0"/>
         </TextLine>
         <TextLine id="tl_167"
                   primaryLanguage="German"
                   custom="readingOrder {index:56;}">
            <Coords points="2192,3128 2589,3128 2589,3166 2192,3166"/>
            <Baseline points="2192,3156 2271,3157 2339,3159 2428,3161 2491,3159 2589,3159"/>
            <TextEquiv>
               <Unicode>lang, hat aber auf der</Unicode>
            </TextEquiv>
            <TextStyle fontFamily="Times New Roman" fontSize="8.0"/>
         </TextLine>
         <TextLine id="tl_168"
                   primaryLanguage="German"
                   custom="readingOrder {index:57;}">
            <Coords points="2191,3164 2590,3164 2590,3203 2191,3203"/>
            <Baseline points="2191,3193 2263,3195 2438,3193 2591,3194"/>
            <TextEquiv>
               <Unicode>seine Mündung sperren¬</Unicode>
            </TextEquiv>
            <TextStyle fontFamily="Times New Roman" fontSize="8.0"/>
         </TextLine>
         <TextLine id="tl_169"
                   primaryLanguage="German"
                   custom="readingOrder {index:58;}">
            <Coords points="2189,3201 2591,3201 2591,3239 2189,3239"/>
            <Baseline points="2189,3232 2241,3231 2349,3231 2434,3231 2528,3231 2591,3232"/>
            <TextEquiv>
               <Unicode>den Barre nicht mehr als</Unicode>
            </TextEquiv>
            <TextStyle fontFamily="Times New Roman" fontSize="8.0"/>
         </TextLine>
         <TextLine id="tl_170"
                   primaryLanguage="German"
                   custom="readingOrder {index:59;}">
            <Coords points="2192,3239 2591,3239 2591,3277 2192,3277"/>
            <Baseline points="2192,3266 2237,3267 2355,3268 2489,3268 2590,3269"/>
            <TextEquiv>
               <Unicode>1,5 Meter Wasser. Die</Unicode>
            </TextEquiv>
            <TextStyle fontFamily="Times New Roman" fontSize="8.0"/>
         </TextLine>
         <TextLine id="tl_171"
                   primaryLanguage="German"
                   custom="readingOrder {index:60;}">
            <Coords points="2186,3273 2591,3273 2591,3311 2186,3311"/>
            <Baseline points="2186,3304 2289,3304 2384,3303 2591,3306"/>
            <TextEquiv>
               <Unicode>Donau führt durchschnitt¬</Unicode>
            </TextEquiv>
            <TextStyle fontFamily="Times New Roman" fontSize="8.0"/>
         </TextLine>
         <TextLine id="tl_172"
                   primaryLanguage="German"
                   custom="readingOrder {index:61;}">
            <Coords points="2187,3311 2591,3311 2591,3347 2187,3347"/>
            <Baseline points="2187,3339 2234,3338 2392,3340 2589,3340"/>
            <TextEquiv>
               <Unicode>lich 35,219 Millionen</Unicode>
            </TextEquiv>
            <TextStyle fontFamily="Times New Roman" fontSize="8.0"/>
         </TextLine>
         <TextLine id="tl_173"
                   primaryLanguage="German"
                   custom="readingOrder {index:62;}">
            <Coords points="2186,3346 2589,3346 2589,3385 2186,3385"/>
            <Baseline points="2186,3377 2359,3377 2471,3377 2589,3379"/>
            <TextEquiv>
               <Unicode>Kubikmeter Wasser per</Unicode>
            </TextEquiv>
         </TextLine>
         <TextLine id="tl_174"
                   primaryLanguage="German"
                   custom="readingOrder {index:63;}">
            <Coords points="2187,3384 2568,3385 2568,3418 2187,3417"/>
            <Baseline points="2187,3413 2303,3413 2413,3414 2568,3417"/>
            <TextEquiv>
               <Unicode>Stunde dem Meere zu.</Unicode>
            </TextEquiv>
            <TextStyle fontFamily="Times New Roman" fontSize="8.0"/>
         </TextLine>
         <TextEquiv>
            <Unicode>Streithansel. Liechten¬
wörth, Nadelburg. Bei
Semlin ist die Donau
1560 Meter breit und
14 Meter tief. Die
äußersten Mündungs¬
arme der Donau liegen
89 Kilometer von einan¬
der entfernt. Der linke
(nördliche) Arm, mehr¬
fach gespalten und see¬
artig erweitert, geht über.
Ismail nach 101 Kilo¬
meter langem Laufe als
Kiliamündung mit sieben
Armen ins Meer, dem er
63 Prozent der ganzen
Donauwassermasse zu¬
führt. Trotzdem erreicht
seine Tiefe oft nicht drei
Meter und vor seiner
Mündung zieht sich vier
Kilometer weit eine Un¬
tiefe mit nur 1 Meter
Wasser. Der rechte Arm
teilt sich unterhalb Tul¬
cea in den (mittleren)
Sulina= und den (südl.)
St. Georgsarm. Ersterer,
von der zweiten Gabe¬
lung an noch 90 Kilo¬
meter lang, fließt fast
genau östlich, und war,
obgleich er nur 7,4 Pro¬
zent der ganzen Wasser¬
menge führt, bis zur
Schiffbarmachung des
Kilia=Armes Ende 1900
der einzige durchweg
schiffbare, 100—130 Me¬
ter breite Arm. Seine
Tiefe steigt bis zu 16.
Meter, auf einer Barre
hat er nur 5 Meter und
vor der Mündung liegt
ebenfalls eine bedeutende
Barre. Durch einen im
Mai 1894 vollendeten
Durchschnitt wurde eine
sichere Einfahrt geschaf¬
fen. Der dritte, 6—11
Meter tiefe St. Georgs¬
arm (türk. Khidr=illis)
ist von der ersten Gabe¬
lung an 125, von der
zweiten 110 Kilometer
lang, hat aber auf der
seine Mündung sperren¬
den Barre nicht mehr als
1,5 Meter Wasser. Die
Donau führt durchschnitt¬
lich 35,219 Millionen
Kubikmeter Wasser per
Stunde dem Meere zu.</Unicode>
         </TextEquiv>
      </TextRegion>
      <SeparatorRegion id="r_12" custom="readingOrder {index:25;}">
         <Coords points="1528,0 1772,0 1772,5 1528,5"/>
      </SeparatorRegion>
      <SeparatorRegion id="r_13" custom="readingOrder {index:26;}">
         <Coords points="914,0 1528,0 1528,16 914,16"/>
      </SeparatorRegion>
      <SeparatorRegion id="r_14" custom="readingOrder {index:27;}">
         <Coords points="1324,4 2743,4 2743,15 1324,15"/>
      </SeparatorRegion>
      <SeparatorRegion id="r_15" custom="readingOrder {index:28;}">
         <Coords points="1,0 914,0 914,21 1,21"/>
      </SeparatorRegion>
      <SeparatorRegion id="r_16" custom="readingOrder {index:29;}">
         <Coords points="104,259 2168,259 2168,277 104,277"/>
      </SeparatorRegion>
      <SeparatorRegion id="r_17" custom="readingOrder {index:30;}">
         <Coords points="113,391 731,391 731,406 113,406"/>
      </SeparatorRegion>
      <SeparatorRegion id="r_18" custom="readingOrder {index:31;}">
         <Coords points="754,393 1675,393 1675,409 754,409"/>
      </SeparatorRegion>
      <SeparatorRegion id="r_19" custom="readingOrder {index:32;}">
         <Coords points="852,626 982,626 982,634 852,634"/>
      </SeparatorRegion>
      <SeparatorRegion id="r_20" custom="readingOrder {index:33;}">
         <Coords points="490,754 582,754 582,760 490,760"/>
      </SeparatorRegion>
      <SeparatorRegion id="r_21" custom="readingOrder {index:34;}">
         <Coords points="632,758 759,758 759,763 632,763"/>
      </SeparatorRegion>
      <SeparatorRegion id="r_22" custom="readingOrder {index:35;}">
         <Coords points="1555,979 1833,979 1833,992 1555,992"/>
      </SeparatorRegion>
      <SeparatorRegion id="r_23" custom="readingOrder {index:36;}">
         <Coords points="1388,985 1688,985 1688,999 1388,999"/>
      </SeparatorRegion>
      <SeparatorRegion id="r_24" custom="readingOrder {index:37;}">
         <Coords points="1688,997 1820,997 1820,1007 1688,1007"/>
      </SeparatorRegion>
      <SeparatorRegion id="r_25" custom="readingOrder {index:38;}">
         <Coords points="1367,1064 1622,1064 1622,1079 1367,1079"/>
      </SeparatorRegion>
      <SeparatorRegion id="r_26" custom="readingOrder {index:39;}">
         <Coords points="1550,1078 1751,1078 1751,1092 1550,1092"/>
      </SeparatorRegion>
      <SeparatorRegion id="r_27" custom="readingOrder {index:40;}">
         <Coords points="1306,1441 1544,1441 1544,1454 1306,1454"/>
      </SeparatorRegion>
      <SeparatorRegion id="r_28" custom="readingOrder {index:41;}">
         <Coords points="1992,1527 2125,1527 2125,1535 1992,1535"/>
      </SeparatorRegion>
      <SeparatorRegion id="r_29" custom="readingOrder {index:42;}">
         <Coords points="1487,1604 1603,1604 1603,1612 1487,1612"/>
      </SeparatorRegion>
      <SeparatorRegion id="r_30" custom="readingOrder {index:43;}">
         <Coords points="116,1627 2123,1627 2123,1646 116,1646"/>
      </SeparatorRegion>
      <SeparatorRegion id="r_31" custom="readingOrder {index:44;}">
         <Coords points="1505,1838 1792,1838 1792,1844 1505,1844"/>
      </SeparatorRegion>
      <SeparatorRegion id="r_32" custom="readingOrder {index:45;}">
         <Coords points="91,1864 2152,1864 2152,1889 91,1889"/>
      </SeparatorRegion>
      <SeparatorRegion id="r_33" custom="readingOrder {index:46;}">
         <Coords points="93,1879 2152,1879 2152,1898 93,1898"/>
      </SeparatorRegion>
      <SeparatorRegion id="r_34" custom="readingOrder {index:47;}">
         <Coords points="1501,2003 1810,2003 1810,2010 1501,2010"/>
      </SeparatorRegion>
      <SeparatorRegion id="r_35" custom="readingOrder {index:48;}">
         <Coords points="1287,612 1363,612 1363,618 1287,618"/>
      </SeparatorRegion>
      <SeparatorRegion id="r_36" custom="readingOrder {index:49;}">
         <Coords points="1403,1154 1469,1154 1469,1160 1403,1160"/>
      </SeparatorRegion>
      <SeparatorRegion id="r_37" custom="readingOrder {index:50;}">
         <Coords points="1196,1228 1257,1228 1257,1234 1196,1234"/>
      </SeparatorRegion>
      <SeparatorRegion id="r_38" custom="readingOrder {index:51;}">
         <Coords points="186,1229 304,1229 304,1238 186,1238"/>
      </SeparatorRegion>
      <SeparatorRegion id="r_39" custom="readingOrder {index:52;}">
         <Coords points="113,1238 181,1238 181,1243 113,1243"/>
      </SeparatorRegion>
      <SeparatorRegion id="r_40" custom="readingOrder {index:53;}">
         <Coords points="1,0 8,0 8,164 1,164"/>
      </SeparatorRegion>
      <SeparatorRegion id="r_41" custom="readingOrder {index:54;}">
         <Coords points="1,198 13,198 13,573 1,573"/>
      </SeparatorRegion>
      <SeparatorRegion id="r_42" custom="readingOrder {index:55;}">
         <Coords points="0,600 4,600 4,712 0,712"/>
      </SeparatorRegion>
      <SeparatorRegion id="r_43" custom="readingOrder {index:56;}">
         <Coords points="0,724 9,724 9,1752 0,1752"/>
      </SeparatorRegion>
      <SeparatorRegion id="r_44" custom="readingOrder {index:57;}">
         <Coords points="0,1797 13,1797 13,3254 0,3254"/>
      </SeparatorRegion>
      <SeparatorRegion id="r_45" custom="readingOrder {index:58;}">
         <Coords points="4,3368 12,3368 12,3575 4,3575"/>
      </SeparatorRegion>
      <SeparatorRegion id="r_46" custom="readingOrder {index:59;}">
         <Coords points="108,640 128,640 128,1318 108,1318"/>
      </SeparatorRegion>
      <SeparatorRegion id="r_47" custom="readingOrder {index:60;}">
         <Coords points="113,1318 124,1318 124,1637 113,1637"/>
      </SeparatorRegion>
      <SeparatorRegion id="r_48" custom="readingOrder {index:61;}">
         <Coords points="126,1076 131,1076 131,1228 126,1228"/>
      </SeparatorRegion>
      <SeparatorRegion id="r_49" custom="readingOrder {index:62;}">
         <Coords points="130,902 136,902 136,1050 130,1050"/>
      </SeparatorRegion>
      <SeparatorRegion id="r_50" custom="readingOrder {index:63;}">
         <Coords points="138,905 145,905 145,1222 138,1222"/>
      </SeparatorRegion>
      <SeparatorRegion id="r_51" custom="readingOrder {index:64;}">
         <Coords points="142,717 150,717 150,880 142,880"/>
      </SeparatorRegion>
      <SeparatorRegion id="r_52" custom="readingOrder {index:65;}">
         <Coords points="147,891 156,891 156,1228 147,1228"/>
      </SeparatorRegion>
      <SeparatorRegion id="r_53" custom="readingOrder {index:66;}">
         <Coords points="154,1073 161,1073 161,1242 154,1242"/>
      </SeparatorRegion>
      <SeparatorRegion id="r_54" custom="readingOrder {index:67;}">
         <Coords points="160,475 167,475 167,645 160,645"/>
      </SeparatorRegion>
      <SeparatorRegion id="r_55" custom="readingOrder {index:68;}">
         <Coords points="162,724 171,724 171,848 162,848"/>
      </SeparatorRegion>
      <SeparatorRegion id="r_56" custom="readingOrder {index:69;}">
         <Coords points="162,871 171,871 171,1039 162,1039"/>
      </SeparatorRegion>
      <SeparatorRegion id="r_57" custom="readingOrder {index:70;}">
         <Coords points="167,481 176,481 176,645 167,645"/>
      </SeparatorRegion>
      <SeparatorRegion id="r_58" custom="readingOrder {index:71;}">
         <Coords points="165,1061 171,1061 171,1242 165,1242"/>
      </SeparatorRegion>
      <SeparatorRegion id="r_59" custom="readingOrder {index:72;}">
         <Coords points="175,476 182,476 182,631 175,631"/>
      </SeparatorRegion>
      <SeparatorRegion id="r_60" custom="readingOrder {index:73;}">
         <Coords points="173,856 183,856 183,1229 173,1229"/>
      </SeparatorRegion>
      <SeparatorRegion id="r_61" custom="readingOrder {index:74;}">
         <Coords points="183,484 190,484 190,644 183,644"/>
      </SeparatorRegion>
      <SeparatorRegion id="r_62" custom="readingOrder {index:75;}">
         <Coords points="182,879 193,879 193,1227 182,1227"/>
      </SeparatorRegion>
      <SeparatorRegion id="r_63" custom="readingOrder {index:76;}">
         <Coords points="184,723 191,723 191,859 184,859"/>
      </SeparatorRegion>
      <SeparatorRegion id="r_64" custom="readingOrder {index:77;}">
         <Coords points="191,491 202,491 202,644 191,644"/>
      </SeparatorRegion>
      <SeparatorRegion id="r_65" custom="readingOrder {index:78;}">
         <Coords points="192,1082 197,1082 197,1226 192,1226"/>
      </SeparatorRegion>
      <SeparatorRegion id="r_66" custom="readingOrder {index:79;}">
         <Coords points="200,889 206,889 206,1083 200,1083"/>
      </SeparatorRegion>
      <SeparatorRegion id="r_67" custom="readingOrder {index:80;}">
         <Coords points="207,727 214,727 214,851 207,851"/>
      </SeparatorRegion>
      <SeparatorRegion id="r_68" custom="readingOrder {index:81;}">
         <Coords points="208,905 218,905 218,1107 208,1107"/>
      </SeparatorRegion>
      <SeparatorRegion id="r_69" custom="readingOrder {index:82;}">
         <Coords points="213,1132 218,1132 218,1227 213,1227"/>
      </SeparatorRegion>
      <SeparatorRegion id="r_70" custom="readingOrder {index:83;}">
         <Coords points="221,757 227,757 227,914 221,914"/>
      </SeparatorRegion>
      <SeparatorRegion id="r_71" custom="readingOrder {index:84;}">
         <Coords points="221,1124 226,1124 226,1237 221,1237"/>
      </SeparatorRegion>
      <SeparatorRegion id="r_72" custom="readingOrder {index:85;}">
         <Coords points="224,950 230,950 230,1081 224,1081"/>
      </SeparatorRegion>
      <SeparatorRegion id="r_73" custom="readingOrder {index:86;}">
         <Coords points="235,964 240,964 240,1084 235,1084"/>
      </SeparatorRegion>
      <SeparatorRegion id="r_74" custom="readingOrder {index:87;}">
         <Coords points="247,932 254,932 254,1063 247,1063"/>
      </SeparatorRegion>
      <SeparatorRegion id="r_75" custom="readingOrder {index:88;}">
         <Coords points="253,493 266,493 266,782 253,782"/>
      </SeparatorRegion>
      <SeparatorRegion id="r_76" custom="readingOrder {index:89;}">
         <Coords points="271,683 283,683 283,871 271,871"/>
      </SeparatorRegion>
      <SeparatorRegion id="r_77" custom="readingOrder {index:90;}">
         <Coords points="270,951 278,951 278,1240 270,1240"/>
      </SeparatorRegion>
      <SeparatorRegion id="r_78" custom="readingOrder {index:91;}">
         <Coords points="281,1006 289,1006 289,1238 281,1238"/>
      </SeparatorRegion>
      <SeparatorRegion id="r_79" custom="readingOrder {index:92;}">
         <Coords points="289,702 295,702 295,827 289,827"/>
      </SeparatorRegion>
      <SeparatorRegion id="r_80" custom="readingOrder {index:93;}">
         <Coords points="292,1001 304,1001 304,1234 292,1234"/>
      </SeparatorRegion>
      <SeparatorRegion id="r_81" custom="readingOrder {index:94;}">
         <Coords points="301,1068 311,1068 311,1220 301,1220"/>
      </SeparatorRegion>
      <SeparatorRegion id="r_82" custom="readingOrder {index:95;}">
         <Coords points="342,974 350,974 350,1086 342,1086"/>
      </SeparatorRegion>
      <SeparatorRegion id="r_83" custom="readingOrder {index:96;}">
         <Coords points="505,604 510,604 510,712 505,712"/>
      </SeparatorRegion>
      <SeparatorRegion id="r_84" custom="readingOrder {index:97;}">
         <Coords points="526,596 532,596 532,722 526,722"/>
      </SeparatorRegion>
      <SeparatorRegion id="r_85" custom="readingOrder {index:98;}">
         <Coords points="534,598 538,598 538,729 534,729"/>
      </SeparatorRegion>
      <SeparatorRegion id="r_86" custom="readingOrder {index:99;}">
         <Coords points="541,605 545,605 545,729 541,729"/>
      </SeparatorRegion>
      <SeparatorRegion id="r_87" custom="readingOrder {index:100;}">
         <Coords points="539,1177 557,1177 557,1405 539,1405"/>
      </SeparatorRegion>
      <SeparatorRegion id="r_88" custom="readingOrder {index:101;}">
         <Coords points="546,625 551,625 551,739 546,739"/>
      </SeparatorRegion>
      <SeparatorRegion id="r_89" custom="readingOrder {index:102;}">
         <Coords points="568,612 576,612 576,728 568,728"/>
      </SeparatorRegion>
      <SeparatorRegion id="r_90" custom="readingOrder {index:103;}">
         <Coords points="632,1146 639,1146 639,1266 632,1266"/>
      </SeparatorRegion>
      <SeparatorRegion id="r_91" custom="readingOrder {index:104;}">
         <Coords points="727,855 735,855 735,1045 727,1045"/>
      </SeparatorRegion>
      <SeparatorRegion id="r_92" custom="readingOrder {index:105;}">
         <Coords points="749,1157 756,1157 756,1292 749,1292"/>
      </SeparatorRegion>
      <SeparatorRegion id="r_93" custom="readingOrder {index:106;}">
         <Coords points="768,589 779,589 779,797 768,797"/>
      </SeparatorRegion>
      <SeparatorRegion id="r_94" custom="readingOrder {index:107;}">
         <Coords points="781,1187 785,1187 785,1273 781,1273"/>
      </SeparatorRegion>
      <SeparatorRegion id="r_95" custom="readingOrder {index:108;}">
         <Coords points="897,1170 906,1170 906,1315 897,1315"/>
      </SeparatorRegion>
      <SeparatorRegion id="r_96" custom="readingOrder {index:109;}">
         <Coords points="920,1173 929,1173 929,1318 920,1318"/>
      </SeparatorRegion>
      <SeparatorRegion id="r_97" custom="readingOrder {index:110;}">
         <Coords points="936,1175 945,1175 945,1320 936,1320"/>
      </SeparatorRegion>
      <SeparatorRegion id="r_98" custom="readingOrder {index:111;}">
         <Coords points="944,1176 952,1176 952,1327 944,1327"/>
      </SeparatorRegion>
      <SeparatorRegion id="r_99" custom="readingOrder {index:112;}">
         <Coords points="954,1177 960,1177 960,1287 954,1287"/>
      </SeparatorRegion>
      <SeparatorRegion id="r_100" custom="readingOrder {index:113;}">
         <Coords points="962,1178 968,1178 968,1310 962,1310"/>
      </SeparatorRegion>
      <SeparatorRegion id="r_101" custom="readingOrder {index:114;}">
         <Coords points="969,1202 974,1202 974,1314 969,1314"/>
      </SeparatorRegion>
      <SeparatorRegion id="r_102" custom="readingOrder {index:115;}">
         <Coords points="1046,1224 1052,1224 1052,1333 1046,1333"/>
      </SeparatorRegion>
      <SeparatorRegion id="r_103" custom="readingOrder {index:116;}">
         <Coords points="1081,621 1090,621 1090,815 1081,815"/>
      </SeparatorRegion>
      <SeparatorRegion id="r_104" custom="readingOrder {index:117;}">
         <Coords points="1082,1228 1089,1228 1089,1339 1082,1339"/>
      </SeparatorRegion>
      <SeparatorRegion id="r_105" custom="readingOrder {index:118;}">
         <Coords points="1116,1942 1131,1942 1131,3398 1116,3398"/>
      </SeparatorRegion>
      <SeparatorRegion id="r_106" custom="readingOrder {index:119;}">
         <Coords points="1123,1677 1131,1677 1131,1853 1123,1853"/>
      </SeparatorRegion>
      <SeparatorRegion id="r_107" custom="readingOrder {index:120;}">
         <Coords points="1161,1236 1168,1236 1168,1357 1161,1357"/>
      </SeparatorRegion>
      <SeparatorRegion id="r_108" custom="readingOrder {index:121;}">
         <Coords points="1169,1232 1176,1232 1176,1351 1169,1351"/>
      </SeparatorRegion>
      <SeparatorRegion id="r_109" custom="readingOrder {index:122;}">
         <Coords points="1177,1232 1185,1232 1185,1344 1177,1344"/>
      </SeparatorRegion>
      <SeparatorRegion id="r_110" custom="readingOrder {index:123;}">
         <Coords points="1186,1233 1193,1233 1193,1354 1186,1354"/>
      </SeparatorRegion>
      <SeparatorRegion id="r_111" custom="readingOrder {index:124;}">
         <Coords points="1194,1234 1201,1234 1201,1330 1194,1330"/>
      </SeparatorRegion>
      <SeparatorRegion id="r_112" custom="readingOrder {index:125;}">
         <Coords points="1253,1244 1259,1244 1259,1369 1253,1369"/>
      </SeparatorRegion>
      <SeparatorRegion id="r_113" custom="readingOrder {index:126;}">
         <Coords points="1264,742 1276,742 1276,1062 1264,1062"/>
      </SeparatorRegion>
      <SeparatorRegion id="r_114" custom="readingOrder {index:127;}">
         <Coords points="1273,573 1280,573 1280,742 1273,742"/>
      </SeparatorRegion>
      <SeparatorRegion id="r_115" custom="readingOrder {index:128;}">
         <Coords points="1275,802 1288,802 1288,1042 1275,1042"/>
      </SeparatorRegion>
      <SeparatorRegion id="r_116" custom="readingOrder {index:129;}">
         <Coords points="1284,555 1294,555 1294,802 1284,802"/>
      </SeparatorRegion>
      <SeparatorRegion id="r_117" custom="readingOrder {index:130;}">
         <Coords points="1345,638 1357,638 1357,865 1345,865"/>
      </SeparatorRegion>
      <SeparatorRegion id="r_118" custom="readingOrder {index:131;}">
         <Coords points="1371,641 1376,641 1376,727 1371,727"/>
      </SeparatorRegion>
      <SeparatorRegion id="r_119" custom="readingOrder {index:132;}">
         <Coords points="1409,1259 1418,1259 1418,1416 1409,1416"/>
      </SeparatorRegion>
      <SeparatorRegion id="r_120" custom="readingOrder {index:133;}">
         <Coords points="1430,643 1435,643 1435,731 1430,731"/>
      </SeparatorRegion>
      <SeparatorRegion id="r_121" custom="readingOrder {index:134;}">
         <Coords points="1458,647 1469,647 1469,913 1458,913"/>
      </SeparatorRegion>
      <SeparatorRegion id="r_122" custom="readingOrder {index:135;}">
         <Coords points="1473,1193 1482,1193 1482,1408 1473,1408"/>
      </SeparatorRegion>
      <SeparatorRegion id="r_123" custom="readingOrder {index:136;}">
         <Coords points="1482,739 1496,739 1496,979 1482,979"/>
      </SeparatorRegion>
      <SeparatorRegion id="r_124" custom="readingOrder {index:137;}">
         <Coords points="1482,1192 1493,1192 1493,1344 1482,1344"/>
      </SeparatorRegion>
      <SeparatorRegion id="r_125" custom="readingOrder {index:138;}">
         <Coords points="1492,608 1509,608 1509,870 1492,870"/>
      </SeparatorRegion>
      <SeparatorRegion id="r_126" custom="readingOrder {index:139;}">
         <Coords points="1620,841 1626,841 1626,968 1620,968"/>
      </SeparatorRegion>
      <SeparatorRegion id="r_127" custom="readingOrder {index:140;}">
         <Coords points="2109,783 2139,783 2139,1645 2109,1645"/>
      </SeparatorRegion>
      <SeparatorRegion id="r_128" custom="readingOrder {index:141;}">
         <Coords points="2159,2489 2174,2489 2174,3410 2159,3410"/>
      </SeparatorRegion>
      <SeparatorRegion id="r_129" custom="readingOrder {index:142;}">
         <Coords points="2166,265 2193,265 2193,2489 2166,2489"/>
      </SeparatorRegion>
      <SeparatorRegion id="r_130" custom="readingOrder {index:143;}">
         <Coords points="1378,1071 1383,1071 1383,1134 1378,1134"/>
      </SeparatorRegion>
      <SeparatorRegion id="r_131" custom="readingOrder {index:144;}">
         <Coords points="1392,1072 1398,1072 1398,1144 1392,1144"/>
      </SeparatorRegion>
      <SeparatorRegion id="r_132" custom="readingOrder {index:145;}">
         <Coords points="1400,1072 1406,1072 1406,1144 1400,1144"/>
      </SeparatorRegion>
      <SeparatorRegion id="r_133" custom="readingOrder {index:146;}">
         <Coords points="1479,1077 1484,1077 1484,1145 1479,1145"/>
      </SeparatorRegion>
      <SeparatorRegion id="r_134" custom="readingOrder {index:147;}">
         <Coords points="1504,1435 1514,1435 1514,1593 1504,1593"/>
      </SeparatorRegion>
      <SeparatorRegion id="r_135" custom="readingOrder {index:148;}">
         <Coords points="1727,1014 1731,1014 1731,1069 1727,1069"/>
      </SeparatorRegion>
      <SeparatorRegion id="r_136" custom="readingOrder {index:149;}">
         <Coords points="4,1905 16,1905 16,2129 4,2129"/>
      </SeparatorRegion>
      <SeparatorRegion id="r_137" custom="readingOrder {index:150;}">
         <Coords points="6,2666 15,2666 15,2800 6,2800"/>
      </SeparatorRegion>
      <GraphicRegion id="r_138" custom="readingOrder {index:151;}">
         <Coords points="114,551 158,551 158,640 114,640"/>
      </GraphicRegion>
   </Page>
</PcGts>
