3168 4807
2734 49 2939 100 ### 1811.
1342 76 1872 126 Innsbrucker Nachrichten
280 84 654 136 Seite 2. Nr. 148.
236 185 1127 242 vertrat eine Politik, die weniger die Befrie⸗
236 231 1129 297 digung der augenblicklichen Bedürfniſſe im
235 278 927 330 Auge hatte, als die Ordnung und Festigung
238 320 1052 384 der innerpolitiſchen Verhältniſſe überhaupt.
232 358 1092 421 war eine weitſichtigers-Politik der innerpoli⸗
238 407 1119 466 tiſchen Regeneration auf Grund einer klagles
236 453 1116 506 arbeitenden, allen Parteieinflüſſen, parlamenta⸗
238 497 1134 550 riſchen und außerparlamentariſchen, entrückten
237 541 1134 596 ſtaatlichen Verwaltung, die dem öſterreichiſchen
238 585 1134 640 Völkerſtaate nach ſeiner Anſicht noch weit not⸗
238 630 1134 685 wendiger iſt, als national einheitlichen Staa⸗
231 676 1135 728 ten. Darum machte er der unter Beck ein⸗
240 720 1135 775 geriſſenen Verwaltungsanarchie ein Ende, lehnte
237 764 1134 819 ein einſeitiges Eingreifen der Regierung zu⸗
237 809 1134 864 gunſten der einen oder der anderen Nationa⸗
240 852 1134 908 lität im Verordnungswege beharrlich ab und
237 897 1138 951 ließ ſich nie zu einem parlamentariſchen Tauſch⸗
243 940 1139 996 geſchäfte herbei. Unter dieſen Verhältniſſen
243 986 1139 1041 konnte das Verſtändigungswerk in Böhmen
240 1030 1134 1085 naturgemäß nur langſam vorwärts ſchreiten.
243 1073 1139 1129 Ausſchließlich auf dem Standpunkte des gel⸗
241 1119 1137 1172 tenden Rechtes ſtehend, erwartete Bienerth, daß,
241 1164 1140 1219 bei gleichzeitiger Konſolidierung der Verwaltung
243 1207 1139 1262 nud der Macht der Exekutive, die Zeit die
243 1252 1140 1306 Tſchechen einem billigen Ausgleiche gefügiger
244 1296 1141 1350 machen werde. Man hat ihm deshalb oft den
245 1340 1138 1396 Vorwurf der Untätigkeit gemacht, allein noch
246 1384 1142 1441 fehlt der Beweis, daß auf einem anderen Wege
246 1427 1142 1484 die böhmiſche Frage beſſer und raſcher zu löſen
244 1474 1143 1527 wäre. Fürſt Thun ſcheint ſich dahin aller⸗
246 1518 1142 1573 dings verbindlich gemacht zu haben. Sein Na⸗
244 1563 1143 1620 turell iſt ja auch mehr raſch zugreifender Art
246 1605 1142 1661 und es mag ihm der Gedanke vorſchweben, daß
249 1651 1145 1706 ſein perſönlicher Einfluß weit genug reicht, um
249 1695 1145 1749 Deutſche und Tſchechen in Böhmen zu einem
248 1739 1143 1796 Ausgleiche zu zwingen. Jedenfalls hat ſich
246 1783 1142 1838 die Auffaſſung einflußreicher Kreiſe hinſichtlich
250 1827 1146 1884 der böhmiſchen Frage in dieſem Sinne geän⸗
249 1863 1148 1927 dert, und da man auf die rechtzeitige Erledi⸗
278 1916 1146 1974 gung des Wehrgeſetzes das größte Gewicht legt,
355 1961 1148 2017 seine Geltung für eine längere Reihe von Jah⸗
250 2006 1149 2062 ren aber von der Zuſtimmung einer parlamen⸗
252 2051 1148 2110 tariſchen Zweidrittelmehrheit abhängt, die Po⸗
250 2095 1148 2150 litik des Fürſten Thun aber dieſen augenblick⸗
250 2139 1147 2194 lichen Erforderniſſen förderlicher zu ſein ſchien,
250 2181 1150 2239 als die des Freiherrn v. Bienerth, bedurfte
252 2230 1150 2283 es nur noch eines äußeren Anlaſſes, um den
252 2272 1150 2327 Rücktritt des letzteren herbeizuführen. Die
253 2317 1150 2373 chriſtlichſoziale Partei führte ihn herbei, in⸗
252 2352 1151 2417 dem ſie die bisherige parlamentariſche Arbeits⸗
253 2414 591 2461 mehrheit ſprengte.
298 2451 1153 2505 Ob ihre Führer dabei im Einverſtändniſſe
256 2496 1154 2551 mit jenen Kreiſen handelten, die mit der Bie⸗
256 2534 1155 2596 nert'ſchen Methode in der böhmiſchen Politik
255 2584 1154 2640 nicht einverſtanden waren, oder ob ſie nur
256 2627 1156 2685 aus Ärger über ihre Niederlage bei den Wahlen
255 2672 1155 2729 und über die Verſtärkung des deutſchen Natio⸗
257 2717 1156 2771 nalverbandes ſich abſeits ſtellten, iſt von neben⸗
258 2758 1156 2818 ſächlicher Bedeutung; wahrſcheinlicher iſt wohl
260 2805 1158 2863 die zweite Annahme; jedenfalls haben ſie da⸗
258 2851 1158 2906 mit den durch Bienerth eingeleiteten innerpoli⸗
257 2894 1156 2952 tiſchen Konſolidierungsprozeß unterbrochen und
261 2936 1159 2996 tragen für die möglichen Folgen die Verant⸗
260 2983 1160 3039 wortung. Überblicken laſſen ſich dieſe heute
258 3027 1157 3084 noch nicht. Zunächſt erſcheint der neue Mi⸗
1159 171 2056 232 niſterpräſident Freiherr v. Gautſch berufen, in
1157 217 2051 274 Wien und Statthalter Fürſt Thun in Prag
1214 262 2064 320 die Bedingungen für die angeſtrebte erweiterte
1380 298 2064 362 ###rische Mehrheit zu ſchaffen.
1283 345 2058 409 ### aber eine deutsch⸗tſchechiſche Koalition im
1451 394 2057 446 ###dnetenhause denkbar, ohne vorherige Ord⸗
1160 438 2059 496 nung der Verhältniſſe in Böhmen? Nein! Kein
1163 484 2056 540 deutscher Abgeordneter Böhmens würde wagen,
1164 530 2058 585 die Hand dazu zu bieten. Die böhmiſche Frage
1162 574 2059 630 bildet alſo wiederum den Schlüſſelpunkt der
1164 618 2060 674 innerpolitiſchen Situation, jene aber, die dieſe
1165 664 2059 719 Wendung herbeigeführt haben, haben damit auch
1166 706 2061 764 die Verantwortung auf ſich genommen, das Hin⸗
1165 752 2061 807 dernis zu beſeitigen, das bisher der Regelung
1166 791 2063 851 der böhmiſchen Verhältniſſe im Wege ſtand: den
1165 843 1639 895 Widerſtand der Tſchechen.
1211 882 2061 938 Eine Reihe von Anzeichen ſprechen dafür,
1168 928 2063 983 daß die Tſchechen alles daran ſetzen, um wieder
1170 971 2066 1029 an der Regierung teilnehmen zu können. Soll
1169 1015 2065 1074 ihnen die Erfüllung dieſes ihres Wunſches aber
1160 1059 2067 1116 noch extra bezahlt werden? Das wäre doch
1170 1105 2066 1160 die verkehrte Welt. Wollen die Tſchechen auf
1170 1150 2067 1206 die Leitung der ſtaatlichen Politik wieder un⸗
1170 1194 2066 1248 mittelbaren Einfluß nehmen, dann müſſen ſie
1171 1237 2066 1293 das möglich machen, und zwar dadurch, daß
1169 1281 2065 1336 ſie zu den Deutſchen in Böhmen in eine Stel⸗
1172 1327 2068 1381 lung rüchen, die ein friedliches Nebeneinander
1173 1370 2069 1425 nicht von Vorneherein ausſchließt, das heißt, ſie
1173 1415 2069 1469 müſſen den Deutſchen in Böhmen das nationale
1174 1464 1691 1515 Exiſtenzminimum gewähren.
1218 1502 2071 1557 Das Schichſal der Miſſionen des Freiherrn
1174 1548 2071 1603 v. Gautſch und des Fürſten Thun liegt alſo
1174 1592 2072 1647 in der Hand der Tſchechen und in erſter Linie
1172 1636 2070 1693 wird es die Aufgabe des Fürſten Thun ſein,
1175 1681 2073 1737 durch Gewinnung der Tſchechen für die bekann⸗
1177 1725 2072 1780 ten deutſchen Minimalforderungen den Beweis
1177 1768 2074 1825 dafür zu erbringen, daß die Darſtellung der
1171 1814 2073 1867 Verhältniſſe in Böhmen, mit der er die Not⸗
1175 1856 2076 1915 wendigkeit einer Änderung der Methode in der
1177 1901 2074 1956 böhmiſchen Frage an entſcheidender Stelle be⸗
1179 1951 1675 2001 gründete, zutreffend war.
1495 2039 1755 2101 Albanien.
1223 2121 2072 2179 Aus Albanien kommen ſeit einigen Tagen
1178 2169 2071 2223 wieder beſſere Nachrichten, ſo daß man ſich
1179 2213 2073 2269 wieder der Hoffnung hingeben kann, der al⸗
1178 2259 2074 2314 baniſche Aufſtand werde vorübergehen, ohne zu
1180 2303 2075 2358 internationalen Aktionen und Schwierigkeiten
1179 2348 2075 2404 und zur abermaligen Aufrollung der Balkan⸗
1182 2391 2076 2448 frage zu führen. Dieſe Wendung zum Beſſern
1181 2437 2074 2492 iſt ohne Zweifel zunächſt der Sultansreiſe,
1183 2483 2077 2536 dann aber den von den Mächten in Cetinje
1183 2528 2078 2583 unternommenen Schritten zu danken. Der Sul⸗
1184 2572 2078 2628 tan iſt nach Konſtantinopel heimgekehrt, ſeine
1184 2617 2079 2673 Reiſe aber hat auf die geſamte mohammeda⸗
1184 2660 2081 2717 niſche Bevölkerung Albaniens den nachhaltig⸗
1185 2705 2078 2764 ſten Eindruck gemacht und dieſer Eindruck wird
1185 2751 2082 2805 die nicht mohammedaniſchen Albaneſen jeden⸗
1187 2797 2083 2853 falls dahin belehren, daß eine Ausdehnung
1187 2838 2083 2896 ihrer Aufſtandsbewegung auf die Mohamme⸗
1188 2885 2085 2941 daner ausgeſchloſſen iſt. Die Sultansreiſe hat
1189 2929 2084 2991 der Türkei gleichzeitig Gelegenheit gegeben, die
1188 2974 2085 3031 zweifellos ſchon geplante, dann noch von Öſter⸗
1190 3020 2085 3077 reich⸗Ungarn angeregte Verſöhnungsgeſte zu ma⸗
2086 153 2981 212 chen und den Albaneſen ### zum Frieden
2082 200 2981 257 zu reichen. Darüber schweben nun Verhand⸗
2085 244 2982 302 lungen zwiſchen den ###rern der Aufſtändiſchen
2087 289 2981 345 auf der einen und den türkiſchen Behörden auf
2086 335 2982 389 der anderen Seite. Dieſe Verhandlungen ſind
2087 379 2982 436 naturgemäß ſehr ſchwierig, ſie ſind umſo ſchwie⸗
2088 424 2982 480 riger, als, wie es ſcheint, Montenegro dabei
2090 468 2983 524 eine nicht gerade ſehr freundliche und fried⸗
2087 514 2983 568 liche Hand im Spiele hat. Die geiſtigen Füh⸗
2089 558 2982 614 rer der Aufſtändiſchen weilen längſt nicht mehr
2092 603 2982 658 auf türkiſchem Boden, ſie ſind nach Montenegro
2089 648 2984 703 übergetreten und lenken von dort in aller
2091 693 2982 747 Ruhe und Sicherheit die Aufſtandsbewegung.
2091 736 2985 792 Bisher hatte nun Montenegro die Vermittlung
2092 781 2985 836 zwiſchen den Türken und dieſen Führern in der
2092 825 2989 882 Hand gehabt, und dabei gingen die Dinge aus
2093 871 2987 926 naheliegenden Gründen nicht vorwärts. Nun
2093 915 2987 968 hat aber die Türkei, wie es ſcheint, in Cetinje
2093 960 2989 1017 und in St. Petersburg energiſche Döne ge⸗
2095 1004 2988 1058 redet und dabei haben die Mächte, in erſter
2092 1049 2989 1104 Linie Öſterreich⸗Ungarn und Deutſchland, die
2096 1094 2988 1149 Türkei nach Kräften unterſtützt. Da hat König
2096 1139 2989 1194 Nikolaus ſeine Hand aus den Verhandlungen
2097 1182 2988 1238 gezogen und die Führer der Aufſtändiſchen
2098 1228 2986 1281 direkt an den türkiſchen Geſandten gewieſen.
2097 1272 2989 1327 Der iſt nunmehr nach Podgoritza, wo ſich die
2097 1316 2988 1371 Führer der Aufſtändiſchen befinden, abgereiſt,
2099 1360 2993 1416 hat dort verhandelt und ſcheint mit verhält⸗
2098 1407 2990 1461 nismäßig guten Eindrücken zurückgekehrt zu
2098 1449 2991 1506 sein. Jedenfalls gehen die Dinge nunmehr
2100 1506 2410 1542 etwas vorwärts.
2143 1550 2995 1602 Die Nachrichten aus Cetinje laſſen jedoch
2100 1593 2994 1651 keinen Zweifel darüber, daß der König, wenn
2103 1639 2993 1694 er auch den Vertretern der Mächte gegenüber
2103 1683 2996 1738 ſich recht verſöhnlich zeigt, doch alles tut, um
2104 1727 2996 1782 die Lage zu verwirren und aus dem albaniſchen
2104 1772 2994 1827 Aufſtand eine internationale Frage zu machen,
2103 1817 3008 1871 bei der Montenegro nichts zu verlieren, aber
2103 1861 2999 1917 manches zu gewinnen hat. Wenn aus Cetinje
2105 1905 2997 1960 gemeldet wird, daß die Aufſtändiſchen die Ga⸗
2104 1950 3000 2006 rantie einer europäiſchen Macht für die Durch⸗
2104 1993 2997 2052 führung der türkiſchen Zuſagen verlangten, ſo
2106 2039 3002 2095 wird man in dieſer Meldung wohl einen Wunſch
2106 2084 3005 2139 des Königs Nikita zu ſehen haben, den die⸗
2104 2128 3000 2185 ſer den Aufſtändiſchen einzublaſen gewiß nicht
2107 2174 3001 2230 verfehlt hat. Die Mächte werden ſich ohne
2108 2220 3002 2274 jeden Zweifel auf dieſes montenegriniſche Manö⸗
2108 2264 3003 2319 ver nicht einlaſſen und die Angelegenheit nach
2109 2308 3000 2362 wie vor als eine innertürkische Sache behan⸗
2110 2353 3003 2407 deln. Wenn die Mächte ernſtlich wollen, fehlt
2111 2398 3002 2451 es ihnen nicht an Mitteln, dem unterneh⸗
2113 2440 3003 2496 mungsluſtigen Nikita Zügel anzulegen. Nikita
2111 2486 3002 2540 kann die ruſſiſchen Subſidien nicht entbehren.
2112 2531 3005 2586 Entſchließt ſich Rußland dazu, deutlich zu wer⸗
2113 2576 3004 2631 den, ſo fallen die ganzen montenegriniſchen
2111 2619 3008 2675 Intriguen zu Boden. Montenegro iſt arm, und
2112 2664 3006 2718 Summen von ein paar tauſend Rubeln ſind
2112 2715 2482 2764 ſchon Lebensfragen.
2159 2761 3006 2813 Unter .dieſen Umſtänden wird, da man an
2116 2804 3004 2859 dem Willen aller Mächte, die Sache zur Ruhe
2118 2848 3007 2905 zu bringen, nicht zweifeln kann, die albaniſch
2117 2893 3007 2947 Frage Europa nicht der Sommerruhe berau⸗
2117 2948 2185 2985 ben.
262 3128 1160 3182 oder Rodeneck und erhielt einen Sohn Arnold
263 3173 1161 3227 v. Rodank, welcher ſomit Stiefbruder der zwei
264 3217 1163 3271 Edlen v. Taufers war. Letztere gerieten nun mit
265 3261 1162 3314 dem Stiefbruder und deſſen Söhnen Arnold
265 3306 1164 3361 und Friedrich ſeit ungefähr 1240 in lange Erb⸗
267 3351 1165 3407 ſchaftsſtreitigkeiten und Fehden. Um ihre eigene
267 3395 1164 3452 Herrſchaft zu ſichern und zugleich einen günſti⸗
268 3438 1167 3498 gen Angriffspunkt gegen ihre verwandten Gegner
268 3482 1166 3541 zu haben, erbauten die Gebrüder von Taufers
270 3529 1168 3588 zwiſchen 1240 bis 1245 eine neue Burg an
271 3573 1167 3630 der Südgrenze ihrer Beſitzungen gegen die den
270 3618 1166 3675 Rodeneckern gehörige Herrſchaft Schöneck, nach
271 3662 1169 3719 dem Schloſſe zwiſchen Kiens und Pfalzen ge⸗
271 3707 1170 3764 nannt. Dieſe Burg hieß „Das neue Schloß“
274 3753 1171 3807 oder „Neuhaus“, im Gegenſatz zum alten
273 3804 686 3853 Stammſchloß Taufers.
318 3841 1173 3894 Der Bau erbitterte die Rodenecker aufs äußerte
275 3886 1171 3944 und es begannen neue Fehden. Im Jahre 1245
276 3930 1173 3985 kam es durch Vermittlung des Biſchofs Egno
277 3975 1174 4031 von Brixen, welcher als ein Graf von Eppan
277 4020 1175 4075 mit beiden Parteien enge verwandt war, zu
279 4064 1175 4120 einem Vertrage, wornach die Herren von Tau⸗
279 4108 1177 4165 fers Neuhaus abbrechen und nicht wieder auf⸗
279 4152 1177 4207 bauen ſollten. Allein dieſe gingen darauf nicht
282 4198 1177 4254 ein, die Fehde ſetzte ſich fort und während der⸗
283 4241 1178 4303 ſelben ſtarb oder fiel Hugo von Taufers. Ulrich
281 4285 1180 4343 behauptete ſich im weiteren Kampfe im Beſitz
284 4330 1182 4386 von Neuhaus und die Rodenecker mußten ſchließ⸗
284 4386 542 4433 lich nachgeben.
328 4417 1183 4474 Ulrich von Taufers hatte zwei Söhne, wieder
1192 3118 2090 3174 Ulrich und Hugo genannt. Dieſe teilten ihren
1193 3159 2088 3215 Beſitz ſo, daß der ältere auf Taufers, der
1193 3206 2092 3261 jüngere, Hugo, auf Neuhaus ſeinen Sitz auf⸗
1194 3249 2090 3305 ſchlug. Hier urkundet letzterer z. B. 1296, 1300
1194 3294 2089 3349 und ſpäter. Nachdem aber ſein Bruder Ulrich
1196 3338 2091 3393 verhältnismäßig früh mit Hinterlaſſung eines
1195 3382 2092 3438 unmündigen Sohnes, auch Ulrich genannt, ſtarb,
1196 3427 2094 3482 ſo übernahm Hugo die Vormundſchaft und die
1198 3471 2090 3526 Herrſchaft über das ganze Beſitztum des Hauſes.
1198 3516 2096 3571 Deswegen finden wir ihn auch abwechſelnd auf
1199 3560 2094 3614 dem Schloſſe Taufers. Schließlich wußte er es
1199 3605 2096 3660 dahin zu bringen, daß infolge Erbteilung
1199 3649 2095 3705 mit ſeinem volljährig gewordenen Neffen Ulrich
1200 3691 2096 3749 dieſem Herrſchaft und Burg Neuhaus,
1202 3737 2099 3793 ihm ſelbſt aber die Herrſchaft Taufers im enge⸗
1201 3782 2100 3846 ren Sinne zufiel, doch mit gemeinſchaftlichem
1203 3826 2096 3882 Rechte auf die Burgen Uttenheim, Neuhaus uſw.
1204 3871 2101 3926 Selbſt das Dorf Gais wurde zwiſchen beiden ge⸗
1204 3915 2101 3970 teilt. Daher treffen wir Hugo fortan mehrmals
1205 3960 2102 4015 wieder auf Neuhaus. Hier ſtarb er auch im
1206 4005 2104 4061 Frühjahre von 1309 während einer Fehde mit der
1205 4050 2104 4105 biſchöflich Brixen'ſchen Stadt Bruneck. Er wurde
1206 4093 2104 4149 ſeinem Wunſche gemäß bei den Klariſſen zu
1208 4138 2105 4194 Brixen begraben. Hugo hinterließ nur eine ein⸗
1209 4182 2105 4241 zige Erbtochter Agnes. Mit dieſer begann ihr
1209 4226 2108 4282 Vetter Ulrich von Neuhaus einen Kampf um
1211 4271 2105 4326 das Erbe von Taufers. Wenn zwei ſtreiten,
1212 4316 2105 4371 freut ſich ein dritter hierüber. So ging es auch
1213 4359 2106 4418 hier. Der damalige Herr der Grafſchaft Tirol,
1212 4404 2109 4463 Herzog Heinrich von Kärnten, Titularkönig von
2120 3107 3009 3161 Böhmen, aus der älteren Linie der Grafen vor
2122 3151 3011 3207 Görz, legte ſich zu Gunſten der Agnes v. Tau⸗
2122 3194 3014 3250 fers ins Mittel, ſprach ihr Taufers zu, verhei⸗
2121 3238 3011 3293 ratete ſie mit einem ſchwäbiſchen Grafen vor
2123 3282 3013 3339 Kirchberg und bedang ſich das Vorkaufsrecht vor
2122 3328 3013 3381 Taufers aus, falls ſie mit ihrem Manne außer
2122 3366 3013 3428 Landes gehen wollte. Dies geſchah tatſächlich in
2125 3415 3013 3469 Jahre 1315, und ſo wurde Taufers tiroliſch.
2168 3460 3014 3515 Ulrich von Neuhaus, welcher in der ganzer
2125 3505 3015 3560 Angelegenheit den Kürzeren gezogen hatte, hei⸗
2125 3550 3015 3604 ratete eine Gräfin Katharina aus der jüngerer
2125 3593 3018 3649 Linie des Hauſes Görz und ſcheint ein unbe⸗
2128 3638 3018 3693 dingtes Vermächtnisrecht über ſeine Herrſchaft
2127 3683 3018 3738 zugeſtanden erhalten zu haben. Er bekam aber
2130 3727 3019 3781 keine Kinder und ſtarb als der letzte männlich
2129 3771 3019 3828 Sproſſe des Hauptlinie v. Taufers im Fahr
2132 3815 3020 3869 1337. Er wurde wahrſcheinlich Ebenfalls in Bri⸗
2129 3859 3020 3915 xen begraben. Seine Witwe Katharina erhiel
2131 3904 3020 3958 die Herrſchaft Neuhaus zugeſprochen und ver⸗
2133 3945 3019 4002 erbte dieſelbe an ihre Verwandten, die Grafer
2134 3991 3025 4048 von Görz jüngerer Linie. Infolge Erbvertrage
2135 4038 3022 4092 des Hauſes Habsburg mit dieſer fiel nach den
2135 4082 3024 4138 Ausſterben derſelben mit dem Grafen Leonhard
2135 4126 3024 4184 v. Görz im Jahre 1500 auch Neuhaus an Ti⸗
2134 4171 3024 4227 rol. Es geſchah dies zur Zeit der Regierung
2137 4219 2552 4279 König Maximilians I.
2180 4259 3021 4317 Wie ſchon vorher unter den Görzer Grafen
2137 4302 3027 4358 ſo ſtand die kleine Herrſchaft Reuhaus auch
2138 4348 3024 4403 unter den Habsburgern ſeit 1500 in der Ver⸗
2138 4391 3018 4450 waltung von Pfand-, Lehensinhabern und Pfle⸗
